3202 5194
152 383 264 434 aomar.
279 363 364 446 mm]
648 381 689 424 nn
702 381 780 424 usos
794 379 855 424 nm.
1319 370 1356 428 71

152 523 317 602 intentione,
333 524 406 603 qnia
419 521 580 584 destinabat
593 524 649 583 boo
662 524 765 602 faeere,
780 521 833 584 sed
846 522 949 602 reipsa,
971 521 1040 601 quia
1060 524 1186 584 cessavit
1205 524 1243 584 ab
1264 526 1357 604 operi·

153 606 204 665 bus
226 605 304 683 suie3
328 609 358 664 2.
375 603 537 664 Destinatio
558 624 617 664 non
639 604 755 664 demum
778 604 855 666 facta
878 613 923 664 est
942 605 998 664 boc
1023 604 1078 681 die,
1101 605 1153 664 sed
1172 605 1209 665 ab
1230 614 1355 686 asterno;

153 686 192 744 sic
205 685 261 745 dici
274 694 377 764 posset
391 685 472 745 Deus
486 683 680 744 sanctificasse
694 685 771 744 diem
786 684 945 762 Paschatis,
961 692 991 745 et
1002 685 1195 762 Pentecostes,
1207 687 1276 764 quia
1286 695 1356 749 tune

153 765 181 822 in
193 766 287 824 animo
300 765 407 826 habuit
419 765 487 824 illos
501 764 688 825 smotificare.
730 768 758 826 3.
774 765 849 825 Exc.
863 767 883 800 “
899 765 982 825 Licet
996 764 1077 828 Deus
1091 773 1160 826 tunc
1173 767 1356 828 benedixerit

154 845 207 904 diei
220 847 352 924 septimo,
367 864 427 904 non
440 845 571 922 sequitur
586 852 656 904 tunc
671 843 787 906 Adamo
800 843 1011 924 praescripsisse
1030 845 1119 925 hujus
1139 846 1197 906 diei
1217 847 1354 907 observa·

154 925 253 984 tionem
264 928 299 1002 3¹³
321 925 472 984 nonenim
487 925 623 985 continuo
637 925 744 1002 quibus
757 926 844 986 rebus
860 925 1007 987 benedicit
1021 925 1110 1002 Deus,
1124 946 1175 986 eas
1189 927 1355 988 custodien-

155 1004 201 1064 das
212 1006 358 1083 praccipit3
379 1004 549 1066 benedicere
563 1013 592 1065 et
606 1004 785 1066 sanctificare
799 1014 867 1065 sunt
880 1005 1008 1065 actiones
1020 1006 1085 1082 Dei,
1094 1026 1153 1066 non
1166 1017 1287 1085 nostrae;
1309 1007 1354 1070 At

154 1094 322 1164 praeceptum
337 1093 383 1146 est
396 1085 433 1144 de
447 1085 609 1144 actionibus
622 1083 757 1144 hominis.
798 1084 836 1145 R.
853 1085 913 1146 Sed
924 1105 992 1146 eum
1005 1086 1168 1147 benedictio
1181 1097 1212 1148 et
1226 1088 1352 1148 sanctifi·

152 1165 222 1224 catio
235 1185 295 1226 nou
308 1166 360 1224 liat
374 1173 508 1242 respectu
519 1164 584 1241 Dei,
600 1164 652 1225 sed
670 1164 813 1240 hominis,
835 1165 903 1224 binc
920 1173 1002 1243 patet
1020 1166 1115 1226 Deum
1136 1187 1195 1228 non
1215 1167 1246 1226 in
1263 1169 1354 1229 aliurn

151 1243 231 1303 finem
245 1246 324 1306 diem
337 1247 427 1306 istum
441 1244 644 1320 mnctificasse,
660 1244 700 1305 id.
715 1243 752 1306 ab
764 1263 821 1306 usu
844 1243 990 1306 communi
1003 1263 1152 1324 separasse
1161 1257 1192 1308 et
1205 1267 1288 1309 sacro
1302 1248 1353 1310 de-

150 1324 265 1402 dicasse,
276 1345 366 1404 quem
381 1333 414 1385 ut
423 1325 461 1383 ab
475 1324 591 1384 bomine
604 1323 740 1402 religiose
753 1323 965 1386 observaretur.

150 1469 367 1516 ,Mami-
450 1404 510 1464 IX.
533 1403 676 1480 Secundo,
692 1403 767 1480 Quia
787 1405 862 1464 Erro.
877 1402 939 1464 xvi.
953 1407 1002 1482 23,
1016 1405 1125 1467 mentio
1145 1405 1179 1467 fit
1201 1407 1350 1488 Sabbathi,
1372 1432 1378 1437 ·

214 1527 299 1586 ,m
408 1492 547 1562 tanquam
558 1485 620 1562 jam
634 1485 697 1544 noti
717 1493 748 1544 at
770 1484 897 1545 solennis
917 1485 993 1546 inter
1007 1486 1155 1548 Israelitas
1173 1496 1241 1548 ante
1258 1489 1352 1568 ipsam

409 1565 499 1641 Legis
511 1563 781 1642 promulgationem,
793 1565 824 1624 in
838 1565 955 1626 datione
967 1581 1095 1644 mannss3
1109 1585 1200 1645 quum
1211 1567 1353 1646 jubentur

150 1644 281 1722 colligere
296 1643 344 1704 die
359 1651 443 1704 sexto
458 1644 576 1722 duplam
589 1662 762 1722 mensuram,
775 1664 835 1722 qua
854 1654 974 1723 possent
991 1645 1071 1724 pasci
1085 1646 1132 1706 die
1146 1656 1274 1709 sextoet
1288 1669 1352 1727 sep·

149 1726 223 1802 timo,
238 1724 320 1803 quod
335 1724 516 1784 Sabbatbmn
536 1732 599 1784 erat
613 1725 740 1785 Domini.
782 1727 801 1759 ‘⁴
816 1723 897 1786 Illud
916 1727 990 1801 est,”
1011 1725 1115 1803 inquit,
1132 1729 1151 1760 “
1165 1727 1245 1804 quod
1259 1728 1353 1788 edixit

151 1805 272 1881 debora,
283 1804 384 1882 Quies,
402 1804 582 1865 sabbathum
597 1811 729 1864 sanctm
742 1812 788 1864 est
801 1803 927 1864 Jebovae
946 1821 1030 1881 eraa3
1051 1803 1132 1882 quod
1145 1806 1256 1866 coctnri
1271 1808 1350 1886 estis,

150 1887 260 1962 coquite
284 1884 403 1961 bodie‚'’
425 1892 456 1944 et
468 1905 498 1944 v.
508 1887 556 1960 26,
574 1887 592 1918 ‘⁴
606 1903 659 1945 serr
682 1884 785 1944 diebus
806 1883 961 1962 colligetis,
975 1882 1107 1944 diesem
1130 1885 1262 1964 septimo,
1279 1887 1352 1948 Sab-

150 1964 241 2042 batha,
255 1984 317 2024 non
331 1965 416 2040 erit,''
431 1974 461 2025 et
473 1984 503 2024 v.
516 1968 563 2042 29,
575 1967 594 1999 “
604 1964 795 2040 considerate,
805 1964 876 2041 quia
886 1965 968 2024 Deus
980 1961 1063 2026 dedit
1070 1964 1156 2024 vobis
1169 1965 1264 2044 ipsum
1279 1967 1351 2027 Sab-

149 2045 272 2122 bathum,
287 2053 405 2105 manete
419 2044 542 2122 quisque
555 2045 587 2104 in
599 2045 673 2121 loco,
687 2063 725 2104 ne
739 2054 825 2105 exeat
838 2044 992 2122 quisquae
1012 2043 1077 2104 loco
1090 2045 1174 2122 suo,”
1189 2045 1301 2108 sedicet
1314 2047 1353 2108 ad

148 2126 342 2204 colligendum
355 2145 471 2201 manna,
488 2127 506 2158 ‘⁶
521 2125 563 2184 sic
576 2123 744 2202 quiescebat
756 2124 881 2203 populus
900 2124 1024 2202 septimo
1036 2121 1115 2200 die,'’
1129 2125 1209 2203 quod
1222 2124 1280 2186 dici
1293 2145 1352 2187 non

149 2216 249 2282 posset,
265 2206 324 2265 nisi
334 2205 398 2283 jam
412 2213 475 2264 tum
491 2203 670 2265 Sabbatbum
684 2204 848 2264 institutum
870 2203 974 2264 fnisset
995 2213 1025 2265 et
1046 2213 1221 2284 praeceptum
1244 2207 1350 2268 aDeo.

150 2285 206 2345 Nec
219 2285 317 2363 excipi
330 2285 439 2362 debet3
461 2285 520 2344 Hic
533 2284 650 2345 demum
664 2285 828 2345 institutum
849 2285 947 2362 fuisse
962 2303 1053 2363 quum
1068 2286 1211 2346 Dominus
1231 2287 1273 2348 ait
1286 2307 1353 2348 erm

140 2369 269 2440 suna-rm
283 2367 466 2425 Scdbettnm.
508 2363 583 2440 Quis
596 2363 855 2442 quomodocunque
873 2364 995 2443 legatur,
1011 2365 1074 2426 sire
1087 2385 1153 2426 mua
1172 2377 1221 2444 ert,
1235 2376 1270 2428 nt
1290 2369 1352 2447 ple·

148 2446 224 2525 rique
238 2447 418 2524 Interpretes
432 2452 558 2519 vertunt,
574 2444 636 2504 sive
651 2445 682 2504 in
695 2445 792 2505 fanno
806 2465 872 2505 cros
884 2445 946 2521 erit,
961 2453 995 2505 ut
1008 2445 1059 2504 elii
1071 2447 1212 2524 nonnulli,
1228 2467 1352 2525 quorum
1426 2519 1429 2528 Ι

148 2535 276 2586 nannum
287 2535 333 2586 est
346 2524 378 2583 in
388 2525 520 2601 Hshmo,
533 2525 590 2584 hoc
603 2545 662 2585 non
675 2533 757 2585 notat
769 2523 892 2602 primam
908 2523 1050 2585 Sabbatbi
1063 2525 1283 2604 institutionem,
1299 2527 1352 2588 sed

147 2615 255 2668 uuum
269 2607 336 2686 ejus
357 2605 603 2665 confirmationem
625 2613 656 2666 et
675 2605 867 2665 hortationem
889 2601 928 2664 ad
947 2604 1022 2665 illud
1042 2605 1097 2666 rita
1118 2605 1349 2686 observandum

146 2707 196 2747 nee
209 2695 269 2747 tam
295 2685 425 2746 solennis
446 2685 504 2744 diei
525 2683 670 2745 institutio
692 2693 751 2745 tam
773 2683 895 2745 obscure
915 2683 979 2744 fieri
998 2681 1106 2762 debuit,
1129 2686 1182 2746 sed
1203 2687 1352 2748 solennem

146 2769 229 2827 etism
243 2775 274 2828 et
288 2767 399 2827 claram
411 2766 548 2844 precepti
562 2765 655 2824 divini
669 2765 892 2825 declarationem
905 2761 1013 2824 habere
1026 2763 1135 2825 debuit.

450 2845 493 2905 X.
514 2845 622 2922 Tertio,
647 2845 723 2920 Quia
744 2845 835 2905 verbe
859 2844 1002 2923 Praecpti
1024 2841 1129 2922 quarti,
1154 2844 1353 2908 “Recordare

185 2911 349 3019 3ΕὲΕὲοὼ
408 2924 467 2984 diei
483 2925 631 3002 sabbathi,
648 2933 683 2986 nt
704 2925 865 2985 sanctifices
886 2923 1000 3000 illum,”
1019 2941 1079 2984 non
1092 2923 1214 2984 obscure
1228 2923 1353 2985 innuunt

409 3005 519 3083 Legem
532 3007 607 3064 banc
620 3025 680 3065 non
693 3013 764 3065 tunc
776 3003 869 3081 primo
883 3002 981 3063 datam
994 3001 1092 3078 titisse,
1115 3003 1168 3062 sed
1180 3010 1293 3062 tentum
1307 3024 1351 3063 re-

147 3093 292 3160 novatam,
305 3093 458 3164 postquam
472 3084 503 3144 in
523 3085 744 3145 desuetudinem
756 3081 850 3142 veluti
869 3079 988 3158 abierat,
1003 3088 1037 3141 ut
1057 3099 1155 3140 curam
1175 3081 1353 3160 singularem

150 3165 181 3222 in
201 3164 258 3223 bac
277 3185 310 3223 re
329 3165 507 3242 adhiberent,
522 3183 576 3224 nec
597 3174 699 3242 postea
719 3161 867 3223 traderem
886 3159 942 3221 boc
962 3160 1130 3220 mandatum
1152 3160 1302 3239 oblivioni,
1317 3169 1351 3224 ut

148 3251 233 3303 autes
247 3243 383 3321 fecerant3
406 3244 486 3322 quod
499 3245 589 3303 verba
602 3243 754 3322 mquentia
767 3241 945 3317 confirmant,
961 3239 1011 3300 ubi
1031 3240 1136 3319 repetit
1152 3241 1292 3301 rationem
1306 3242 1350 3301 in·

146 3324 304 3385 stitutionis
313 3325 429 3385 allatam
445 3325 520 3384 Gen.
531 3324 572 3399 ii,
584 3324 620 3384 de
634 3322 733 3401 requie
745 3319 810 3398 Dei,
825 3330 856 3382 et
868 3319 1069 3381 benedictione
1079 3339 1114 3380 ac
1125 3321 1351 3383 sanctificatione

145 3403 201 3464 diei
215 3405 341 3482 septimi,
356 3403 435 3483 quod
449 3403 520 3464 setis
539 3402 650 3464 indicat
665 3402 845 3463 Sabbatbum
858 3409 921 3462 tum
941 3401 1105 3461 institutum
1119 3400 1216 3478 briaae,
1232 3402 1349 3480 quando

145 3485 215 3545 ratio
233 3485 289 3544 illa
311 3486 409 3544 locum
429 3483 540 3545 habuit.
583 3483 670 3543 Unde
686 3483 777 3543 Calui.
801 3481 834 3540 in
848 3479 943 3540 Exod.
958 3499 1010 3540 xx.
1026 3483 1073 3556 ll,
1090 3483 1108 3516 ‘²
1123 3481 1172 3540 Ex
1185 3483 1241 3541 hoc
1254 3484 1350 3560 loeo,”

144 3565 243 3643 inquit,
261 3568 281 3599 ‘⁴
295 3563 439 3642 probabili
453 3563 620 3624 con'ectnra
633 3562 755 3636 elicitur,
774 3559 914 3621 Sabbatbi
928 3560 1110 3638 sanctitatem
1124 3560 1213 3621 inisse
1225 3561 1351 3639 priorem

145 3643 231 3723 Lege.
275 3645 316 3705 Et
341 3651 417 3704 cette
442 3663 482 3720 qu
544 3650 612 3702 ante
636 3641 768 3701 narravit
788 3641 896 3717 Moses,
911 3639 1018 3700 vetitos
1041 3639 1132 3700 briaae
1155 3641 1203 3700 die
1227 3641 1351 3720 septimo

143 3743 247 3784 manna
266 3725 414 3802 colligere,
429 3723 546 3782 videtur
566 3741 606 3781 ex
626 3729 743 3800 recepta
763 3720 866 3780 notitia
885 3729 991 3780 etusu
1010 3727 1167 3799 sumptum.
1208 3721 1248 3780 Et
1262 3741 1351 3798 quum

144 3804 222 3864 Deus
236 3803 348 3865 sanctia
362 3801 513 3863 tradiderit
526 3801 708 3862 medicandi
718 3801 814 3878 ritum,
825 3798 962 3860 credibile
976 3817 1036 3860 non
1049 3807 1102 3876 est,
1112 3800 1248 3860 omissam
1263 3801 1351 3860 brisso

144 3883 286 3945 Sabbatbi
300 3881 563 3944 obsarrauonem”
1095 3925 1103 3942 .

448 3961 509 4021 XI.
531 3962 650 4037 Quarto,
673 3960 722 4020 Ex
743 3958 820 4019 Heb.
841 3958 883 4018 ir.
904 3961 931 4034 3,
947 3961 976 4034 4,
993 3957 1044 4018 ubi
1065 3955 1227 4036 Apostolus
1246 3958 1351 4036 proba·

165 4029 187 4074 ⁴
200 4029 361 4144 Effffil·
406 4048 490 4100 turns
510 4041 618 4135 populo
639 4041 697 4100 Dei
718 4058 867 4132 superesse
888 4037 983 4132 edhuc
1006 4037 1230 4130 sabbatismum,
1245 4036 1285 4097 id
1306 4059 1351 4099 re·

141 4200 255 4260 susas
270 4221 305 4260 a
319 4201 386 4260 0101
426 4115 1351 4278 iidsiiiffpii‘riiiiiidffiiiiridiiii.iiii]

140 4301 206 4358 qum
220 4281 300 4358 citat,
314 4280 448 4342 “duravi
460 4280 492 4338 in
505 4281 549 4339 ira
562 4299 635 4356 mea,
650 4280 682 4338 Si
692 4297 820 4356 unquam
833 4274 1034 4354 ingrediantur
1047 4275 1078 4336 in
1088 4277 1216 4354 requiem
1227 4279 1351 4354 meam,”

139 4381 177 4419 eo
187 4361 355 4421 necessario
368 4358 520 4419 referenda
532 4379 606 4436 esee,
623 4358 697 4434 Quia
711 4377 777 4418 cum
789 4356 938 4434 Scriptura
946 4355 1082 4434 loquatur
1092 4365 1204 4416 tantum
1215 4355 1251 4412 de
1260 4354 1353 4415 tribus

141 4441 335 4502 Sabbatismis
358 4439 425 4516 Dei,
448 4439 555 4516 Primo,
576 4446 644 4516 post
663 4457 737 4516 opus
756 4435 926 4513 creationis,
951 4436 1093 4512 Secundo,
1115 4441 1182 4513 poet
1204 4433 1352 4492 introduc·

139 4519 247 4580 tionem
260 4519 367 4600 populi
380 4520 413 4577 in
425 4513 532 4578 terreni
546 4519 672 4596 Cannar,
689 4517 795 4592 Tertio,
810 4516 908 4594 quoad
922 4516 1099 4595 spiritualem
1114 4521 1144 4572 et
1157 4517 1293 4568 aeternam
1307 4531 1351 4570 re-

138 4601 236 4677 quiem
250 4600 386 4660 fidelium
401 4607 431 4657 et
444 4599 594 4660 beatorum
605 4619 614 4676 ;
635 4606 665 4658 et
684 4598 776 4658 verba
789 4595 913 4657 Davidis
932 4617 992 4655 non
1004 4593 1118 4672 possint
1130 4587 1238 4680 nolenti,
1252 4587 1302 4646 vel
1315 4589 1353 4648 ad

138 4679 259 4758 primam
273 4680 336 4740 Dei
350 4678 492 4756 requiem,
507 4679 639 4757 inquam
653 4677 691 4738 ab
704 4677 788 4738 initio
800 4677 930 4752 intremt,
952 4683 982 4736 et
994 4689 1082 4752 quam
1099 4666 1350 4745 homlmbusproe·
