3186 5210
127 407 241 454 eumer.
257 386 313 467 vu]
557 403 596 442 us
617 403 785 445 vocarrouu
808 404 844 443 nr
866 404 944 444 mus.
1275 388 1336 446 489

128 548 317 606 nihilominus
341 545 378 604 ad
401 544 526 603 officium
549 545 756 622 praescriptum,
772 553 801 604 ct
825 565 923 604 eorum
949 545 1118 624 impotentia
1132 546 1296 606 voluntaria
1310 557 1339 606 et

129 628 264 688 affectata
278 646 329 685 eos
343 644 481 684 excusare
496 644 555 681 non
569 624 672 700 potuit.

171 707 280 768 XXV.
314 706 426 765 “Oculi
453 703 491 762 ad
521 703 688 779 videndum,
711 713 740 762 et
769 724 853 763 aures
881 705 919 762 ad
948 704 1153 779 audiendum,”
1175 705 1339 781 dequibus

131 789 217 848 Ezec.
240 787 291 844 xii.
313 790 341 860 2,
364 785 468 862 agitur,
489 804 548 842 non
569 792 690 859 possunt
710 793 810 842 notare
831 785 1028 843 conversionis
1049 785 1181 860 gratiam,
1205 805 1254 843 seu
1270 804 1337 844 ocu-

130 870 176 927 los
197 868 274 941 fidei,
297 866 365 943 quia
386 864 492 923 ibidem
514 863 630 922 additur
650 863 687 922 de
708 867 790 922 domo
811 865 934 940 Israelis,
951 864 1029 941 quod
1050 865 1088 922 sit
1108 867 1206 923 domus
1219 866 1336 942 rebellis,

131 968 196 1026 quae
217 967 269 1024 per
290 963 468 1020 consequens
489 944 604 1002 oculum
625 943 693 1001 fidei
715 963 772 1001 uon
792 944 902 1002 habuit.
947 944 1004 1002 Sed
1025 952 1127 1002 notant
1147 952 1258 1004 tantum
1274 965 1338 1004 ocu·

132 1033 173 1087 los
186 1027 292 1100 mentri,
308 1046 359 1085 seu
381 1023 562 1100 intelligendi
583 1030 612 1081 et
633 1023 809 1100 percipiendi
830 1044 948 1100 eaquae
969 1025 1203 1100 proponebantur
1217 1023 1337 1082 faculta-

131 1117 199 1182 tem,
222 1127 279 1183 qua
300 1105 414 1184 propria
427 1103 537 1162 malitia
549 1103 593 1160 uti
607 1102 752 1161 nolebant.
796 1103 879 1161 Alias
895 1104 918 1160 si
935 1105 1014 1162 Deus
1029 1103 1156 1162 dedisset
1167 1105 1224 1161 illis
1240 1105 1340 1163 oculos

131 1197 161 1247 et
182 1207 266 1245 aures
287 1185 450 1262 spirituales
471 1183 540 1241 novi
561 1182 695 1256 hominis,
717 1203 775 1240 non
797 1183 959 1260 potuissent
979 1203 1037 1240 non
1058 1183 1156 1242 videre
1185 1193 1213 1242 et
1227 1184 1336 1244 audire.

133 1267 195 1325 Nee
216 1267 249 1342 si,
267 1267 353 1324 Dent.
377 1263 460 1321 xxix.
483 1266 511 1336 4,
527 1263 603 1320 oeuli
625 1261 662 1319 ad
676 1261 842 1335 videndum,
858 1270 887 1320 et
907 1282 991 1320 aures
1006 1262 1043 1320 ad
1056 1263 1240 1339 audiendum,
1265 1284 1339 1340 quas

132 1347 293 1423 denegasse
307 1343 535 1420 diciturpopulo,
547 1342 710 1418 significant
718 1342 943 1418 regenerationis
958 1343 1089 1418 gratiam,
1105 1344 1235 1420 sequitur
1249 1353 1278 1402 et
1292 1345 1339 1402 hie

132 1427 234 1485 eodem
250 1443 337 1482 seusu
351 1423 433 1494 sumi,
449 1422 517 1498 quia
531 1421 752 1479 circumstantiae
767 1429 835 1480 erint
849 1421 980 1480 diversae.

174 1505 300 1564 XXVI.
324 1502 415 1560 Aliud
439 1512 483 1559 est
510 1501 572 1558 Deo
596 1502 724 1559 monenti
746 1511 775 1560 et
797 1501 914 1559 vocanti
937 1509 1056 1559 externe
1070 1501 1222 1576 resistere;
1246 1502 1338 1561 Aliud

132 1585 350 1644 conversionem
365 1581 534 1652 intendenti,
549 1589 578 1638 et
589 1579 743 1639 efficaciter
756 1601 789 1638 ac
805 1581 915 1639 interne
929 1581 1054 1639 vocanti.
1098 1581 1182 1639 Prius
1192 1583 1339 1656 asseritur,

133 1665 192 1724 Isa.
208 1665 269 1722 lxv.
285 1667 313 1738 2,
326 1667 353 1734 3,
369 1680 458 1737 quum
473 1659 544 1717 dicit
559 1659 703 1735 Propheta
725 1663 784 1718 “se
799 1660 972 1736 expandisse
987 1669 1048 1719 tota
1059 1660 1105 1718 die
1119 1680 1221 1720 manus
1235 1661 1272 1719 ad
1286 1682 1337 1738 po-

131 1745 232 1822 pulum
246 1741 441 1820 perversum,¹’
457 1737 511 1796 &e
554 1737 619 1796 Non
630 1740 781 1814 posterius.
823 1741 974 1815 Eapansio
988 1741 1164 1798 brachionem
1180 1749 1261 1798 notat
1275 1742 1338 1817 qui-

132 1823 198 1882 (lem
221 1822 356 1881 blandam
372 1829 400 1878 et
424 1819 594 1877 benevolam
619 1819 675 1877 Dei
688 1819 897 1893 invitationem,
923 1839 981 1895 qua
1001 1819 1067 1876 illos
1082 1820 1261 1878 extrinsecus
1276 1821 1338 1879 sive

132 1903 241 1974 Verb0,
271 1901 333 1960 siva
357 1898 505 1958 benefieiis
529 1898 681 1974 alliciebat,
707 1919 765 1957 non
790 1899 879 1957 semel
900 1907 985 1975 atque
1000 1899 1112 1974 iterum,
1139 1899 1190 1957 sed
1210 1901 1339 1976 quotidie

132 1981 293 2040 ministerio
318 1981 473 2038 Servorum
496 1997 611 2036 suorum
636 1998 686 2036 eos
714 1978 922 2054 compellando.
967 1979 1025 2037 Sed
1045 1997 1103 2036 non
1125 1988 1219 2056 potest
1241 1980 1336 2057 desig·

132 2081 202 2119 nare
231 2068 377 2137 potentem
407 2065 436 2115 et
467 2057 611 2115 efficacem
643 2058 847 2133 operationem,
880 2077 937 2134 qua
967 2059 1116 2115 brachium
1143 2059 1259 2116 Domini
1281 2059 1340 2118 illis

133 2140 286 2213 revelatur,
312 2138 362 2214 qui
385 2136 525 2194 docentur
546 2156 563 2193 a
589 2137 652 2193 Deo
666 2145 694 2195 et
709 2137 861 2195 trahuntur
881 2137 1004 2209 aPatre,
1020 2146 1049 2196 et
1063 2158 1114 2214 per
1127 2157 1212 2213 quam
1236 2139 1342 2197 dieitur

134 2241 165 2280 se
188 2219 357 2297 patefecisse
382 2216 418 2274 iis
440 2215 490 2291 qui
514 2235 572 2272 non
597 2215 822 2292 interrogabant,
847 2225 875 2273 et
897 2216 1047 2274 inventum
1071 2218 1107 2274 ab
1132 2218 1167 2274 iis
1182 2218 1231 2294 qui
1245 2218 1340 2294 ipsum

133 2319 192 2358 non
215 2298 389 2375 quaerebant,
416 2295 494 2372 quod
519 2295 554 2352 dc
578 2295 715 2354 Gentium
740 2294 901 2354 Vocatione
926 2296 1033 2354 efficaci
1059 2296 1172 2354 dixerat
1188 2297 1341 2374 Propheta,

135 2399 197 2438 rer.
215 2381 241 2436 1.

177 2457 319 2514 XXVII.
342 2455 489 2531 Quamvis,
507 2455 611 2513 lllatth.
625 2455 706 2512 xxiii.
723 2457 770 2529 37,
793 2455 926 2513 Christus
947 2455 1115 2531 profiteatur
1140 2458 1157 2488 “
1170 2475 1199 2514 se
1215 2457 1341 2516 voluisse

134 2557 311 2614 congregare
325 2537 400 2594 filies
415 2535 587 2610 Jerusalem,
604 2542 632 2592 et
646 2553 709 2592 eam
721 2535 848 2593 noluisse
859 2537 886 2593 :''
910 2535 975 2593 Nou
990 2536 1120 2612 sequitur
1131 2535 1261 2596 Gratiam
1277 2557 1340 2595 csse

134 2616 327 2676 resistibilem.
372 2621 398 2673 1.
421 2613 495 2687 Quia
509 2615 674 2673 Jerusalem
693 2615 741 2671 hic
756 2623 853 2690 aperte
876 2614 1064 2691 distinguitur
1085 2615 1214 2673 aliberis
1229 2618 1298 2690 suis,
1314 2626 1343 2675 et

134 2715 263 2775 peream
278 2705 414 2754 notantur
431 2694 572 2768 Seniores,
599 2693 715 2766 Scribas,
742 2695 920 2768 Sacerdotes,
947 2706 976 2752 et
1000 2695 1050 2751 alii
1074 2694 1217 2752 Primores
1244 2697 1340 2778 L'rbis,

136 2777 186 2854 qui
200 2797 218 2834 a
231 2775 335 2852 potiori
364 2773 478 2832 nomine
494 2773 626 2830 Civitatis
649 2772 800 2846 donantur,
817 2781 849 2830 ut
871 2774 975 2831 Illatth.
1001 2773 1030 2830 ii.
1049 2777 1073 2847 l,
1090 2775 1116 2846 3,
1133 2775 1225 2848 etqui
1241 2777 1342 2840 Patres

134 2856 235 2914 haberi
250 2853 509 2929 volebantpopuli.
552 2852 613 2910 Nec
628 2851 699 2910 dicit
722 2853 853 2910 Christus
876 2872 1012 2928 eosquos
1037 2871 1213 2927 congregare
1238 2859 1340 2937 voluit,

135 2933 307 3011 congregari
320 2933 457 2991 noluisse.
503 2931 560 2989 Sed
575 2940 686 2990 tantum
701 2931 865 2991 Jerusalem
890 2932 1017 2990 noluisse
1043 2931 1212 3006 congregari
1236 2937 1342 3000 liberos

135 3035 211 3088 suos,
228 3022 316 3068 natata
328 3021 447 3070 ituraeae-1
471 3021 500 3069 et
513 3010 646 3084 noluistis,
662 3012 796 3070 nimirum
810 3031 864 3069 vos
877 3012 1029 3069 Primores.
1066 3009 1164 3083 Atque
1179 3011 1219 3069 ita
1245 3017 1341 3078 Chris.

135 3104 183 3153 tus
196 3113 255 3152 nou
269 3101 328 3151 tam
344 3093 474 3168 queritur
488 3090 523 3148 de
538 3090 574 3148 iis
588 3090 638 3166 qui
652 3092 747 3148 vocati
761 3111 820 3148 non
834 3099 980 3165 venerant,
996 3109 1081 3166 quarn
1097 3089 1132 3146 de
1148 3089 1191 3164 iis,
1208 3097 1257 3168 qui
1272 3097 1342 3158 alio.

135 3193 198 3233 rum
213 3171 360 3231 vocationi
375 3181 513 3247 quantum
528 3179 683 3246 potuerunt
708 3171 888 3244 obstiterunt,
913 3171 1026 3227 sublata
1050 3169 1131 3226 clare
1159 3175 1341 3256 cognitionis,

134 3247 188 3312 nec
203 3250 375 3310 introeundo
390 3251 486 3327 quoad
502 3269 540 3324 se,
557 3249 667 3308 etalios
681 3250 731 3326 qui
747 3250 911 3322 introibant,
927 3249 966 3307 id.
982 3248 1031 3326 qui
1046 3249 1162 3306 introire
1178 3253 1341 3335 studebant,

135 3341 275 3410 quantum
290 3332 319 3388 in
334 3331 406 3407 ipsis
420 3329 474 3387 suit
489 3329 676 3404 prohibendo,
692 3338 725 3388 ut
733 3328 863 3401 habetur,
881 3329 951 3387 Luc.
963 3329 1003 3386 xi.
1020 3331 1067 3385 52.
1112 3327 1169 3386 Sed
1184 3350 1241 3390 non
1257 3335 1343 3399 desiit

135 3421 231 3471 tamen
248 3409 388 3483 Christus,
418 3429 475 3467 non
503 3409 636 3466 obstante
663 3408 826 3467 resistentia
854 3409 1015 3466 Primorum
1039 3407 1137 3482 Urbis,
1167 3429 1343 3494 congregare

136 3511 210 3568 quos
225 3489 326 3560 voluit,
342 3499 375 3546 ut
388 3489 517 3564 loquitur
532 3487 659 3563 August.
675 3489 778 3546 Eueni.
804 3508 867 3564 cap.
893 3489 981 3546 xcvii.
1023 3491 1051 3562 2.
1068 3487 1151 3546 Licet
1165 3509 1222 3549 nen
1238 3495 1340 3557 distin-

136 3579 273 3648 gueretur
294 3568 457 3627 Jerusalem
479 3587 497 3625 a
523 3566 622 3624 liberis
643 3568 711 3641 suis,
735 3567 786 3626 sed
800 3588 852 3644 pro
873 3568 975 3625 ineolis
995 3567 1065 3644 ipsis
1090 3581 1258 3650 sumeretur,
1284 3597 1341 3639 non

135 3657 303 3726 sequeretur
311 3667 361 3705 eos
372 3647 511 3705 restitisse
523 3647 623 3724 gratiae
632 3645 748 3720 efficaci,
756 3656 817 3705 turm
827 3648 893 3723 quia
902 3667 960 3706 non
969 3647 1235 3712 notaturVoluntas
1246 3655 1342 3718 decer-

136 3749 218 3798 nens,
235 3727 286 3785 sed
297 3726 474 3803 praecipiens,
487 3746 552 3802 quae
561 3726 672 3784 iteratis
682 3727 795 3785 vicibus
807 3747 857 3784 eos
867 3735 1018 3785 monuerat
1032 3727 1117 3784 officii
1127 3730 1180 3804 sui,
1197 3741 1257 3792 tum
1274 3741 1342 3813 quia

138 3807 218 3862 aliud
233 3815 277 3863 est
291 3807 477 3880 conprequtrb,
494 3805 573 3864 aliud
587 3806 736 3863 coaumsr‘o.
780 3805 836 3863 Illa
849 3807 974 3882 pertinet
991 3807 1028 3864 ad
1042 3807 1230 3868 Vocationem
1247 3826 1340 3875 exter-

135 3904 211 3956 nam,
226 3903 283 3958 qua
296 3884 426 3941 homines
441 3905 490 3961 per
518 3885 647 3944 Verbum
662 3893 875 3962 congregantur
898 3885 928 3942 in
942 3906 1040 3958 unum,
1068 3894 1097 3942 et
1111 3886 1293 3950 adducuntur
1306 3900 1343 3956 ad

138 3962 367 4021 communionem
383 3963 529 4022 Ecclesia.
572 3965 633 4022 Ista
660 3985 729 4022 vero
744 3965 781 4022 ad
808 3963 958 4036 internam,
987 3985 1051 4039 quae
1078 3964 1111 4021 lit
1125 3983 1176 4038 per
1191 3969 1337 4051 Spiritum,

139 4041 186 4100 eui
197 4041 328 4098 homiues
342 4041 472 4100 resistere
486 4052 641 4119 nequeunt.
684 4045 815 4101 (hristus
830 4065 899 4119 ergo
910 4041 1026 4100 volebat
1036 4041 1150 4118 quidem
1167 4055 1198 4103 ut
1213 4047 1339 4116 facerent

138 4120 217 4198 quod
228 4119 358 4202 jubebat,
374 4119 404 4177 id
418 4129 470 4194 est,
485 4122 540 4181 hoc
554 4131 667 4198 gratum
682 4123 815 4196 habebat,
832 4133 861 4180 et
885 4123 1051 4179 decreverat
1073 4120 1158 4177 etiam
1174 4131 1336 4206 praecipere,

140 4199 199 4260 Sed
213 4198 331 4256 nolebat
344 4207 438 4256 tamen
467 4201 561 4275 quoad
575 4211 719 4277 eventum,
735 4202 774 4259 id.
789 4221 846 4259 non
872 4201 1038 4258 decreverat
1066 4218 1123 4255 rem
1140 4213 1204 4261 actu
1234 4209 1338 4273 dehere

135 4281 207 4354 fieri,
237 4297 323 4355 quam
347 4278 539 4353 praecipiebat.
581 4281 654 4339 Nam
667 4282 691 4340 si
716 4282 855 4340 voluisset
869 4278 1042 4354 serio‚nulla
1066 4277 1139 4336 ratio
1164 4283 1256 4344 afferri
1271 4309 1336 4366 pos.

135 4369 188 4434 sot,
204 4377 256 4416 cur
283 4357 452 4433 congregati
478 4377 534 4415 nou
549 4359 678 4436 fuissent,
708 4361 849 4438 siquidem
874 4361 936 4436 ejus
951 4358 1093 4416 voluntati
1107 4377 1191 4420 nemo
1206 4367 1337 4432 resistere

153 4446 238 4498 otest.

132 4461 152 4519 P
176 4515 339 4576 XXVIII.
363 4515 456 4589 Quum
472 4517 609 4577 Pharisaei
624 4517 766 4593 dicuntur,
784 4520 854 4577 Luc.
869 4518 919 4575 vii.
931 4519 978 4590 30,
994 4525 1101 4574 etiaim
1116 4523 1264 4585 eonsilium
1282 4531 1336 4592 Dei

133 4607 162 4658 ta
181 4605 272 4661 tavent,
301 4595 441 4654 “irritum
455 4597 613 4658 reddidisse
628 4607 728 4656 contra
755 4599 893 4674 seipsos,'’
919 4617 975 4654 non
992 4595 1164 4672 intelligitur
1192 4603 1337 4673 Voluntas

132 4677 301 4748 decernens,
317 4695 381 4752 quse
398 4675 583 4736 immutabilis
598 4687 641 4737 est
656 4686 684 4734 et
696 4677 901 4749 irrevocabilis,
915 4677 971 4734 Isa.
987 4675 1059 4733 xlvi.
1078 4680 1122 4752 lt),
1142 4679 1216 4744 lleb.
1233 4689 1270 4748 vi.
1290 4696 1334 4770 17,
