3150 5206
197 231 254 308 Ι248
618 258 709 299 nocua
724 259 853 301 necinus
867 260 1001 302 rasurus.
1230 240 1361 320 [eumer.
1377 258 1397 297 1.

239 403 318 464 XX.
342 398 492 475 Secundo,
512 397 682 476 &timeare
692 400 729 460 de
740 401 846 478 quibus
855 403 960 480 agitur,
972 423 1031 462 non
1040 409 1107 461 sunt
1120 401 1239 474 dierum,
1252 399 1305 459 sed
1316 418 1406 458 ormo-

198 505 272 560 rum,
282 482 319 541 de
330 482 436 560 quihus
450 479 546 556 agitur
561 479 633 538 Lev.
649 501 720 540 xxv.
733 485 760 558 8,
772 491 805 541 ut
819 491 929 559 septem
942 484 1010 542 anni
1024 483 1055 540 in
1064 482 1194 560 singulas
1207 478 1407 538 hebdomadas

200 571 402 642 computentur
416 579 494 618 more
509 559 690 636 Prophetic0‚
707 562 793 620 Erec.
807 563 847 620 iv.
863 565 890 638 6,
906 570 936 620 et
948 563 1021 620 ratio
1036 571 1080 620 est
1094 560 1265 637 multiplex:
1288 563 1316 617 l.
1332 558 1407 632 Quia

201 648 240 703 70
255 643 420 718 septimanae
447 639 558 697 dierum
572 639 659 698 nimis
680 649 811 718 angusta
831 641 933 718 forent,
955 662 1009 701 nec
1030 642 1234 719 sesquianuum
1250 638 1406 710 efficerent,

203 722 282 801 quod
295 740 396 798 parum
411 717 544 795 congruit
557 727 616 777 tam
630 720 737 779 illustri
759 722 905 797 vaticinic,
929 722 1036 780 nedum
1051 723 1115 800 ejus
1129 719 1357 797 complemento,
1379 721 1408 775 2.

203 802 284 862 Nihil
298 799 419 876 contigit
433 798 508 856 intra
521 797 576 856 hoc
591 799 714 875 spatium
729 821 827 859 eorum
841 821 906 878 quae
920 801 1056 878 predixit
1069 800 1211 878 Angelus,
1227 819 1281 857 nec
1302 796 1407 854 Hiero·

203 881 315 958 solyma
329 886 427 960 posset
441 877 498 936 dici
512 885 623 954 septem
646 878 876 940 hebdomadibus
898 881 1047 955 aedificata,
1063 879 1141 958 quod
1154 878 1280 956 plurium
1294 884 1408 934 tantum

204 979 344 1020 annorum
358 959 481 1017 decursu
492 957 630 1034 contigit,
646 961 674 1016 3.
690 959 749 1018 Hic
763 961 857 1038 stylus
871 969 916 1019 est
928 961 1125 1037 Propheticus,
1139 960 1225 1016 Eaec.
1240 958 1289 1030 iv,
1313 955 1407 1032 Apoc.

205 1041 256 1098 xii.
272 1043 299 1114 6,
315 1047 344 1098 et
358 1038 421 1096 xiii.
436 1039 472 1112 53
495 1035 565 1094 alibi
579 1037 665 1096 etiam
679 1039 780 1097 ecdem
804 1059 890 1099 sensu
905 1041 1034 1116 sumitur,
1062 1041 1135 1099 Gen.
1151 1037 1234 1096 xxix.
1249 1041 1298 1110 27,
1314 1035 1408 1093 stubi

204 1119 364 1178 hebdomas
376 1117 488 1174 dicrum
508 1115 645 1191 innuitur,
668 1117 784 1177 additur
797 1139 857 1178 vox
877 1121 994 1194 dierum
1011 1119 1086 1178 Dan.
1108 1139 1137 1178 x.
1159 1122 1187 1192 2,
1202 1125 1232 1175 et
1246 1117 1334 1174 Eece.
1347 1115 1408 1172 xlv.

206 1202 254 1271 23,
277 1197 325 1255 hio
349 1215 418 1254 vero
438 1215 497 1253 non
516 1195 550 1253 fit
574 1197 681 1256 mentio
702 1217 850 1274 annorum,
879 1200 948 1277 quia
968 1199 1100 1257 consulto
1125 1196 1258 1273 Angelus
1282 1195 1409 1270 loquitur

207 1277 365 1350 obscurius,
380 1282 414 1333 nt
428 1282 524 1332 servet
538 1294 646 1334 morem
662 1276 880 1354 Prophetarum.
923 1279 1044 1336 Frustra
1057 1296 1127 1336 vero
1141 1275 1188 1334 hic
1201 1273 1300 1334 Judaei
1314 1275 1344 1331 vi
1359 1292 1407 1330 vc-

207 1355 301 1415 ritatis
315 1354 408 1432 pressi
422 1353 592 1430 confugiunt
606 1355 643 1413 ad
656 1358 826 1433 septimanus
840 1353 1043 1431 &omniorum
1059 1358 1108 1416 val
1120 1357 1314 1419 Jutzloeorum.
1336 1352 1410 1428 Quia

209 1438 235 1494 1.
247 1435 324 1512 apud
334 1433 445 1492 nullum
456 1433 607 1509 probatum
619 1434 789 1513 Authorem,
801 1457 854 1497 nec
868 1438 898 1496 in
908 1445 970 1496 tote
981 1437 1128 1513 Scriptura
1138 1435 1171 1494 fit
1181 1435 1241 1494 ulla
1251 1433 1360 1492 mentio
1366 1441 1406 1491 ts·

207 1516 280 1574 lium
295 1513 526 1590 septimanarum,
542 1513 594 1572 scd
621 1525 733 1576 tantum
746 1517 795 1575 vel
809 1515 928 1592 dierum,
951 1517 1000 1574 uel
1021 1535 1180 1591 annorum;
1202 1513 1279 1572 unde
1293 1519 1409 1589 apparet

209 1594 300 1672 gratis
319 1613 382 1652 esse
403 1592 549 1652 confictas.
572 1599 599 1654 2.
624 1595 734 1673 Scopas
757 1597 880 1674 Spiritus
903 1597 1002 1656 Sancti
1015 1597 1100 1672 plane
1120 1595 1167 1652 hic
1188 1601 1339 1670 repugnat,
1360 1589 1408 1666 qui

209 1683 254 1733 est
268 1673 354 1732 solari
370 1673 520 1731 Danielem
535 1681 564 1732 et
574 1675 711 1752 populum
726 1695 831 1753 magno
841 1694 962 1734 moerore
977 1675 1131 1748 coniectos,
1142 1693 1179 1732 ex
1193 1672 1322 1730 adventu
1334 1670 1407 1728 Mes·

210 1755 259 1812 siae
274 1753 436 1831 propinquo
450 1761 516 1829 post
543 1756 583 1812 70
597 1755 787 1832 septimanas;
810 1754 861 1814 scd
885 1775 971 1832 quam
993 1754 1130 1830 frigidum
1152 1752 1255 1811 fuisset
1267 1750 1323 1808 hoc
1338 1749 1408 1808 scle-

210 1835 292 1906 tium,
308 1832 386 1908 quod
400 1831 515 1889 nonnisi
528 1840 594 1908 post
614 1842 659 1891 ter
685 1835 764 1893 mille
792 1836 966 1911 quingentos
990 1852 1081 1892 annos
1109 1831 1164 1890 fuit
1176 1839 1340 1889 venturum.
1381 1830 1408 1886 3.

212 1912 317 1970 Daniel
331 1911 412 1988 ponit
427 1911 543 1968 Messias
557 1911 715 1972 adventum
729 1923 795 1973 ante
810 1913 899 1974 Urbis
917 1921 947 1972 et
960 1913 1074 1989 Templi
1086 1911 1207 1984 ruinam,
1222 1911 1281 1968 imo
1296 1907 1408 1966 calami·

211 1999 300 2048 tatem
311 1989 391 2048 illam
406 1989 557 2064 subjungit
570 1999 603 2049 ut
623 2011 802 2068 consequens
816 1993 901 2052 morti
922 1993 1049 2066 Messiae,
1063 1999 1096 2049 ut
1116 1991 1190 2049 tanti
1203 1989 1339 2048 facinoris
1352 2006 1409 2044 me·

210 2069 376 2127 ritissimem
397 2087 531 2144 poenam
550 2069 601 2126 sed
615 2070 792 2131 fabulatores
819 2073 867 2130 isti
882 2072 998 2132 Messiae
1012 2071 1169 2130 adventum
1179 2077 1223 2128 ter
1236 2068 1315 2126 mille
1330 2067 1411 2124 aunis

211 2154 389 2224 postponunt
404 2145 493 2204 Urbis
520 2148 643 2210 excidio.

253 2226 348 2282 XXI.
372 2226 482 2298 Scopus
497 2244 566 2302 ergo
582 2227 637 2286 Dei
661 2230 715 2288 fuit
730 2231 815 2290 soleri
829 2251 866 2307 po
887 2230 967 2290 ulum
981 2230 1012 2288 in
1026 2229 1180 2288 durissima
1193 2227 1368 2304 captivitate,
1384 2233 1412 2283 et

211 2303 299 2362 fidem
319 2304 382 2379 ejus
403 2303 579 2380 confirmare,
601 2325 659 2367 non
680 2317 791 2368 tantum
811 2251 898 2368 findi
919 2312 983 2387 ejus
1004 2307 1192 2386 designando,
1214 2307 1308 2366 sedet
1327 2306 1413 2382 longe

212 2382 445 2441 excellentiorem
468 2381 705 2462 Redemptionem
726 2389 898 2466 pollicenda,
921 2409 985 2466 quae
998 2397 1064 2466 post
1084 2389 1200 2464 longius
1220 2385 1357 2462 temporis
1370 2384 1413 2440 iu-

214 2460 375 2535 tervallum,
397 2479 455 2518 non
481 2466 520 2521 70
541 2484 689 2540 annorum,
712 2468 764 2526 sed
785 2471 824 2526 70
849 2469 1071 2544 septimanarum
1092 2486 1232 2525 annorum
1246 2473 1307 2524 erat
1321 2462 1411 2522 revel-

94 2537 100 2552 ‘
214 2540 297 2616 auda,
313 2548 346 2598 ut
359 2540 401 2598 ita
424 2543 519 2616 gratia
540 2543 596 2602 Dei
617 2547 779 2605 conferatur
799 2567 864 2605 cnm
886 2549 950 2624 ejus
966 2547 1086 2625 judicio,
1108 2555 1138 2605 et
1158 2549 1197 2604 70
1217 2542 1412 2602 hebdomades

214 2639 353 2679 annorum
375 2640 441 2680 cum
464 2625 503 2680 70
523 2624 615 2699 annis,
637 2625 742 2702 quibus
763 2626 862 2686 Judaei
882 2645 994 2701 poenam
1016 2627 1203 2703 pertulerunt.
1246 2625 1286 2682 Et
1316 2623 1357 2682 sia
1370 2641 1413 2680 re-

215 2700 337 2778 spondet
352 2699 485 2778 Angelus
499 2703 621 2762 orationi
634 2705 772 2782 Danielis,
784 2707 836 2783 qui
849 2706 885 2764 de
896 2707 953 2766 fine
968 2709 1006 2766 70
1031 2725 1170 2765 annorum
1184 2704 1299 2763 locutus
1313 2701 1412 2776 fuerat,

214 2801 243 2857 q.
259 2781 278 2839 d
290 2803 297 2839 r
320 2781 365 2839 Tu
379 2780 415 2839 de
429 2783 551 2842 termino
573 2785 750 2861 captivitatis
764 2795 793 2845 et
806 2786 863 2844 fine
885 2787 1068 2864 septuaginta
1081 2803 1221 2843 annorum
1234 2783 1349 2842 locutis
1362 2800 1413 2839 es:

216 2861 280 2938 Ego
294 2881 363 2920 vero
378 2881 436 2922 nou
450 2864 536 2922 modo
550 2863 749 2924 liberationem
765 2867 848 2926 istam
865 2866 1050 2943 temporalem
1064 2865 1218 2923 instantem
1233 2863 1287 2921 tibi
1300 2861 1413 2934 nuncio,

214 2939 266 3000 scd
279 2941 366 3018 longe
389 2944 622 3002 excellentiorem
636 2946 773 3022 polliceor
793 2954 860 3024 post
874 2950 912 3005 70
936 2945 1110 3022 septimanas
1131 2962 1289 3016 annorum
1313 2941 1355 3002 Ut
1374 2940 1416 2998 ita

214 3019 411 3081 misericordia
432 3023 487 3082 Dei
509 3035 625 3102 superet
645 3021 778 3104 septuplo
801 3026 944 3104 judicium
966 3044 1058 3099 suum,
1080 3032 1110 3082 ct
1129 3021 1299 3100 magnitudo
1314 3019 1413 3097 grstiae

215 3099 368 3159 absorbeat
388 3102 615 3179 magnitudinem
637 3105 816 3166 calamitatis.
859 3107 933 3164 Nam
954 3113 1020 3184 post
1040 3102 1281 3180 complementum
1302 3109 1415 3177 septus·

215 3179 297 3254 ginta
309 3181 430 3240 istorum
444 3201 583 3241 annorum
596 3185 727 3260 proxime
738 3185 874 3260 futurum,
889 3184 1037 3263 praefinita
1048 3191 1115 3242 sunt
1129 3182 1220 3240 eDeo
1235 3179 1418 3257 septuaginta

216 3257 390 3333 septimanae,
406 3279 465 3316 nou
478 3260 598 3336 dierum,
610 3263 662 3320 sed
675 3283 822 3339 annorum,
835 3263 1038 3342 quadringenti
1049 3261 1159 3322 scilicet
1172 3261 1331 3338 nonaginta
1339 3258 1414 3333 anni,

217 3334 322 3410 Populi
343 3343 372 3393 et
394 3337 483 3396 Urbis
504 3338 668 3400 durationi:
692 3343 772 3400 Intra
799 3362 872 3418 quos
892 3352 1032 3402 venturus
1052 3350 1097 3401 est
1117 3340 1242 3399 Messias
1263 3339 1414 3412 Dominus,

215 3413 266 3505 qui
280 3423 398 3489 peccata
411 3433 463 3491 per
476 3423 597 3474 mortem
612 3419 741 3495 expiabit
755 3429 784 3480 et
802 3421 938 3496 abolebit,
954 3422 1103 3482 Justitiam
1120 3421 1201 3478 Euan
1205 3419 1336 3496 geIIcam,
1352 3437 1415 3494 quae

216 3512 246 3584 ip
261 3499 400 3583 sommum
414 3503 570 3584 permanet,
587 3497 722 3572 stabiliet,
739 3499 909 3578 Prophetias
920 3501 1051 3578 implebit
1065 3510 1094 3559 et
1104 3500 1192 3574 finiet,
1209 3499 1351 3557 visionem
1365 3496 1415 3555 ob·

217 3569 352 3646 signabit,
382 3579 412 3628 et
438 3591 500 3648 1pse
530 3571 734 3637 Sanctissimus
762 3580 975 3641 consecrabitur
988 3601 1040 3657 per
1050 3580 1214 3639 unctionem
1235 3578 1359 3656 Spiritus
1375 3577 1414 3653 S,

216 3668 301 3724 quem
316 3649 425 3731 έμξτςυς
439 3661 608 3728 accepturus
622 3663 667 3714 est
681 3657 711 3714 in
727 3657 837 3736 Regem
849 3668 986 3720 aeternum
1001 3669 1030 3719 et
1049 3661 1142 3737 Caput
1154 3658 1292 3717 Ecclesia
1307 3678 1376 3716 suae.

255 3727 369 3786 XXII.
380 3729 479 3788 'Iertio
491 3753 498 3806 ;
515 3733 559 3790 De
568 3733 650 3793 initio
662 3745 690 3795 et
701 3737 757 3796 fine
770 3737 998 3816 Septimanarum
1007 3759 1113 3817 magno
1122 3739 1280 3798 culmorum
1291 3747 1364 3796 aestu
1375 3737 1416 3794 in-

214 3817 258 3866 ter
268 3827 298 3866 se
314 3817 424 3894 certant
439 3810 624 3888 Interpretes,
635 3835 689 3874 nec
698 3817 790 3876 facilis
804 3827 849 3878 est
859 3819 1038 3894 conciliatio;
1062 3818 1184 3878 sednon
1199 3836 1317 3876 necesse
1331 3824 1417 3876 estut

214 3907 268 3979 pos
277 3897 460 3966 torqueamus
471 3891 501 3948 in
510 3892 668 3952 enodandis
678 3897 856 3972 gravissimis
864 3899 922 3958 illis
932 3897 1147 3957 difficultatibus
1157 3919 1163 3972 ;
1176 3896 1284 3974 absque
1296 3916 1330 3955 eo
1341 3897 1418 3954 enim

215 3968 354 4028 invictum
366 3980 463 4030 manet
477 3991 589 4049 semper
599 3974 738 4035 adversus
749 3977 871 4038 Judaeos
881 3982 1091 4056 argumentum.
1128 3977 1330 4053 Undecunque
1340 3976 1416 4034 enim

215 4057 345 4107 sumatur
357 4050 472 4109 initium
486 4051 619 4129 illarum;
644 4054 712 4114 Sive
731 4057 768 4114 ab
782 4077 857 4116 anno
871 4059 963 4136 primo
978 4058 1054 4134 Cyri,
1071 4077 1128 4134 quo
1142 4056 1240 4116 Judaei
1254 4056 1416 4114 libertatem

214 4125 377 4221 habuerupt
390 4130 538 4207 redeundi,
555 4141 584 4190 et
597 4133 697 4192 urbem
712 4135 889 4214 edificandi;
905 4147 938 4198 ut
951 4139 1113 4196 Beroaldus
1126 4145 1155 4196 et
1171 4137 1304 4195 Caluinus
1314 4135 1417 4194 volunt

215 4225 254 4263 ex
269 4206 334 4266 Esr.
349 4229 369 4266 1.
393 4212 427 4285 1;
453 4211 521 4269 Sive
535 4211 572 4269 ab
587 4232 662 4271 anno
680 4216 806 4274 secundo
827 4217 908 4274 Darii
923 4217 1013 4276 Nothi
1027 4237 1065 4275 ex
1082 4217 1146 4275 Esr.
1164 4216 1212 4290 vi,
1229 4224 1261 4274 ut
1277 4215 1413 4290 Scaliper,

214 4287 327 4378 danius,
345 4287 491 4364 Calauius,
507 4289 580 4367 drc.;
605 4293 702 4352 Sivea
716 4296 837 4372 septImo
848 4296 1023 4356 Artaxerxis
1039 4295 1220 4374 Longimani,
1233 4295 1269 4353 de
1280 4313 1338 4370 quc
1350 4295 1413 4351 Esr.

214 4383 264 4423 vn.
283 4367 307 4440 l,
326 4369 372 4441 13,
390 4372 435 4443 14,
452 4369 516 4444 dio,
532 4379 565 4430 ut
578 4373 752 4448 pertendunt
767 4375 908 4451 Capellae,
924 4373 1112 4453 Bullinperus,
1135 4374 1275 4448 Heleicus,
1298 4382 1328 4433 et
1348 4373 1414 4447 alii3

214 4442 272 4536 Vel
292 4465 310 4503 a
330 4446 472 4524 vigesimo
494 4469 531 4508 ex
553 4451 626 4509 Neh.
647 4453 676 4513 ii.
693 4456 729 4522 1.,
745 4462 778 4512 ut
790 4455 884 4513 Julius
898 4457 1062 4530 Africanus,
1080 4456 1244 4530 Tomicllua,
1264 4453 1392 4513 Usserdua
1401 4476 1413 4522 ,·

216 4521 284 4585 Sive
305 4524 440 4602 aliunde;
463 4549 516 4587 nos
537 4531 613 4590 euim
627 4532 707 4592 litem
722 4533 797 4592 hanc
810 4543 936 4596 nostram
951 4555 1027 4594 nunc
1039 4536 1155 4616 quidem
1171 4554 1228 4594 non
1241 4533 1370 4608 fecimus,
1386 4539 1414 4593 et
