3192 5206
126 379 238 428 Quaxsr.
253 355 335 437 vitu]
488 375 526 414 nu
542 373 657 414 austero
671 375 789 414 citriam
804 376 998 418 uenturoruo.
1284 367 1343 424 355

434 513 530 572 XIX.
554 513 612 572 Sed
635 532 694 572 non
715 514 826 574 ceteris
847 517 994 594 prophetie
1014 520 1144 595 superior
1158 528 1269 580 tautum
1284 521 1339 583 fuit

141 577 176 622 Et
188 579 332 680 noffiqqttm
349 590 364 624 ⁸
395 594 535 668 Christus,
558 593 609 652 sed
623 602 653 652 et
666 594 760 670 ipsum
769 595 893 654 xMosam
908 599 1063 675 superavit,
1079 599 1146 658 licet
1160 600 1225 658 aliis
1249 600 1337 678 louge

391 674 619 752 praestantiorem
633 681 662 730 et
675 673 843 733 familiarius
858 695 923 734 oum
939 677 1002 736 Deo
1016 687 1188 754 versantem,
1208 687 1338 756 atquem

131 753 213 814 Deus
226 773 286 812 non
300 753 330 810 in
344 752 455 812 visione
472 762 501 812 et
525 753 685 828 enigmate,
701 753 749 811 vel
774 755 885 813 somnio
909 755 1117 834 alloquebatur,
1133 767 1166 818 ut
1189 759 1271 831 alios,
1287 761 1339 818 sed

128 836 234 892 arcad
246 851 284 907 os,
300 832 339 891 id.
354 851 450 890 coram
463 841 493 890 et
504 831 732 906 familiarissime,
748 840 781 890 ut
800 834 909 893 amicus
930 837 1054 895 amicum
1068 837 1233 914 alloquitur,
1250 839 1335 898 Num.

129 913 182 971 xii.
198 915 225 972 8.
250 911 360 970 Similis
373 912 489 989 quidem
504 911 610 970 dicitur
629 912 742 970 futume
758 913 842 986 Mosi,
860 914 946 973 Deut.
969 916 1051 974 xviii.
1076 919 1121 991 15,
1137 926 1167 976 et
1185 919 1336 994 sicutipse,

128 993 239 1050 attalia
263 991 317 1049 fuit
337 991 368 1048 in
387 991 485 1049 variis.
528 991 627 1050 Moses
647 998 677 1048 et
691 991 822 1050 Christus
837 993 933 1050 statim
948 995 986 1053 ab
1009 1003 1074 1053 ortu
1094 997 1169 1055 male
1184 997 1335 1072 habentur,

129 1071 244 1130 Mosem
256 1071 377 1145 Pharao,
392 1070 524 1128 Herodes
539 1070 684 1129 Christum
698 1071 886 1146 persequitur,
900 1073 999 1132 Moses
1006 1075 1145 1150 populum
1159 1095 1197 1133 ex
1209 1076 1336 1154 Egypto,

129 1150 262 1210 Christus
276 1169 314 1208 ox
338 1157 456 1226 peccato
480 1149 592 1222 liberat,
609 1150 707 1208 Moses
722 1149 867 1208 Mediator
879 1150 935 1210 fuit
947 1153 1022 1212 iuter
1036 1153 1131 1213 Deum
1145 1162 1175 1214 et
1188 1157 1337 1232 populum,

129 1230 262 1288 Christus
276 1229 350 1287 iuter
365 1229 460 1287 Deum
475 1229 657 1296 ethemima,
678 1237 799 1305 uterque
813 1228 973 1290 docuinam
994 1251 1076 1291 suam
1100 1235 1247 1294 miraculis
1269 1254 1337 1294 con-

126 1309 262 1383 firmavit,
278 1317 398 1384 uterque
413 1307 605 1386 quadraginta
622 1307 685 1365 dies
695 1308 849 1384 jejunavit,
870 1317 991 1387 uterque
1011 1312 1113 1371 faciem
1127 1313 1227 1372 divino
1241 1315 1338 1392 splen·

129 1387 198 1446 dore
213 1387 405 1447 illuminatam
419 1387 528 1446 habuit.
547 1385 605 1446 Sed
626 1387 758 1445 Christus
771 1395 868 1446 tamen
882 1389 969 1467 louge
979 1393 1072 1468 major
1085 1392 1185 1467 Mose;
1202 1393 1262 1452 Iste
1283 1393 1339 1454 fuit

129 1475 241 1526 tantum
256 1486 358 1525 servus
372 1466 402 1523 in
416 1467 502 1525 domo
518 1466 581 1540 Dei,
599 1465 658 1524 Sed
672 1466 804 1526 Christus
824 1475 857 1526 ut
869 1468 948 1527 filius
968 1478 998 1529 et
1019 1469 1169 1546 Dominus,
1197 1473 1273 1532 Heb.
1296 1473 1336 1534 iii.

131 1547 230 1606 Moses
245 1547 362 1622 Legem,
374 1545 506 1604 Christus
520 1545 712 1621 Evangelium
727 1547 901 1623 promulgat.
931 1549 1030 1608 Moses
1044 1550 1168 1626 simplex
1182 1551 1236 1610 fuit
1251 1553 1337 1612 inter·

130 1626 261 1700 nuncius,
277 1626 328 1683 sed
343 1625 475 1690 Christus
488 1630 608 1683 vetusti
637 1629 738 1690 manle.
761 1626 860 1684 Moses
875 1627 997 1704 gloriam
1011 1629 1113 1688 habuit
1126 1630 1156 1686 in
1167 1630 1337 1705 ministerio,

129 1704 181 1763 sed
195 1707 393 1783 ammaim
404 1704 499 1781 qualis
507 1705 562 1763 fuit
576 1723 590 1762 s
622 1703 712 1764 endor
722 1704 807 1765 faciei
817 1706 899 1782 ejus;
924 1705 983 1764 Sed
993 1707 1087 1783 gloria
1096 1709 1203 1768 Christi
1213 1716 1259 1769 eet
1268 1729 1337 1769 con-

132 1792 212 1842 stans
225 1793 255 1842 et
269 1793 383 1858 aeterna,
399 1785 492 1842 tCor.
507 1784 548 1842 iii.
566 1786 611 1840 11.
680 1855 682 1860 ,

173 1863 251 1920 XX.
276 1865 413 1939 objectam
427 1863 557 1922 Muncrr'e
571 1861 740 1937 Propltch'ci,
764 1861 912 1936 Quatenus
926 1863 1058 1923 Christus
1081 1863 1155 1924 illud
1173 1865 1338 1926 immediate

132 1941 270 2016 exercuit,
285 1942 400 2001 fuerunt
412 1942 433 2001 J
435 1942 519 2016 udaei,
535 1941 642 2018 quade
657 1959 744 2000 cause
754 1941 858 2000 dicitur
868 1943 999 2001 Miasbter
1013 1945 1235 2020 circumcreiomb,
1252 1945 1337 2006 Rom.

132 2040 182 2078 xv.
194 2023 222 2094 8,
239 2029 267 2080 et
281 2021 429 2098 profitetur
439 2040 470 2080 se
480 2021 600 2080 missum
615 2019 653 2078 ad
666 2039 736 2078 oves
747 2021 874 2096 perditas
884 2021 988 2081 domus
999 2022 1099 2097 lsrats'l,
1113 2024 1218 2084 Matth.
1229 2045 1279 2084 xv.
1289 2029 1337 2084 24.

132 2099 279 2172 Quatenus
293 2119 362 2158 vero
376 2098 449 2158 illud
462 2100 587 2158 mediate
600 2107 715 2158 exercet
736 2099 766 2158 in
780 2099 881 2158 Veteri
901 2101 1087 2160 Testamento
1111 2103 1227 2162 metunt
1250 2103 1338 2162 iidem

130 2179 238 2254 Judeei,
255 2179 339 2238 Rom.
352 2179 394 2238 ix.
410 2183 437 2253 4,
454 2179 584 2256 exceptis
604 2178 704 2254 paucis
719 2178 859 2252 Ethnicis,
875 2179 926 2256 qui
939 2188 972 2238 ut
986 2181 1119 2258 primitie
1134 2181 1272 2241 Gentium
1286 2203 1337 2242 vo-

130 2258 188 2316 cati
199 2267 275 2332 sunt,
291 2259 391 2336 quales
405 2257 645 2331 Melchisedecus,
660 2257 682 2316 J
684 2259 774 2333 ethro,
791 2259 902 2332 Rahab,
915 2259 1075 2336 Naheman,
1087 2269 1117 2319 et
1130 2261 1248 2320 similes.
1279 2262 1338 2322 Sed

130 2338 161 2394 in
176 2337 260 2394 Novo
274 2339 459 2397 Testamento
479 2346 548 2396 sunt
560 2355 660 2396 omnes
680 2346 783 2412 gentes
796 2337 1045 2397 indiscriminatim
1067 2359 1133 2416 quea
1146 2347 1288 2400 vocentur
1300 2341 1339 2400 ad

131 2417 361 2476 communionem
376 2417 487 2476 salutis.

575 2652 769 2727 QUAESTIO
790 2653 881 2712 VllI.

453 2829 493 2872 DE
514 2828 631 2870 OFFICIO
653 2829 857 2870 sscattnouaul
878 2829 1005 2872 ctttttstt.

130 2970 178 3028 Aa
200 2971 327 3030 Clinicum
336 2970 502 3044 firmittem
520 2969 639 3030 nammis
660 2969 808 3042 samace
831 2969 883 3043 qm·
904 2969 933 3028 ia
957 2969 1245 3028 mammosam
1258 2989 1340 3031 ruam

163 3053 229 3125 jam
243 3049 421 3124 inchoaverit,
437 3050 616 3127 Anfipurate
637 3057 744 3108 tantam
758 3048 855 3121 dicare,
877 3049 927 3124 qai
939 3048 968 3106 in
982 3048 1055 3108 caat
1069 3051 1180 3108 domm
1197 3058 1265 3124 poet
1285 3051 1338 3108 Aa·

169 3130 321 3268 casorscsplqaem
332 3131 438 3186 Macae
450 3148 531 3186 acam
543 3128 718 3203 impleverit!
740 3126 853 3185 Affirnt
869 3126 954 3186 Prius
965 3148 972 3203 3
989 3127 1063 3203 Neg.
1080 3127 1191 3187 Poster.
1203 3150 1210 3203 ;
1240 3135 1340 3188 contra

172 3365 197 3424 Ι.
221 3365 354 3425 Secunda
367 3383 434 3444 pare
447 3363 534 3422 officii
549 3362 715 3424 Mediatorii
729 3363 836 3421 Christi
849 3369 895 3422 est
907 3363 1098 3423 Sacoedmdb
1117 3365 1258 3440 Dipnitce,
1274 3383 1339 3440 quse

130 3454 175 3504 est
189 3445 409 3505 basis-omnium
429 3442 643 3518 beneficiorum,
658 3461 723 3520 quse
738 3441 869 3502 Christum
891 3462 942 3520 per
966 3451 1085 3502 mortem
1101 3443 1263 3520 acquisivit.
1294 3443 1338 3502 De

130 3545 197 3602 quo,
213 3525 282 3602 quia
295 3525 383 3584 variae
397 3531 550 3582 moventm
566 3542 585 3580 a
597 3522 686 3580 variis
700 3523 912 3597 coutroversiae,
934 3521 1069 3580 distincte
1084 3521 1119 3580 de
1134 3522 1170 3580 iis
1184 3521 1339 3599 agendum.

131 3605 173 3664 Ut
184 3603 321 3682 primorie
333 3601 481 3664 sacerdote
492 3601 630 3674 dicamus,
646 3600 750 3660 deinde
764 3600 801 3659 de
815 3599 984 3676 sacerdotio,
1000 3600 1097 3678 quoad
1112 3602 1260 3678 geminum
1274 3603 1339 3678 ejus

130 3683 262 3760 gradum
278 3681 502 3744 satisfactionem
518 3679 636 3754 scilicet,
651 3687 681 3738 et
694 3679 936 3738 intercessionem.

453 3759 496 3818 II.
520 3758 718 3820 Sacerdotium
730 3758 837 3818 Christi
847 3767 892 3818 est
902 3757 1010 3818 functio
1021 3759 1149 3818 munieris
1163 3757 1337 3834 Mediatorii,

132 3821 376 3924 thqmsipffirpo-
396 3838 556 3900 meandum
569 3857 656 3914 quam
671 3836 803 3896 Christus
819 3857 854 3896 ea
863 3837 976 3915 peregit
986 3837 1063 3914 apud
1075 3839 1178 3910 Deunq
1200 3856 1265 3913 quea
1285 3857 1338 3912 pro

394 3917 593 3995 peccatoribus
607 3924 688 3975 eraut
698 3915 870 3992 peragenda,
879 3923 941 3974 tum
952 3916 1079 3992 seipsum
1090 3915 1179 3974 semel
1193 3913 1339 3974 offerendo

133 3995 165 4054 in
178 3994 325 4052 victimam
338 4015 390 4073 pro
408 3998 489 4074 ipsis,
512 4003 575 4055 tum
589 4015 641 4072 pro
656 3995 726 4072 ipsis
740 4013 852 4071 semper
873 3994 953 4072 apud
978 3995 1094 4054 Patrem
1121 3991 1336 4052 intercedendo.

133 4073 226 4148 Cujus
235 4072 391 4134 functionis
401 4083 511 4152 quanta
521 4075 560 4134 sit
569 4074 745 4153 prestantia,
757 4074 805 4130 vel
815 4073 1018 4150 hincapparet,
1034 4071 1113 4148 quod
1133 4071 1246 4128 nullum
1260 4089 1339 4146 mys·

133 4151 239 4210 terium
252 4152 302 4210 vel
314 4151 553 4214 luculentioribus
572 4153 719 4214 vaticiniis
733 4151 802 4210 oiim
815 4151 985 4230 predictum
1010 4150 1056 4225 sit,
1079 4149 1129 4208 vel
1149 4148 1339 4224 frequentior·

134 4231 202 4289 ibus
222 4229 302 4306 typis
315 4231 524 4292 adumbratum.

440 4311 500 4370 111.
513 4311 610 4370 Prima
620 4309 748 4384 Quastio
758 4309 843 4368 uobis
857 4307 1009 4368 intercedit
1017 4326 1082 4366 cum
1096 4305 1265 4379 Socinianis,
1277 4305 1337 4382 qui,

143 4365 380 4469 ⁰⁰⁰hff2ffl,w⁰*
402 4391 470 4448 licet
488 4390 635 4448 Christum
659 4387 842 4448 Sacerdotem
857 4407 905 4446 ore
920 4395 1004 4447 tenus
1027 4386 1224 4458 confiteantur,
1246 4384 1342 4460 reipsa

403 4475 500 4528 mmen
511 4475 628 4546 negant,
643 4466 713 4526 dum
729 4465 926 4526 Sacerdotium
939 4466 1004 4542 ejus
1017 4485 1055 4526 ex
1065 4463 1180 4542 proprio
1191 4463 1222 4522 iu
1235 4463 1340 4538 figure·

134 4554 198 4605 tum
212 4553 336 4620 mutant,
350 4552 384 4604 ut
397 4545 438 4605 ita
451 4547 563 4608 foedius
576 4547 728 4606 veritatem
742 4543 945 4604 satisfactionis
959 4545 1023 4622 ejus
1042 4543 1206 4606 convellere
1218 4541 1340 4618 possint.

137 4625 186 4685 Sic
201 4634 328 4686 meatem
344 4643 424 4684 suam
445 4626 591 4703 explicant
605 4625 721 4686 Catech.
738 4623 832 4684 Rako.
847 4623 884 4688 de
899 4624 1020 4686 there
1035 4624 1142 4686 Christi
1154 4619 1340 4695 Sacerdotali,
