3186 5210
159 381 353 454 eumenum]
572 395 610 434 nr
633 395 803 436 1001110111
818 396 855 434 nr
869 395 949 437 eree.
1046 415 1048 422 ι
1305 383 1363 441 519

157 537 276 596 actibus
300 542 369 594 ente
397 535 515 605 notetis,
537 534 598 592 sive
619 537 718 610 quoad
740 535 957 611 persuasionem
978 535 1155 608 intellectus,
1177 538 1239 595 sive
1263 542 1362 615 quoad

156 616 305 692 resj'upinm
333 613 497 672 veluntatis
526 619 557 670 et
584 614 782 687 receptionem
810 633 845 672 10
872 615 1073 672 adhaesionem
1102 615 1226 674 Christe.
1281 617 1362 675 Nem

152 695 308 770 persuasio
332 693 453 766 quidem
480 691 511 746 in
532 691 610 748 veris
637 692 778 750 fidelibus
806 699 886 750 certe
909 699 954 750 est
980 700 1010 748 et
1036 693 1199 764 verissime,
1228 701 1298 752 nete
1325 715 1362 752 ex

156 772 397 832 manifestatione
424 769 557 828 veritatis
587 787 622 828 ee
652 770 794 828 bonitatis
819 770 1047 845 promissionum
1074 771 1186 845 gretiae,
1211 791 1301 848 quam
1328 781 1364 831 ut

155 849 396 910 inaestimabilem
428 849 602 906 thesaurum
629 848 755 922 respicit,
782 855 813 906 et
838 867 892 923 pre
916 849 1021 905 merite
1048 851 1182 907 aestimet.
1238 850 1297 909 Sed
1330 851 1361 908 in

156 937 297 1002 cesenatem
319 929 431 985 incerte
451 944 486 982 sc
504 926 578 982 levis
592 933 646 995 est,
662 945 716 1001 pro
736 927 850 984 ratione
871 926 994 984 luminis
1013 926 1059 983 illi
1078 927 1197 999 indulti,
1212 947 1279 1003 quse
1294 930 1363 988 licet

156 1015 245 1081 grets
272 1005 404 1064 veritatis
438 1003 626 1077 Evangelicee
655 1004 796 1076 10111110,
821 1012 852 1062 01
877 1005 1000 1062 raritate
1028 1011 1181 1081 utcunque
1207 1008 1361 1080 efficietur,

155 1103 312 1160 nunquam
333 1092 433 1144 temen
454 1082 541 1156 plene
561 1084 757 1156 persuadetur
777 1085 814 1140 de
835 1083 901 1157 ejus
921 1083 1064 1153 bonitate,
1079 1091 1224 1159 tauquam
1244 1103 1363 1144 summe

154 1171 186 1220 et
200 1161 409 1231 inaestimabili,
422 1166 542 1235 propter
556 1179 646 1234 quem
661 1161 761 1218 omnin
773 1163 935 1218 deserenda
949 1161 1016 1218 sint.
1059 1161 1150 1220 Unde
1164 1163 1280 1239 quoties
1300 1165 1361 1222 elie

155 1242 257 1300 animo
278 1242 481 1309 obversentur,
503 1256 570 1312 quae
590 1257 700 1312 meges
719 1239 882 1314 voluptatis
903 1239 951 1296 vel
972 1239 1111 1297 utilitst'u
1131 1241 1226 1316 specie
1246 1242 1363 1300 blendi-

156 1326 259 1389 untur,
274 1320 322 1376 vel
343 1337 411 1393 quae
425 1317 539 1374 melum
553 1316 677 1390 eliqued
697 1318 789 1374 talem
809 1317 977 1376 doctrinam
995 1318 1205 1392 profitentibus
1219 1320 1361 1392 inferunt,

154 1398 244 1454 focile
264 1397 378 1472 petitur
397 1395 479 1452 ideas
493 1394 616 1452 istarum
631 1394 801 1466 veritatum,
816 1413 883 1470 quoe
898 1395 1059 1453 commodis
1073 1397 1134 1453 suis
1154 1399 1360 1470 adversentur,

157 1475 320 1544 obliterari,
334 1481 365 1532 et
378 1473 461 1530 uliud
472 1471 622 1546 judicium
635 1473 800 1547 practicum
812 1492 832 1530 e
847 1473 942 1531 Cerne
955 1473 1018 1529 fieri
1032 1474 1068 1530 de
1082 1475 1233 1549 sequendo
1246 1479 1361 1533 mundo

155 1562 187 1612 et
210 1554 386 1628 abnegando
410 1551 536 1610 Christo.
591 1550 681 1608 Unde
704 1570 766 1609 nen
787 1551 898 1608 mirum
918 1551 943 1608 01
967 1551 998 1606 11
1022 1559 1091 1610 ectu
1113 1554 1228 1628 sospes,
1253 1554 1362 1612 mirum

156 1639 305 1708 queutrrm
319 1632 397 1688 inter
410 1648 441 1686 se
455 1629 629 1704 discrepent.
665 1629 746 1688 Nem
757 1637 792 1686 ut
805 1626 1049 1703 fidesjustifieans
1062 1631 1151 1705 plane
1165 1638 1210 1688 est
1222 1650 1364 1706 persuasu

155 1713 194 1768 de
209 1710 374 1768 miserrime
388 1726 442 1766 suu
462 1708 643 1778 conditione,
657 1714 687 1764 et
701 1726 817 1766 summe
830 1708 933 1783 gratioe
948 1709 1118 1766 necessitate
1132 1717 1163 1766 et
1176 1709 1360 1782 excellentis,

154 1796 187 1847 et
208 1789 307 1846 Deum
327 1793 362 1844 ut
382 1803 533 1843 summum
554 1786 684 1856 Beuum,
700 1785 853 1846 Christum
873 1792 908 1843 ut
927 1786 1048 1843 unicum
1069 1795 1099 1844 et
1117 1787 1362 1862 perfectissimum

157 1867 347 1928 Serveterem
367 1863 503 1938 respicit;
524 1863 556 1922 N
558 1883 598 1922 on
617 1871 714 1938 potest
726 1865 799 1939 quin
813 1863 1028 1922 ferventissime
1043 1865 1152 1922 affeetu
1166 1871 1196 1924 et
1216 1866 1362 1924 desiderio

154 1947 195 2004 ed
210 1964 279 2002 eum
290 1942 452 2016 confugiet,
462 1950 492 1998 et
505 1943 638 2000 oblatum
650 1943 770 2017 recipiat
784 1950 814 2000 et
824 1944 1021 2016 amplectetur
1034 1943 1170 2002 absolute
1181 1951 1211 2002 et
1221 1945 1362 2015 totaliter,

151 2023 263 2118 'plique
276 2021 435 2101 ¹indivulso
450 2039 532 2078 nexu
547 2021 669 2078 uniatur
683 2029 712 2078 01
729 2021 965 2080 consteut'msime
979 2022 1139 2092 udhrereet,
1153 2022 1167 2078 1
1186 2022 1252 2080 Cer.
1264 2022 1302 2078 vi.
1314 2022 1360 2094 17,

154 2102 272 2177 rejectis
285 2101 375 2158 etiem
396 2099 462 2156 eliis
476 2099 623 2169 omuibus,
638 2119 704 2173 quse
722 2101 799 2158 hene
813 2099 955 2156 unionem
969 2106 999 2156 et
1012 2101 1249 2158 communionem
1270 2101 1362 2175 impe·

154 2181 219 2237 dire
233 2185 361 2254 possent,
375 2176 486 2234 Metth.
498 2177 618 2247 111144,
633 2187 664 2234 et
677 2179 738 2235 xix.
754 2179 801 2248 27,
815 2178 892 2235 Phil.
907 2176 948 2233 iii.
960 2177 988 2248 7,
998 2177 1026 2248 8,
1041 2179 1069 2248 9,
1085 2185 1115 2235 01
1128 2187 1232 2253 parata
1242 2178 1361 2253 quidvis

155 2277 245 2332 egere
259 2265 290 2314 et
308 2255 373 2331 peti
389 2272 444 2329 pre
461 2255 579 2314 Christo
599 2257 744 2314 lucrando
762 2263 792 2314 et
808 2255 973 2325 retinendo,
989 2255 1061 2314 Luc.
1076 2257 1116 2313 ix.
1132 2258 1180 2327 23,
1195 2265 1225 2314 01
1238 2257 1298 2314 xiv.
1314 2257 1362 2328 26,

154 2338 204 2405 27,
220 2335 328 2392 Metth.
339 2333 399 2390 xvi.
415 2333 462 2402 24,
477 2333 523 2404 25,
540 2335 608 2391 Aet.
624 2351 673 2392 xv,
689 2335 736 2391 26.
778 2335 837 2393 Sed
859 2340 894 2389 ut
908 2343 1039 2408 retexerem
1053 2336 1150 2392 levem
1171 2336 1261 2393 hebet
1274 2342 1305 2393 et
1317 2336 1363 2392 in-

156 2421 270 2472 eertem
290 2411 520 2487 persuasionem,
535 2411 643 2486 frigide
663 2413 753 2470 etiem
774 2420 804 2470 et
824 2411 944 2469 remisse
958 2413 997 2470 ad
1013 2411 1164 2471 Christum
1185 2415 1319 2484 recurrit,
1334 2421 1364 2472 et

156 2493 263 2549 sicum
277 2487 471 2566 apprehendit
485 2496 515 2547 et
528 2490 638 2565 recipit,
651 2490 752 2548 100111
764 2491 864 2565 petius
875 2508 934 2560 ore,
946 2509 1037 2564 quum
1046 2493 1142 2563 eorde,
1155 2492 1264 2550 Metth.
1275 2511 1324 2549 xv.
1334 2493 1362 2550 8.

158 2570 220 2628 Vel
240 2570 265 2626 si
284 2569 387 2643 recipit
406 2568 438 2624 in
459 2569 566 2638 enims,
587 2570 645 2626 hec
664 2577 709 2626 est
727 2569 829 2643 petius
849 2569 878 2624 in
900 2567 1055 2626 intellectu
1078 2589 1131 2644 per
1153 2571 1362 2645 cognitionem,

157 2667 250 2724 quem
269 2648 302 2704 iu
321 2647 478 2704 voluntate
498 2666 550 2721 per
571 2665 712 2718 emerem,
728 2647 785 2704 Tit.
800 2647 819 2704 i.
837 2646 882 2704 16.
926 2646 985 2703 Vel
1005 2647 1199 2706 siveluntste
1219 2655 1250 2706 et
1265 2649 1362 2718 eorde,

155 2744 313 2801 nunquam
327 2727 384 2782 hoc
396 2724 470 2782 fucit
488 2731 552 2782 1010
565 2726 662 2794 corde,
678 2727 728 2782 scd
743 2725 898 2782 dimidiato
912 2731 942 2782 01
961 2724 1056 2782 divise
1077 2725 1155 2782 inter
1172 2727 1320 2782 mundum
1334 2735 1364 2782 et

157 2804 320 2875 Christum,
334 2810 370 2860 11
389 2821 419 2860 sc
439 2809 537 2860 totum
557 2803 623 2861 Dee
643 2821 798 2877 nunquam
819 2805 927 2870 trudet,
949 2803 1000 2859 sed
1019 2801 1133 2877 aliquid
1148 2822 1216 2860 cum
1231 2803 1361 2873 Ananis,

157 2885 226 2942 Act.
242 2901 270 2940 1.
286 2889 398 2951 turpans,
413 2888 442 2938 et
462 2881 517 2938 sibi
538 2898 653 2939 servare
674 2881 756 2938 velit.
798 2880 888 2939 Unde
908 2886 1006 2950 elenze
1026 2888 1171 2938 vocentur
1190 2880 1363 2955 hypocritae,

157 2961 179 3018 J
182 2980 224 3018 ec.
236 2962 255 3019 i.
267 2962 295 3034 8,
310 2962 363 3036 qni
377 2980 426 3018 cor
440 2970 467 3018 et
481 2979 529 3018 cor
542 2960 662 3030 habeut,
674 2959 713 3018 id.
725 2959 835 3033 purtim
849 2959 923 3028 Dee,
937 2959 1046 3033 purtim
1070 2960 1183 3015 mundo
1198 2961 1362 3016 adhaerens.
1434 3025 1440 3036 ¹

156 3038 224 3097 Nec
243 3041 379 3098 absolute
399 3044 429 3095 et
448 3038 596 3094 illimitete
617 3037 679 3094 sine
699 3038 764 3094 ulle
783 3036 974 3107 restrictione,
996 3043 1030 3094 ut
1054 3035 1118 3093 fieri
1140 3037 1228 3094 debet
1248 3055 1266 3094 s
1286 3037 1363 3094 veris

156 3118 303 3189 fidelibus,
326 3119 378 3176 sed
400 3116 592 3175 conditionate
612 3123 642 3172 et
661 3115 788 3174 limitete
808 3133 876 3172 euru
896 3114 1094 3171 reservatione
1116 3115 1250 3185 mentali,
1271 3114 1362 3172 mode

156 3196 299 3272 professio
321 3197 453 3254 veritatis
474 3213 534 3254 nen
558 3201 663 3252 necent
686 3192 847 3251 commodis
868 3192 938 3262 suis,
953 3199 983 3250 01
1002 3193 1091 3250 110011
1109 3191 1165 3267 ipsi
1184 3193 1275 3266 juxte
1294 3211 1363 3250 cnm

158 3275 278 3333 Christo
298 3274 388 3350 potiri
409 3275 470 3332 suis
490 3273 605 3349 opibus,
626 3272 799 3340 honeribus,
820 3270 941 3340 deliciis,
962 3277 992 3327 et
1012 3269 1078 3328 eliis
1098 3271 1167 3328 11100
1189 3271 1361 3328 commodis.

160 3353 238 3421 11100
254 3353 306 3410 ubi
320 3361 444 3409 eetesm
457 3371 520 3410 esse
534 3351 623 3420 videt,
636 3350 741 3408 recidit
754 3349 852 3425 potius
865 3368 885 3406 0
900 3347 1027 3418 Christe,
1042 3356 1072 3407 01
1085 3367 1155 3406 eum
1168 3349 1296 3423 turpiter
1310 3351 1363 3407 de·

156 3432 238 3502 serit,
253 3450 344 3507 quem
359 3439 392 3490 ut
406 3433 519 3488 munde
533 3436 563 3487 et
576 3429 641 3502 ejus
651 3428 763 3486 deliciis
778 3427 921 3485 nuncium
932 3428 1041 3497 mittet,
1054 3427 1125 3485 Luc.
1141 3427 1222 3484 xviii.
1235 3428 1282 3484 23.

155 3547 171 3594 6
209 3549 317 3595 Ratione
355 3551 395 3594 u,—
450 3507 550 3566 VIII.
575 3507 661 3564 Idem
675 3507 832 3566 discrimen
851 3507 929 3564 01010
949 3507 1093 3579 probetur
1106 3524 1143 3562 ex
1156 3507 1275 3564 duabus
1295 3525 1365 3582 pro·

173 3583 330 3665 'junctorum
370 3614 395 3654 ot
415 3586 600 3662 pristetibus,
622 3585 670 3641 vel
689 3584 835 3643 fructibus
854 3585 944 3642 fidem
971 3585 1229 3659 consequentibus,
1253 3586 1364 3661 condio

186 3668 380 3780 ffirpffip:
423 3665 534 3757 scilieet
560 3671 590 3721 et
600 3662 806 3754 'consoletione
831 3681 900 3754 eum
926 3663 1159 3754 sanoefleotione,
1181 3671 1211 3721 et
1244 3665 1363 3738 pietatis

355 3755 360 3774 ¹
419 3745 530 3802 studio.
573 3742 662 3800 Fides
676 3761 755 3798 emm
770 3742 900 3800 salvifice
918 3743 1065 3815 gendrum
1079 3743 1210 3799 selrdum
1224 3750 1253 3798 et
1267 3753 1366 3798 erisne-

159 3839 228 3880 11111
247 3819 277 3876 11
300 3823 388 3878 eorde
408 3827 532 3896 generet
551 3839 588 3878 ex
608 3820 792 3895 penitissime
813 3820 924 3878 scilieet
951 3820 1104 3893 proesentis
1123 3820 1227 3894 grstiae
1254 3820 1364 3876 divinae

158 3914 256 3968 sensu,
277 3903 308 3954 et
328 3917 379 3972 spe
399 3918 459 3956 non
479 3899 580 3957 salleni
599 3899 711 3956 suturae
731 3899 844 3972 gloriae,
868 3899 950 3972 qued
971 3899 1031 3955 tale
1051 3905 1095 3954 est
1115 3903 1150 3953 ut
1170 3905 1306 3954 cenetens
1334 3905 1365 3953 et

159 3980 307 4030 aeternum
333 3976 379 4046 sit,
394 3979 475 4052 qued
488 3997 506 4034 e
521 3978 605 4035 nobis
619 3995 706 4034 nemo
720 3977 837 4034 auferre
851 3982 949 4050 quest,
964 3975 984 4033 J
988 3976 1035 4032 oh.
1049 3975 1108 4032 xvi.
1124 3974 1170 4029 22.
1214 3973 1271 4030 Sed
1292 3974 1365 4030 fides

159 4061 291 4127 retexens
311 4055 457 4128 gaudium
484 4057 606 4130 aliquod
633 4056 732 4124 hebet,
753 4055 825 4129 quis
851 4053 960 4110 dieitur
987 4052 1115 4124 recipere
1137 4047 1273 4106 Verbum
1298 4061 1365 4117 mse

157 4143 239 4205 χιμῖε
258 4152 320 4188 oum
339 4133 458 4208 qoudio,
479 4133 590 4191 Metth.
606 4133 666 4190 xiii.
689 4133 736 4203 20,
758 4135 809 4190 sed
834 4131 981 4206 goudium
1004 4127 1166 4184 evanidum
1187 4133 1217 4182 et
1239 4128 1364 4200 fluxum,

157 4212 241 4287 quod
262 4230 321 4268 101
343 4213 438 4270 011111
458 4232 495 4270 ex
515 4231 584 4269 vere
597 4219 628 4269 et
646 4210 778 4268 fiduciali
794 4208 902 4268 Christi
921 4204 1153 4281 apprehensione
1164 4226 1172 4273 ;
1194 4207 1308 4262 sedvel
1328 4226 1366 4265 ex

156 4289 299 4348 doetrinae
313 4293 446 4350 novitate
460 4298 491 4348 01
510 4289 638 4360 raritate,
650 4289 671 4346 J
674 4291 722 4346 eh.
736 4307 764 4347 v.
780 4287 827 4356 35,
842 4305 908 4360 quse
923 4285 999 4341 solet
1011 4282 1195 4340 intellectum
1209 4283 1365 4356 oblectere,

155 4370 206 4426 111
230 4387 266 4425 ex
293 4367 359 4442 ejus
380 4369 577 4428 suavitatem
604 4368 770 4436 dulcedine,
795 4384 862 4440 quse
884 4363 1051 4420 libertatem
1075 4367 1106 4418 et
1128 4361 1256 4419 salutem
1279 4363 1366 4436 pelli-

158 4455 250 4516 cetur,
260 4447 309 4502 101
323 4467 360 4506 ex
376 4447 507 4504 utilitate
521 4447 560 4502 ud
574 4446 731 4503 commode
743 4445 814 4501 vitre
829 4440 1046 4515 consequenda,
1055 4439 1134 4496 utin
1148 4439 1183 4496 iis
1196 4439 1303 4510 visum,
1314 4442 1366 4516 qui

159 4524 311 4582 Christum
322 4533 445 4601 propter
459 4541 566 4598 punem
578 4531 608 4582 et
621 4523 767 4582 miraculo
780 4541 847 4596 quae
863 4520 900 4577 ub
910 4519 976 4593 ipso
989 4519 1193 4592 patrabantur,
1205 4519 1367 4592 sequeban-

157 4611 216 4660 tur.
259 4601 351 4660 Unde
365 4609 598 4660 mutete-rerum
614 4601 699 4672 fecie,
715 4601 814 4659 stetim
834 4605 925 4673 etque
936 4615 1008 4654 crux
1023 4603 1053 4653 et
1068 4597 1233 4670 persecutio
1248 4605 1367 4673 propter

161 4680 297 4740 Verbum
313 4681 455 4749 succedit,
470 4681 712 4739 scandalizentur
726 4679 794 4736 ilice
808 4685 838 4736 01
852 4677 1004 4746 recedunt,
1020 4675 1130 4732 Metth.
1146 4674 1208 4732 xiii.
