3202 5194
266 353 304 410 76
718 365 809 409 nocua
825 364 1003 407 uuouctuus.
1255 341 1386 427 [esaar.
1404 365 1488 411 xm.

307 511 436 570 XXIII.
461 509 640 581 sabbathum
664 517 784 569 vocatur
797 509 868 567 zhu
884 527 952 582 naas,
968 509 1067 582 scedas
1074 515 1253 584 perpetuum,
1269 507 1366 568 Exod.
1382 510 1484 571 xxxi.

267 593 313 666 16,
338 595 384 666 17,
404 611 462 649 non
483 590 593 650 ratione
611 590 808 667 perpetuitatis
826 590 974 662 absolute,
990 587 1042 646 sed
1063 599 1237 664 comparate
1255 597 1285 647 et
1300 590 1480 667 periodieoe,

265 679 383 759 propter
396 671 613 730 diuturnitatem
628 672 692 748 ejus
705 689 776 729 usus
789 669 928 728 inVeteri
938 669 1026 743 Test,
1038 675 1072 726 ut
1085 687 1146 726 vox
1159 669 1231 727 ὢν
1252 687 1328 745 saepe
1343 671 1483 730 sumitur

265 771 318 829 pro
333 751 482 809 duratione
496 751 684 826 memorabili,
700 750 752 809 scd
765 769 817 827 pro
831 759 934 808 natura
947 747 990 806 rei
1002 748 1134 824 limitata,
1157 767 1215 825 quo
1229 749 1316 806 modo
1330 749 1482 809 tribuitur

265 831 484 905 circumcisioni,
501 832 575 891 Gen.
591 831 662 890 xvii.
680 834 725 906 13,
741 830 864 906 panibus
878 828 1091 906 propositionis,
1108 828 1179 887 Lev.
1195 829 1277 886 xxiv.
1293 831 1321 904 8,
1344 830 1479 889 oblatio-

264 911 352 970 nibus
365 911 563 989 primitiarum,
581 912 667 970 Num.
679 911 761 968 xviii.
776 912 821 985 19,
846 909 1022 984 sacerdotio,
1039 908 1125 966 Num.
1137 908 1241 968 xxviii.
1254 912 1302 984 23,
1315 917 1344 966 et
1356 911 1479 986 passim

264 998 335 1058 ebra
350 992 385 1050 de
394 999 522 1069 tempore
533 992 699 1050 oeconomiaa
708 989 811 1066 legalis
822 987 963 1066 usquead
974 987 1112 1046 Messiam
1123 997 1291 1065 usurpatur3
1306 989 1363 1046 imo
1372 998 1403 1047 et
1414 1010 1477 1067 pro

264 1072 368 1130 minori
378 1071 479 1149 spatie,
490 1071 512 1131 J
513 1071 611 1131 ubilaei
625 1071 713 1130 scilic.
729 1078 874 1146 tempore:
896 1068 991 1127 Exod.
1006 1067 1068 1126 xxi
1081 1071 1108 1143 6,
1119 1087 1216 1128 aeratas
1229 1067 1335 1127 dicitur
1347 1071 1476 1129 servitu-

264 1172 314 1210 rae
329 1153 358 1210 in
367 1161 543 1228 perpetuam,
559 1151 598 1210 id.
612 1152 651 1209 ad
664 1152 686 1211 J
687 1150 823 1210 ubilaeum
837 1169 938 1228 usque.

306 1231 431 1290 XXIV.
454 1232 502 1289 Ex
516 1252 550 1290 eo
564 1232 643 1308 quod
658 1231 721 1290 Lex
735 1230 771 1288 de
788 1230 935 1289 Sabbatho
950 1227 1018 1286 data
1032 1227 1070 1288 ait
1083 1235 1151 1286 ante
1164 1227 1286 1305 lapsum,
1308 1235 1342 1287 ut
1362 1226 1401 1286 ad
1416 1247 1474 1286 ex·

264 1313 393 1388 emplum
408 1312 463 1372 Dei
478 1311 540 1370 dies
554 1312 604 1369 ille
618 1312 654 1370 ab
669 1311 785 1369 homIne
806 1309 1041 1382 sanctificaretur,
1056 1308 1130 1367 bene
1145 1307 1293 1385 colligitur
1305 1327 1370 1367 esse
1390 1327 1473 1388 pree-

265 1392 350 1470 cipua
364 1391 409 1450 sui
422 1399 503 1468 parte
517 1391 672 1466 moralem;
695 1390 747 1449 sed
760 1409 818 1448 non
833 1389 930 1448 statim
944 1388 1074 1464 sequitur
1087 1407 1152 1446 asae
1165 1387 1297 1446 absolute
1311 1396 1341 1447 et
1355 1387 1473 1466 simpli-

264 1472 336 1530 citer
349 1471 453 1546 talem,
476 1471 543 1530 Non
557 1471 632 1529 enim
647 1469 786 1547 quicquid
807 1469 888 1528 Deus
902 1467 1018 1526 Adamo
1037 1467 1174 1545 praecepit
1188 1476 1238 1526 aut
1251 1468 1353 1544 vetuit,
1369 1476 1416 1526 eat
1430 1488 1475 1526 ex

266 1571 297 1610 se
311 1559 341 1610 et
354 1551 384 1608 in
399 1552 552 1610 sabanum
572 1559 602 1610 et
615 1551 723 1610 melum
737 1548 890 1625 moraliter,
913 1548 992 1626 quod
1006 1547 1054 1606 vel
1074 1567 1112 1606 ex
1133 1566 1186 1607 cau
1205 1548 1316 1606 arborIa
1336 1547 1473 1608 scientiae

264 1631 334 1690 boni
348 1640 377 1690 et
391 1631 459 1691 mali
473 1639 561 1708 patet.

305 1711 412 1770 XXV.
436 1710 660 1770 Immutabilitas
675 1709 739 1784 Dei,
752 1717 781 1768 et
795 1707 956 1768 constantia
970 1707 1159 1766 Decretorum
1170 1707 1242 1785 ejus,
1258 1707 1325 1766 iacit
1334 1705 1468 1784 quidem,

264 1799 297 1851 ut
319 1812 353 1850 ea
367 1812 432 1869 quae
446 1801 514 1851 suut
531 1791 607 1868 juris
620 1790 760 1849 naturalis
776 1789 832 1848 Dei
848 1789 897 1848 vel
920 1789 957 1847 ab
972 1807 1005 1846 eo
1020 1787 1136 1846 decreta
1157 1788 1268 1846 suntin
1284 1795 1469 1865 perpetuum,

263 1881 403 1950 perpetua
416 1871 503 1932 etiam
518 1871 583 1948 sint,
599 1880 629 1930 et
643 1889 790 1947 nunquam
801 1876 965 1928 mutentur:
980 1867 1032 1927 sed
1044 1887 1103 1925 non
1114 1867 1214 1926 eadem
1225 1875 1271 1926 est
1280 1868 1354 1926 ratio
1365 1887 1471 1926 eorum

263 1971 329 2029 qun
344 1961 412 2011 sunt
425 1951 508 2012 Juris
528 1951 655 2028 positivi,
678 1958 708 2009 et
728 1967 792 2027 quae
807 1948 845 2007 ad
866 1957 975 2006 certum
996 1955 1109 2006 tantum
1130 1955 1244 2026 tempus
1264 1947 1469 2024 instituuntur,

264 2033 350 2106 quale
365 2032 420 2090 fuit
443 2031 622 2089 sabbathum
637 2031 809 2104 Mosaioum,
831 2027 928 2105 quoad
941 2027 1186 2088 circumstantiam
1199 2027 1339 2105 temporis
1360 2035 1391 2088 et
1404 2047 1469 2086 mo-

265 2111 334 2170 dum
349 2110 560 2169 observationis
574 2110 596 2169 J
597 2110 688 2168 udaeis
701 2108 817 2186 praescri
839 2118 909 2167 tum.

264 2231 374 2276 secunus
398 2229 507 2288 Proposi-
569 2187 694 2282 XXVI.
719 2128 852 2246 secunda
874 2186 1054 2280 Propositio:
1076 2189 1252 2280 Ilroeceptum
1276 2186 1316 2246 iv.
1349 2207 1409 2280 nen
1429 2196 1472 2246 eat

293 2290 506 2414 atreus
528 2266 1470 2425 assuetissimusuestitu

292 2407 464 2450 cammoneas.
524 2426 591 2485 ideo
605 2426 716 2485 nullum
731 2435 906 2504 praeceptum
920 2425 1013 2501 datur,
1026 2427 1105 2503 quod
1119 2426 1157 2485 sit
1167 2447 1245 2486 mere
1256 2427 1469 2486 caeremoniale.

262 2509 291 2564 2.
308 2504 382 2580 Quia
395 2503 461 2563 finis
476 2504 540 2582 ejus
553 2515 598 2565 est
611 2506 737 2582 moralia,
759 2515 820 2565 tum
835 2506 953 2584 primus,
975 2507 1109 2584 publicus
1129 2507 1265 2565 nimirum
1286 2517 1316 2566 11
1338 2507 1469 2566 solennis

263 2585 320 2642 Dei
331 2585 435 2659 cultus,
445 2584 556 2661 positus
564 2585 595 2643 in
604 2586 832 2645 consideratione
843 2595 872 2645 et
882 2587 1067 2645 meditatione
1082 2606 1200 2663 operum
1215 2587 1286 2664 ejus,
1297 2597 1327 2646 et
1340 2587 1373 2644 in
1384 2607 1467 2646 exer-

263 2663 339 2723 citiis
360 2664 484 2741 publicis
504 2666 636 2742 pietatis;
659 2667 709 2742 qui
723 2686 782 2725 non
802 2674 898 2742 potest
918 2666 1049 2742 praestari
1063 2666 1125 2724 sine
1143 2665 1384 2726 determinatione
1399 2667 1469 2726 stati

263 2743 414 2820 cujusdam
436 2753 465 2804 et
485 2745 612 2804 solennis
633 2745 691 2806 diei
711 2746 755 2804 illi
776 2746 867 2806 cultui
885 2747 990 2822 dicati;
1022 2753 1085 2804 tum
1105 2745 1319 2821 subordinatus,
1341 2747 1468 2806 cessatio

262 2823 397 2882 nimirum
412 2825 449 2883 ab
463 2845 548 2902 opere
563 2827 661 2885 servili
675 2826 713 2884 ad
734 2845 882 2886 servorum
897 2836 926 2884 et
939 2827 1088 2884 brutorum
1103 2825 1230 2902 ahquam
1244 2826 1466 2885 relaxationem.

261 2907 289 2963 3.
306 2905 381 2980 Quia
394 2905 518 2964 officium
532 2907 611 2983 quod
624 2907 820 2984 prescribitur
831 2905 940 2964 morale
954 2913 1006 2980 est,
1023 2905 1211 2964 sanctificatio
1226 2906 1338 2964 scilicet
1354 2905 1467 2965 Sabba-

260 2984 313 3061 tbi,
329 2985 406 3044 diem
420 2985 502 3045 illum
524 2986 560 3044 ab
574 2986 639 3045 eliis
653 2986 843 3064 segregando,
865 2995 895 3044 et
915 2985 1022 3044 sanctis
1036 2985 1145 3060 usibus,
1166 2985 1302 3044 nimirum
1317 2985 1467 3044 exercitiis

260 3065 377 3141 pietatis
391 3074 420 3125 et
434 3066 529 3125 cultus
551 3085 620 3144 erga
641 3067 737 3126 Deum
757 3075 786 3124 et
805 3065 952 3124 charitatis
973 3083 1043 3140 erga
1062 3063 1235 3140 proximum,
1258 3065 1467 3124 consecrando.

260 3147 289 3202 4.
305 3143 379 3218 Quia
393 3147 465 3204 ratio
480 3153 509 3204 et
523 3147 664 3204 motivum
685 3147 821 3224 praecepti
835 3145 872 3204 ab
890 3144 1024 3222 exemplo
1046 3143 1102 3202 Dei
1116 3144 1154 3202 ad
1168 3144 1359 3204 imitationem
1380 3145 1467 3205 nobis

260 3224 416 3298 proposito,
439 3225 535 3300 quiete
550 3224 661 3283 scilicet
674 3226 737 3302 ejus
751 3225 801 3282 illo
816 3225 862 3283 dia
884 3226 1005 3302 ejusque
1026 3223 1262 3300 sanctificatione,
1284 3225 1396 3283 morale
1411 3233 1464 3300 est,

260 3301 364 3376 cuique
379 3301 445 3359 ideo
459 3301 620 3359 conformes
639 3321 774 3361 essenon
794 3323 957 3380 possumus,
972 3303 1030 3362 nisi
1049 3321 1101 3380 per
1122 3303 1208 3362 officii
1222 3303 1341 3362 moralis
1354 3304 1401 3362 illi
1420 3323 1465 3362 re·

261 3379 431 3456 spondentis
444 3381 666 3455 praestationem.
852 3441 856 3452 ,

301 3456 444 3516 XXVII.
460 3459 488 3516 5.
504 3457 579 3532 Quia
591 3467 694 3517 natura
706 3460 843 3536 praecepti
856 3468 901 3519 est
914 3461 1055 3537 derebus,
1067 3481 1132 3538 quaa
1146 3470 1279 3521 naturam
1292 3463 1467 3522 rationalem

261 3555 319 3612 qua
332 3537 419 3594 talem
434 3536 544 3612 decent,
555 3545 584 3596 et
594 3558 659 3614 quae
669 3539 817 3616 principiis
825 3541 1004 3600 naturalibus
1018 3550 1048 3601 et
1061 3542 1166 3600 rationi
1179 3549 1265 3600 recta
1275 3543 1466 3602 conveniunt.

261 3615 336 3672 Nam
349 3622 382 3673 ut
397 3616 534 3673 Creatura
544 3617 691 3676 rationalis
701 3627 816 3678 tenetur
830 3619 925 3679 Deum
939 3622 1041 3696 colere,
1057 3641 1116 3678 non
1129 3629 1242 3680 tantum
1253 3621 1369 3680 interno
1385 3623 1467 3682 cultu

259 3693 356 3768 animi,
373 3693 424 3752 sed
438 3701 467 3752 et
481 3703 600 3754 externo
614 3699 750 3774 corporis,
766 3718 819 3758 nec
839 3699 952 3776 privato
967 3699 1117 3773 duntaxat,
1133 3701 1184 3760 sed
1198 3702 1286 3760 etiem
1300 3701 1421 3778 publico
1435 3703 1467 3760 in

261 3773 468 3832 Communione
484 3773 674 3836 Sanctorumr
697 3777 744 3836 Ita
764 3787 842 3837 recta
862 3780 936 3838 ratio
950 3779 1035 3838 docet
1051 3780 1125 3838 nihil
1146 3781 1368 3840 convenientius
1390 3801 1464 3858 esse,

259 3871 346 3928 quam
361 3854 433 3928 Deo,
449 3853 499 3930 qui
513 3855 596 3913 nobis
610 3875 673 3914 esse
690 3866 827 3932 nostmm,
843 3866 873 3917 ct
889 3859 985 3916 omnia
998 3877 1063 3935 quaa
1084 3858 1274 3935 possidemus,
1289 3867 1467 3938 tempusque

259 3931 354 4006 ipsum
367 3941 460 3992 totum
474 3934 565 4010 gratia
579 3933 667 4010 dedit,
684 3944 790 3996 statum
805 3937 922 4016 aliquod
938 3947 968 3996 et
981 3937 1203 3998 determinatum
1217 3947 1334 4015 tempus
1354 3941 1387 3997 in
1408 3941 1465 4017 Cy·

259 4009 304 4068 clo
318 4010 416 4086 aliquo
437 4013 621 4073 convenienti
641 4033 808 4074 consecrare
828 4017 866 4075 ad
878 4017 994 4094 publice
1015 4017 1110 4094 ipsum
1130 4017 1294 4095 colendum,
1310 4027 1340 4077 et
1361 4019 1467 4080 laudes

259 4088 322 4164 ejus
337 4089 532 4150 celebrandas.
568 4096 596 4152 6.
618 4092 693 4166 Quia
706 4103 880 4174 praeceptum
895 4097 1111 4172 hocnunquam
1125 4097 1365 4176 legiturpenitus
1380 4099 1466 4159 abro-

258 4174 359 4244 gatum
380 4168 411 4225 in
432 4169 516 4228 Novo
531 4171 735 4249 Testamenta,
765 4175 829 4234 Imo
850 4195 915 4235 oum
938 4175 1070 4234 Christus
1090 4183 1182 4234 totam
1197 4175 1309 4254 Legem
1322 4179 1467 4239 moralem

257 4255 394 4323 tanquam
408 4246 446 4304 ad
461 4247 638 4309 Christianos
652 4254 842 4328 pertinentem
856 4263 886 4312 ct
899 4254 978 4312 omni
991 4263 1119 4329 tempore
1133 4274 1184 4314 eos
1197 4255 1381 4332 obligantem
1395 4279 1467 4318 con-

255 4325 384 4402 firmarit,
400 4345 434 4384 eo
449 4325 511 4402 ipso
526 4338 658 4389 censetur
671 4339 701 4389 at
714 4332 769 4390 hoo
779 4341 953 4410 praeceptum
967 4333 1160 4393 confirmasse.
1187 4335 1227 4394 Et
1240 4355 1308 4394 cum
1317 4337 1392 4398 certi
1403 4337 1468 4398 dies

257 4425 370 4482 semper
390 4406 426 4465 ab
442 4404 574 4466 Ecclesia
597 4409 760 4470 Christiana
781 4413 839 4471 sint
859 4413 897 4470 ad
917 4421 1008 4471 coehrs
1028 4413 1162 4490 publicos
1182 4422 1212 4471 et
1233 4415 1387 4475 solennem
1410 4417 1468 4477 Dei

256 4485 366 4543 cultum
380 4485 550 4545 sanctificati
564 4495 594 4546 et
607 4487 704 4564 dicati,
720 4509 757 4547 ex
771 4511 806 4550 eo
825 4491 939 4551 abunde
952 4492 1051 4569 liquet,
1069 4491 1211 4568 Praecepti
1223 4494 1310 4553 istius
1325 4495 1467 4556 observa-

254 4563 362 4622 tionem
373 4565 510 4624 moralem
523 4567 652 4627 habitam
666 4587 738 4644 csse,
754 4578 783 4628 et
793 4571 869 4648 juris
882 4571 1021 4648 perpetui.
1051 4569 1136 4629 Alias
1157 4573 1182 4630 si
1192 4581 1372 4651 praeceptum
1389 4585 1468 4638 esset

254 4660 331 4701 mere
342 4646 547 4725 caeremoniale,
558 4667 617 4708 non
629 4648 729 4708 liceret
742 4669 819 4711 nunc
829 4649 1008 4712 Sabbathum
1018 4649 1109 4710 ullum
1119 4650 1283 4728 observare,
1296 4673 1358 4713 non
1368 4657 1467 4736 magis
