3192 5206
251 370 309 426 274
668 383 760 425 rocus
776 383 904 423 nacruus
916 381 1049 422 raarrus.
1275 361 1399 442 [Qirmsr.
1414 382 1455 423 vr.

248 533 380 585 concrete
394 541 446 603 pro
457 532 518 585 toto
529 525 673 602 personali
685 522 801 599 Christi,
816 523 895 602 quod
906 531 1019 582 constat
1030 542 1068 582 ex
1081 541 1204 600 persona
1217 521 1302 594 Atym
1316 531 1345 582 ει
1355 530 1458 582 natura

248 605 382 679 humana,
399 625 456 682 quo
478 625 564 664 sensu
579 614 700 664 vocatur
713 607 811 662 Matar
825 605 950 677 Domini,
964 603 1034 662 Luc.
1049 603 1069 662 i.
1092 605 1140 677 43,
1157 603 1208 661 sed
1223 623 1281 661 non
1295 603 1414 680 praecise
1429 612 1458 662 et

248 685 393 744 abstracte
407 686 518 745 ratione
534 685 668 744 Deitatis.
711 685 758 742 Ita
768 692 860 742 mater
874 684 929 742 Dei
944 682 1050 742 dicitur
1062 683 1252 762 spcmflcativc,
1264 683 1303 743 id.
1319 684 1390 760 ejus,
1407 683 1458 761 qui

251 764 333 823 Deus
347 773 399 839 est,
417 765 468 824 sed
482 785 540 823 nou
550 765 759 841 reduplicatim,
775 783 832 840 qua
845 764 925 822 Deus
938 772 992 822 est.

288 844 384 902 XIX.
407 845 551 922 Quicquid
565 853 663 905 natum
676 853 721 902 est
734 863 865 902 excarne
880 863 947 902 caro
961 851 1014 918 est,
1030 842 1099 902 Joh.
1115 842 1155 900 iii.
1171 845 1198 901 6.
1214 842 1283 900 nim.
1299 842 1458 902 secundum

247 931 357 983 naturae
371 925 509 1001 ordinem,
540 933 568 984 et
591 924 678 983 modo
692 923 825 999 naturali,
841 943 892 983 seu
907 923 1091 1000 generatione
1106 921 1251 980 ordinaria
1270 929 1300 981 ct
1314 923 1458 1000 univoca;

247 1022 306 1061 non
326 1023 396 1063 vero
418 1013 501 1063 extra
521 1004 660 1079 ordinem,
676 1013 705 1062 et
719 1004 805 1062 modo
830 1001 1048 1081 supernaturali,
1070 1001 1149 1078 quod
1171 1002 1218 1060 hie
1239 1000 1356 1061 facturn.
1379 1002 1459 1062 Hine

246 1084 316 1143 licet
330 1083 462 1143 Christus
476 1105 514 1143 ax
528 1084 643 1143 Adamo
658 1091 807 1160 peccatore
822 1092 917 1142 ortum
931 1082 1055 1156 duxerit,
1072 1102 1130 1140 non
1146 1089 1242 1141 tamen
1256 1091 1406 1160 peceatum
1421 1083 1460 1141 ab

248 1182 283 1222 eo
297 1164 387 1222 traxit
400 1164 448 1222 vel
469 1165 641 1241 imputatum
662 1164 709 1222 vel
730 1163 892 1238 inhaerens3
914 1163 983 1239 quia
1003 1181 1061 1220 non
1075 1161 1225 1221 deseendit
1240 1162 1276 1220 ab
1290 1163 1354 1238 ipso
1375 1181 1413 1220 ex
1428 1163 1460 1220 vi

249 1243 448 1320 promissionis
464 1245 616 1321 generalis,
634 1243 755 1304 Crescite
769 1253 796 1302 at
808 1242 1033 1318 mntapticamini
1040 1266 1052 1314 ;
1074 1241 1125 1300 sad
1136 1242 1243 1300 virtute
1257 1242 1461 1319 promissionis
1572 1235 1573 1240 ἵ

247 1322 383 1400 specialis
396 1321 432 1382 de
446 1324 561 1382 Semina
574 1323 720 1397 mulieris3
744 1324 782 1381 Et
792 1323 861 1381 licet
875 1322 1001 1381 fueritin
1013 1321 1128 1380 Adamo
1137 1321 1232 1399 quoad
1242 1330 1383 1397 naturam,
1399 1341 1460 1380 non

247 1411 345 1461 tamen
364 1403 460 1479 quoad
482 1403 639 1463 Personam
653 1411 684 1461 et
698 1411 803 1462 statum
818 1402 965 1478 moralem,
990 1421 1040 1460 seu
1062 1401 1228 1460 soederalem
1242 1402 1391 1476 rationem,
1407 1421 1461 1478 per

249 1482 390 1640 pipiappnssit
412 1491 445 1542 ut
475 1484 583 1561 posteri
609 1483 717 1541 Adami
737 1501 845 1558 omnes,
870 1490 992 1559 excepto
1017 1481 1140 1558 Christo,
1165 1483 1371 1584 peccatouejus
1392 1501 1459 1560 par·

712 1801 905 1877 Qumsrro
939 1801 994 1859 vr.

413 1981 452 2019 DE
473 1979 624 2020 vulturnus
646 1978 883 2036 INOARNATIONIS,
906 1979 943 2018 ET
964 1977 1076 2020 UNIONE
1097 1976 1313 2018 numerasset.

301 2127 347 2182 An
353 2123 434 2202 fitius
449 2121 508 2178 Dei
519 2123 666 2179 Naturam
680 2123 847 2179 Humanam
861 2120 889 2178 in
908 2120 1047 2178 Unitotem
1062 2120 1195 2178 Personoe
1209 2121 1416 2197 assumpserit?

688 2199 800 2259 Affinn.
816 2207 916 2258 contra
932 2199 1028 2259 Sosin.

290 2363 315 2420 Ι.
338 2363 411 2419 Duae
433 2367 499 2418 sunt
522 2358 551 2414 in
577 2358 730 2432 Religioue
753 2358 916 2418 Christiana
939 2351 1119 2433 Quaestiones
1142 2379 1202 2436 prae
1216 2359 1327 2418 caeteris
1351 2359 1463 2420 arduae.
1572 2323 1573 2362 ζ

251 2443 349 2500 Prima
363 2440 399 2498 de
416 2438 534 2498 Unitate
549 2438 635 2496 trium
652 2438 844 2497 Personarum
866 2439 895 2495 in
909 2457 967 2497 una
982 2439 1117 2506 Essentia
1130 2439 1160 2497 in
1174 2439 1332 2516 Trinitate;
1356 2439 1464 2500 Altera
1572 2445 1573 2512 i

250 2522 286 2580 de
309 2520 424 2580 Unione
445 2518 566 2575 duarum
589 2517 763 2576 Naturarum
783 2518 814 2576 ia
835 2538 893 2576 una
921 2518 1049 2578 Persona
1076 2519 1106 2576 in
1122 2519 1332 2578 Incarnatione.
1377 2519 1464 2580 Licet
1572 2519 1573 2570 Ῠ

250 2610 346 2660 autem
360 2599 482 2657 multum
498 2598 572 2655 inter
583 2615 613 2655 se
624 2595 766 2672 differant,
782 2598 851 2674 quia
863 2598 893 2655 in
904 2598 997 2675 prima
1010 2599 1106 2674 agitur
1119 2599 1156 2658 de
1171 2599 1290 2658 Unitate
1305 2599 1461 2676 Essentiae,
1572 2665 1573 2672 ,

248 2691 277 2740 ει
287 2681 427 2739 Trinitate
438 2679 628 2736 Personarum
641 2699 648 2751 ;
672 2677 707 2735 In
722 2677 813 2754 altera
822 2697 892 2736 vero
903 2678 939 2736 de
952 2678 1070 2737 Unitate
1086 2679 1229 2754 Persona,
1242 2688 1271 2737 et
1281 2678 1463 2740 Diversitate

249 2762 441 2821 Naturarum:
463 2757 572 2816 Tamen
587 2758 677 2816 altera
697 2757 815 2817 alterius
836 2758 1030 2835 cognitionem
1054 2777 1113 2816 non
1134 2779 1234 2836 parum
1246 2759 1340 2835 juvat.
1385 2759 1463 2818 Nam
1572 2749 1573 2794 l

247 2850 281 2901 ut
302 2843 332 2899 iu
353 2840 494 2898 Trinitate
515 2839 611 2897 unitas
633 2838 765 2897 essentia
787 2857 844 2896 non
858 2837 986 2916 impedit,
1010 2838 1163 2915 quominus
1184 2837 1327 2897 distincta
1350 2838 1409 2898 sint
1423 2841 1462 2899 ab
1572 2847 1573 2926 ζ

248 2923 374 2980 invicem
389 2921 532 2993 Personae,
549 2926 578 2976 et
591 2918 877 2977 incommunicabiles
898 2937 995 2977 aarum
1009 2917 1199 2995 proprietates
1213 2925 1243 2976 et
1257 2918 1461 2994 operationes:
1572 2949 1573 2986 ;

249 3003 296 3061 Ιιε
311 3001 389 3061 Unio
405 3000 578 3058 Naturanrm
593 2997 623 3056 in
640 2999 767 3056 Persona
778 2999 894 3072 Christi,
909 3017 968 3056 uon
979 2997 1075 3057 obstat
1088 2999 1242 3076 quominus
1256 3007 1285 3057 et
1296 2997 1416 3058 Naturae
1432 3008 1462 3060 ει
1572 3003 1573 3080 l

248 3101 346 3140 carum
360 3079 551 3158 proprietates
564 3077 723 3137 inconfusae
736 3086 872 3137 maneant
886 3087 915 3137 et
929 3078 1082 3137 distinctae.

553 3159 595 3216 II.
619 3159 684 3216 Non
700 3157 844 3232 Quaeritur
857 3157 893 3216 de
908 3158 1029 3217 veritate
1045 3159 1162 3216 Natura
1183 3158 1324 3232 humanae,
1341 3157 1411 3235 quia
1425 3179 1460 3220 ea
1572 3205 1573 3220 t

278 3211 461 3316 smfflnffiffl
511 3239 645 3314 utrinque
674 3247 718 3297 est
742 3238 772 3296 in
800 3237 950 3312 confess03
984 3237 1045 3297 Nec
1067 3237 1103 3296 de
1125 3237 1246 3296 veritate
1270 3246 1382 3297 naturae
1410 3247 1461 3297 aut
1572 3235 1573 3274 t

511 3317 677 3393 hypostasis
693 3317 761 3374 Filii
777 3317 840 3392 Dei,
856 3318 925 3394 quia
938 3317 1007 3376 alibi
1028 3317 1064 3376 de
1086 3337 1120 3376 ea
1140 3327 1236 3376 actum
1251 3326 1303 3376 est.
1342 3318 1401 3377 Sed
1423 3319 1460 3376 de

248 3401 457 3462 [aromaticam
480 3397 605 3470 veritate,
627 3395 677 3452 An
701 3397 794 3454 Filius
816 3397 872 3454 Dei
892 3405 1023 3456 naturam
1043 3399 1198 3455 humanam
1220 3399 1409 3474 assumpserit
1430 3399 1460 3456 in

248 3481 389 3541 unitatem
412 3479 555 3548 Personae,
571 3474 612 3532 ita
635 3482 668 3533 ut
689 3474 765 3534 idem
777 3476 827 3552 qui
842 3476 935 3534 Filius
949 3477 1006 3535 Dei
1019 3485 1088 3553 erat,
1104 3475 1198 3536 factus
1209 3476 1247 3536 sit
1260 3497 1311 3553 per
1322 3479 1458 3537 unionem

247 3559 460 3638 hypostaticam
475 3555 568 3612 Filius
581 3553 731 3612 hominis?
766 3555 832 3613 Ηοε
846 3566 978 3616 asserunt
992 3556 1162 3632 Orthodoxi,
1178 3566 1285 3633 negant
1301 3557 1459 3618 Sociniaui.

290 3639 351 3697 III.
374 3639 440 3696 Non
455 3633 599 3712 Quaeritur
619 3633 655 3691 de
680 3634 787 3692 Unionc
805 3635 924 3710 physica
945 3644 973 3694 et
994 3637 1140 3696 essentiali
1161 3637 1283 3695 duarum
1304 3657 1400 3696 rerum
1422 3637 1461 3696 ad

249 3717 479 3779 constituendam
501 3733 587 3771 unam
609 3713 722 3772 tertiam
743 3724 883 3790 naturam,
898 3723 932 3774 ut
952 3717 1048 3775 anima
1060 3717 1159 3775 unitur
1172 3718 1285 3793 corpori
1298 3717 1336 3775 ad
1351 3719 1458 3778 consti-

246 3799 386 3860 tuendum
415 3797 570 3854 hominem.
613 3793 679 3850 Non
703 3793 739 3852 de
763 3795 863 3854 unione
885 3800 991 3878 σχκικῇ
1011 3805 1040 3855 ει
1062 3798 1189 3873 relativa,
1205 3817 1269 3874 quae
1294 3796 1324 3854 in
1353 3799 1460 3857 unione

248 3881 408 3939 animorum
433 3886 462 3936 et
487 3893 628 3934 consensu
652 3874 834 3934 voluntatum
859 3876 999 3951 consistit,
1021 3876 1115 3953 qualis
1140 3885 1184 3935 eet
1207 3877 1275 3935 unio
1290 3878 1459 3938 amicorum.

249 3961 316 4020 Non
330 3960 366 4018 de
380 3959 481 4018 anione
495 3957 675 4036 auguramini
688 3974 740 4031 per
754 3975 861 4014 meram
875 3957 1067 4030 maistentiam,
1090 3957 1184 4032 qualis
1199 3964 1260 4015 erat
1274 3955 1459 4035 Angelorum

247 4061 313 4100 cum
334 4039 501 4116 corporibus
522 4035 685 4110 assumptis.
729 4035 794 4092 Non
816 4035 852 4094 de
877 4037 983 4095 Unione
1003 4035 1126 4117 ὶςαπικῇ
1144 4037 1239 4114 quoad
1260 4038 1413 4110 efficaciam
1434 4047 1461 4096 ct

247 4121 470 4180 sustentationem
484 4115 657 4195 generalem,
680 4116 847 4192 quaomnia
868 4126 935 4175 sunt
955 4117 985 4173 in
1001 4117 1073 4192 Deo,
1089 4127 1118 4175 et
1131 4137 1185 4176 nos
1199 4118 1229 4174 in
1240 4137 1274 4175 eo
1290 4137 1400 4194 sumus,
1416 4118 1458 4175 vi-

247 4202 351 4274 simus,
362 4207 392 4258 et
404 4215 562 4270 movemur,
575 4195 643 4252 Act.
655 4195 726 4253 xvii.
738 4197 786 4253 28.
810 4195 920 4256 Nande
935 4197 1043 4256 Unionc
1051 4197 1167 4272 mystica
1181 4206 1207 4255 et
1217 4197 1316 4273 pratia
1329 4197 1459 4256 fidelium

248 4301 314 4340 cum
329 4279 452 4338 Christo.
495 4277 560 4336 Non
575 4273 611 4334 de
630 4275 738 4334 Unionc
764 4272 869 4334 tverdln
884 4295 935 4335 seu
949 4277 1088 4335 essmtiati
1101 4277 1293 4336 Personarum
1307 4277 1459 4338 Trinitatis

248 4361 278 4419 in
300 4379 358 4419 una
382 4357 516 4418 essentia.
561 4353 620 4413 Sed
643 4355 679 4412 de
703 4355 810 4414 Unione
824 4358 1020 4432 Hypostotica,
1042 4377 1094 4434 per
1107 4358 1332 4436 assumptionem
1347 4367 1458 4418 naturae

248 4441 381 4499 humanae
396 4437 576 4495 inunitatem
592 4435 727 4492 Persona
741 4434 833 4504 Λέγω.
863 4437 934 4509 Quae
948 4437 989 4495 ita
1003 4445 1131 4512 vocatur,
1147 4447 1207 4496 tum
1224 4438 1334 4497 ratione
1340 4441 1457 4513 forma,

247 4521 317 4598 quia
331 4518 411 4577 sitin
428 4517 556 4575 Persona
570 4513 661 4588 Λιγου,
675 4522 738 4572 tum
750 4515 859 4573 ratione
874 4517 993 4590 termini,
1005 4517 1073 4592 quia
1084 4517 1122 4575 ad
1136 4537 1198 4576 eam
1208 4518 1387 4585 terminatur.
1410 4517 1457 4575 Ita

253 4600 325 4657 Unio
338 4597 496 4672 personatis
510 4603 563 4667 εει,
580 4594 630 4652 sed
645 4613 702 4651 non
718 4593 918 4670 Personarum,
934 4604 967 4654 ut
986 4597 1057 4655 Unio
1071 4606 1250 4674 naturarum,
1266 4597 1391 4656 sednon
1405 4613 1457 4653 na-

248 4678 359 4736 turalis.
404 4676 436 4734 Si
450 4673 567 4751 quando
581 4681 702 4730 vocatur
716 4692 734 4730 a
749 4674 893 4750 Patribus,
908 4685 941 4734 ut
956 4676 1074 4752 Cyrillo,
1092 4677 1201 4736 Anath.
1224 4681 1252 4752 3,
1270 4677 1348 4736 linio
1364 4678 1458 4750 comt
