3202 5194
59 329 66 344 .
133 351 316 436 cnnsr.11.]
583 369 623 412 ce
637 368 764 410 resonae
779 367 911 412 enarrer.
1292 359 1350 416 155

130 514 319 596 promissum
331 514 415 572 Rom.
425 511 445 572 i.
457 513 482 588 1,
493 515 526 588 23
549 509 720 586 Quanquam
733 509 888 571 discrimen
896 511 952 570 hoo
960 529 1019 570 non
1028 509 1066 572 sit
1076 519 1259 590 perpetuum:
1284 536 1351 576 nam

132 607 169 657 ut
191 596 325 655 doctrina
338 594 377 652 V.
392 594 427 653 T.
441 600 502 651 tam
515 591 622 652 dicitur
644 591 839 668 Evangelinm
862 611 949 668 qunm
971 591 1102 652 doctrina
1125 593 1162 652 N.
1178 594 1222 669 T,
1238 604 1270 655 ut
1287 597 1350 673 jam

135 678 269 752 dietum,
293 675 340 734 Ita
354 672 485 732 doctriua
499 671 535 730 N.
551 672 585 729 Τ.
600 691 659 729 non
672 673 769 731 minus
783 673 928 744 ixayysn'ae
942 673 1004 731 sive
1013 674 1166 750 promissio
1183 683 1352 736 vocaturae

134 759 199 832 ille,
216 756 283 816 Gal.
299 754 340 813 iii.
358 757 404 828 14,
421 757 439 812 2
454 752 529 810 Tim.
544 751 563 809 i.
581 753 607 810 l.
824 754 828 762 ‘

181 836 277 896 XIII.
300 834 378 893 Aliae
393 841 461 892 sunt
473 851 532 892 non
546 851 645 910 paucae
659 851 747 890 voces
761 851 932 910 synonymae
945 831 1033 892 valde
1050 833 1229 910 emphaticae,
1245 835 1353 912 quibus

137 916 235 976 foedus
248 915 329 978 istud
343 915 418 974 solet
430 913 563 990 exprimi,
581 921 615 970 ut
627 913 836 988 Joramentnm,
850 913 921 972 Luc.
936 913 955 972 i.
968 916 1016 989 73,
1029 913 1097 990 quia
1113 915 1193 972 Deus
1203 915 1351 992 juramen-

138 1006 204 1057 tum
218 1017 303 1056 suum
317 996 348 1054 in
361 997 417 1054 hoo
431 993 539 1053 tedere
553 993 725 1070 interposuit
738 993 776 1052 ad
790 995 854 1071 ejus
867 993 1131 1054 immutabilitatem
1145 993 1350 1072 denotandam,

139 1077 220 1155 quod
240 1077 270 1134 in
291 1076 380 1154 priori
400 1074 508 1134 foedere
522 1071 630 1132 factum
650 1092 709 1133 non
722 1073 824 1149 isserat,
840 1073 918 1132 Heb.
932 1072 972 1134 vi.
990 1077 1036 1148 17,
1052 1082 1081 1132 et
1095 1074 1145 1134 vii.
1160 1078 1217 1151 21,
1239 1076 1352 1138 Fideles

138 1158 333 1218 „creationes
350 1157 501 1232 promisse
524 1155 641 1230 Doridi,
666 1153 724 1212 Isa
743 1155 784 1213 lv.
801 1157 828 1229 3,
843 1154 913 1231 quia
933 1173 1012 1212 mera
1027 1154 1082 1212 Dei
1102 1154 1301 1215 misericordia
1321 1165 1351 1216 et

140 1238 244 1316 gretia,
260 1236 341 1296 nullo
356 1245 451 1295 autem
466 1233 615 1293 hominum
633 1234 736 1293 merito
757 1235 877 1311 nititur,
899 1235 1049 1313 Lcmfidei,
1063 1235 1147 1294 Rome
1161 1234 1203 1294 iii.
1219 1240 1267 1310 nt,
1283 1236 1352 1313 quia

143 1318 175 1376 in
189 1338 224 1376 eo
238 1317 312 1375 fides
333 1325 471 1394 tanquam
495 1313 623 1374 conditio
643 1314 759 1374 foederis
782 1315 866 1373 nobis
885 1315 1098 1392 praecribitur3
1120 1316 1244 1391 Spiritus
1265 1316 1352 1395 vivefi-

140 1419 217 1472 cana,
233 1406 263 1456 et
283 1397 466 1455 ministerium
481 1394 607 1471 justitie,
631 1399 649 1453 2
666 1395 730 1454 Gor.
744 1395 786 1454 iii.
801 1399 828 1470 6,
841 1398 870 1470 9,
885 1397 954 1472 quia
966 1395 997 1454 in
1008 1415 1043 1454 eo
1059 1395 1176 1472 justitia
1190 1396 1352 1456 seculorum

139 1477 172 1535 in
186 1476 303 1537 Christo
317 1476 401 1536 nobis
415 1473 592 1553 promittitur
605 1475 642 1533 ad
653 1475 900 1553 justificationem,
915 1485 945 1534 ot
960 1475 1084 1554 Spiritus
1098 1475 1234 1538 vivificus
1245 1476 1353 1536 Christi

141 1556 181 1615 ad
194 1556 463 1617 sanctificationem.

620 1794 815 1871 oumsmo
836 1795 881 1855 Π.

516 1972 556 2012 Da
570 1971 692 2014 NATURA
706 1971 841 2013 FOEDERIS
855 1971 988 2013 GRATIAE.

143 2116 285 2183 Qoenom
298 2113 355 2172 sint
361 2123 462 2191 portes
475 2115 687 2188 contrahentem
703 2113 775 2181 Quis
783 2114 929 2173 Mediator
936 2137 948 2186 ,·
965 2114 1103 2180 Qoaenum
1112 2115 1245 2174 clanculae
1253 2115 1352 2174 Face-
1434 2066 1441 2078 s

395 2195 445 2270 ris,
461 2204 519 2253 tum
532 2215 552 2253 a
560 2203 648 2271 parte
660 2195 726 2270 Dri,
742 2203 800 2253 tum
813 2215 833 2253 α
841 2203 929 2271 parte
944 2194 1111 2254 mcum!

183 2353 209 2414 I.
232 2354 276 2414 Ut
291 2354 372 2413 Deua
386 2353 423 2414 ab
436 2353 515 2412 omni
529 2374 592 2413 aevo
607 2353 768 2414 Ecclesiam
782 2355 889 2415 habere
899 2354 993 2414 voluit
1007 2373 1072 2414 oum
1087 2373 1145 2430 qua
1158 2353 1310 2429 habitaret,
1322 2362 1354 2414 et

145 2453 211 2511 quae
224 2453 291 2493 cum
304 2434 367 2510 ipso
381 2434 612 2494 communionem
626 2435 733 2494 coleret
747 2434 785 2494 ad
798 2433 944 2494 felicitatis
958 2434 1123 2493 fruitionem
1135 2456 1143 2510 ;
1166 2433 1213 2492 Ite
1226 2453 1284 2492 non
1299 2435 1352 2492 ali·

145 2524 191 2572 ter
204 2515 433 2573 communionem
447 2514 527 2572 illam
547 2514 696 2574 instituere
711 2515 755 2572 illi
775 2515 892 2592 placuit,
909 2534 995 2592 quam
1015 2515 1159 2592 perviam
1171 2515 1299 2589 faederis,
1321 2514 1353 2572 in

146 2602 335 2670 quomutuus
348 2593 433 2653 datur
446 2594 571 2670 partium
585 2595 815 2654 contrahentium
829 2595 867 2653 ad
881 2615 913 2654 se
926 2595 1051 2652 invicem
1065 2613 1207 2667 accessus,
1223 2602 1253 2653 et
1273 2603 1353 2654 arcta

146 2693 179 2732 ec
193 2673 342 2732 familiaris
356 2674 539 2748 consociatio,
555 2674 633 2751 quod
647 2694 665 2732 a
678 2683 760 2752 parte
774 2675 830 2733 Dei
844 2675 946 2733 miram
959 2674 1155 2746 murinam
1169 2673 1232 2750 ejus
1245 2675 1351 2750 arguit,

145 2772 196 2830 per
209 2773 297 2831 quam
311 2773 349 2812 ex
362 2754 645 2831 incomprehensibili
659 2755 824 2832 Majestatis
845 2754 997 2832 splendore
1017 2774 1080 2814 sese
1094 2753 1245 2813 demittere
1258 2753 1353 2814 voluit

147 2833 184 2892 ad
196 2833 389 2894 miserrImum
402 2842 595 2893 creaturarum
611 2843 727 2909 statum,
743 2842 772 2894 et
786 2855 804 2892 a
816 2843 898 2912 parte
911 2834 1061 2893 hominum
1075 2834 1212 2892 eximiam
1226 2832 1351 2910 dignita·

146 2921 212 2988 tem,
223 2913 356 2992 adquam
367 2913 422 2972 Dei
436 2915 529 2991 gratia
543 2933 593 2973 cos
607 2915 713 2990 evehit,
723 2921 756 2974 ut
765 2934 803 2974 ex
811 2914 1035 2991 profundissime
1042 2913 1222 2972 miseriarum
1233 2913 1351 2991 abysso,

147 2992 183 3051 ed
198 2993 254 3053 Dei
267 2994 298 3052 in
312 2993 410 3052 secula
422 2993 567 3054 benedicti
581 2994 811 3054 communionem
825 3002 855 3053 et
868 2994 990 3071 gloriam
1004 2993 1201 3052 admittentur.

187 3074 230 3132 11.
252 3073 391 3149 Quamvis
405 3093 475 3133 vero
488 3074 603 3152 proprie
624 3083 653 3134 et
666 3075 765 3134 stricte
778 3073 924 3151 loquendo
944 3093 1003 3132 non
1016 3073 1109 3151 possit
1122 3072 1185 3130 dari
1199 3069 1294 3130 fredus
1308 3071 1351 3130 in-

147 3160 190 3212 ter
205 3154 300 3213 Deum
321 3162 350 3213 et
369 3153 525 3228 hominem,
541 3155 610 3232 quia
630 3175 689 3213 non
704 3154 789 3214 datur
810 3155 892 3214 locus
914 3153 1083 3228 contractui,
1099 3153 1149 3230 qui
1169 3152 1245 3210 inter
1267 3171 1353 3228 pares

147 3232 243 3309 initur,
257 3255 311 3294 nec
325 3233 386 3293 ulla
400 3234 457 3293 Dei
471 3234 619 3312 obligatio,
640 3234 693 3294 scd
713 3243 871 3312 spontanea
891 3233 936 3293 sui
957 3231 1186 3306 communicatio,
1202 3241 1236 3290 ut
1248 3232 1352 3310 proba-

149 3321 208 3372 tum
223 3321 268 3374 est
282 3315 316 3374 P.
333 3313 357 3374 I.
373 3314 426 3372 Lo.
442 3315 533 3374 VIII.
549 3315 583 3389 Q.
599 3319 626 3392 3,
640 3316 722 3374 Deus
735 3323 832 3376 tamen
845 3314 985 3391 singulari
1004 3313 1098 3391 gratia
1111 3313 1205 3372 voluit
1219 3332 1285 3372 cum
1299 3313 1352 3372 ho-

146 3394 222 3453 mine
236 3394 331 3453 foedus
344 3394 426 3470 inite,
441 3394 520 3472 quod
532 3395 629 3454 locum
642 3396 730 3456 hebet
743 3396 1005 3472 qumi-contractos,
1014 3403 1047 3454 nt
1060 3395 1091 3452 in
1101 3393 1174 3453 June
1185 3393 1353 3470 loquuntur.

188 3473 249 3532 III.
271 3475 342 3533 Tale
357 3482 453 3534 eutem
468 3474 577 3551 duplex
592 3494 658 3535 cum
671 3476 838 3535 hominibus
852 3475 916 3533 iniit
922 3477 1030 3549 soedns,
1045 3475 1169 3552 primum
1183 3475 1290 3549 Lepclc
1301 3493 1353 3533 seu

149 3573 264 3630 operam
278 3575 342 3613 cum
357 3555 474 3613 homine
488 3554 611 3632 integro,
634 3555 767 3615 Alterum
778 3557 853 3694 pilei
865 3563 894 3614 et
908 3555 1111 3631 Evanpdicnm
1126 3573 1191 3612 cnm
1216 3554 1298 3632 lapso
1323 3561 1353 3614 et

151 3642 311 3712 peccatore.
334 3633 391 3692 Illo
405 3635 496 3694 vitem
516 3643 653 3694 aternam
673 3635 777 3712 pollice
799 3643 863 3694 atur
878 3637 959 3694 Deus
979 3635 1090 3694 homini
1110 3633 1235 3711 perfecte
1256 3633 1353 3710 legem

149 3713 289 3792 implenti,
305 3722 335 3775 et
348 3723 470 3774 mortem
483 3716 616 3792 peccanti
629 3715 875 3791 interminabatur,
895 3716 982 3793 juxta
997 3715 1164 3790 clausulam,
1180 3716 1246 3773 Hoc
1258 3718 1313 3788 soc
1327 3721 1354 3774 ct

148 3795 228 3870 cioca,
250 3795 469 3853 Etmoledictas
490 3795 540 3871 qni
557 3815 614 3853 non
629 3796 792 3870 perstiterit,
816 3793 890 3870 dcc,
914 3796 975 3855 Isto
998 3796 1120 3854 salutem
1141 3795 1172 3852 in
1193 3795 1308 3853 Christo
1323 3803 1354 3852 et

150 3881 266 3951 propter
280 3874 428 3933 Christum
439 3873 568 3933 credenti
582 3875 742 3951 pollicetur.
785 3875 864 3934 Illud
878 3883 993 3953 pactum
1008 3875 1064 3934 tuit
1077 3894 1143 3933 cnm
1155 3873 1271 3932 Adsmo
1285 3881 1353 3932 ante

149 3951 270 4030 lapsum,
285 3954 359 4014 etin
373 3974 408 4014 eo
422 3974 489 4013 cnm
509 3954 644 4014 omnibus
657 3955 831 4030 hominibus,
853 3955 889 4014 de
903 3975 961 4032 qno
977 3956 1010 4014 P.
1026 3955 1052 4013 I.
1068 3954 1137 4013 Loo.
1153 3952 1243 4012 VIII.
1261 3951 1295 4025 Q.
1311 3955 1328 4010 3
1342 3973 1351 4026 ;

150 4033 235 4092 Istud
248 4035 280 4093 in
294 4033 409 4094 Christo
423 4042 491 4112 post
502 4034 617 4112 lapsum
633 4034 736 4094 initum
750 4055 816 4094 oum
831 4035 939 4094 electIs.

188 4113 244 4172 IV.
267 4114 365 4190 Rupto
380 4114 497 4192 quidem
516 4115 610 4192 primo
634 4115 685 4174 illo
705 4115 813 4174 soedere
834 4136 886 4193 per
907 4114 1043 4174 Hominis
1063 4112 1186 4189 lapsum,
1208 4109 1354 4189 potuisset

151 4192 239 4268 Deus,
255 4193 280 4252 si
294 4195 395 4254 stricto
412 4195 479 4272 jure
494 4194 674 4273 cumprimis
688 4195 855 4272 parentibus
869 4215 955 4273 agere
970 4194 1119 4266 voluisset,
1135 4191 1264 4250 statima
1284 4211 1351 4269 pec·

151 4280 214 4332 cato
226 4273 360 4333 homines
373 4275 459 4334 morti
472 4275 654 4352 mancipsre;
670 4285 699 4334 et
712 4296 797 4335 nemo
809 4276 875 4353 jure
890 4295 956 4334 cum
971 4275 1034 4333 Deo
1048 4279 1201 4350 propterea
1214 4280 1352 4347 expostu-

150 4351 208 4410 lare
228 4354 371 4431 potuisset
376 4377 384 4431 ;
407 4355 458 4414 sed
471 4375 531 4413 non
544 4354 631 4414 libuit
646 4355 709 4414 Deo
723 4357 767 4414 uti
782 4375 893 4415 summo
907 4355 964 4414 isto
985 4354 1007 4414 J
1008 4373 1059 4412 ure
1073 4351 1214 4410 adversus
1234 4350 1351 4408 unirer·

152 4450 212 4490 snm
225 4432 384 4494 humanum
399 4435 517 4512 Genus;
540 4435 591 4494 sed
612 4435 809 4496 misericordie
829 4444 999 4508 commotus,
1014 4431 1173 4491 remedium
1187 4430 1248 4505 ipse
1263 4437 1352 4488 tentae

150 4512 270 4573 miseriae
284 4513 395 4574 invenit
409 4522 439 4574 et
453 4515 611 4591 constituit,
633 4515 728 4575 foedus
741 4536 850 4575 novum
864 4517 894 4573 in
909 4515 1024 4574 Christo
1044 4510 1169 4589 gratiose
1185 4508 1352 4582 sanciendo,

151 4589 180 4648 in
192 4613 250 4668 qno
270 4594 411 4660 rationem
424 4595 574 4672 habemus,
597 4615 656 4654 non
676 4595 763 4655 modo
784 4616 821 4656 ex
841 4597 897 4654 ista
917 4593 1033 4653 miserie
1053 4587 1229 4667 emergendi,
1250 4587 1302 4647 aed
1323 4597 1354 4647 et

151 4671 385 4745 perfectiss'rmam
398 4673 566 4735 beatitatem
580 4676 763 4754 assequendi.
806 4675 978 4736 Remedium
993 4674 1049 4732 hoc
1063 4691 1114 4732 seu
1128 4669 1270 4729 rationem
1283 4670 1351 4728 Jus-
