3202 5194
234 318 272 374 72
689 334 780 374 rocus
795 331 974 374 uuusuruus.
1226 310 1358 392 [quaer.
1377 331 1456 373 xrrr.

235 473 352 554 scripsit
371 473 505 554 exemplo
519 493 581 550 suo,
596 475 644 534 vel
658 474 696 534 ed
710 475 838 550 alteram,
859 492 923 551 qua
937 472 996 531 illis
1009 475 1061 550 per
1078 471 1322 531 introductionem
1342 473 1460 550 populi

235 555 267 616 in
287 565 392 614 terrem
407 555 524 614 Cauaan
537 575 555 613 a
568 555 661 614 Josue
676 562 829 632 procurata
849 562 902 630 est,
924 553 993 630 quie
1012 561 1133 629 utraque
1150 551 1264 630 jamdiu
1285 553 1435 629 praeteriit
1446 575 1456 630 ;

235 635 397 694 necessario
411 634 601 712 intelligenda
614 643 682 694 sunt
695 635 732 694 de
746 635 832 706 tertia
845 633 895 691 ille
909 633 1016 710 requie,
1032 652 1096 710 ques
1110 632 1246 692 fidelibus
1259 633 1291 690 in
1305 633 1456 710 Evange-

235 714 276 773 lio
289 734 341 791 per
355 714 486 791 gratiam,
502 725 532 774 et
544 715 638 774 beatis
651 714 683 772 in
697 715 770 774 coelo
783 733 835 792 per
845 713 966 790 gloriam
978 712 1162 791 promittitur.
1206 712 1252 771 Ita
1263 731 1367 772 sensus
1379 733 1457 772 ver-

234 793 346 869 borum,
357 795 407 871 qui
420 794 492 854 alies
505 795 621 854 videtur
634 794 795 868 iutricetus,
810 793 914 871 planus
928 801 987 852 est:
1011 795 1029 824 “
1039 791 1197 852 Introimus
1211 792 1318 868 enim,''
1337 793 1454 870 inquit,

237 876 255 906 ‘⁴
266 873 297 932 in
310 875 440 950 requiem
455 874 511 934 Dei
524 895 577 933 nos
592 875 641 951 qui
656 873 839 948 credidimus,
849 873 925 933 sicut
938 873 1023 948 dixit,
1039 871 1142 949 Itaque
1152 872 1252 949 juravi
1264 871 1297 930 in
1310 871 1353 930 ire
1367 893 1451 948 mea,

239 953 271 1013 Si
284 953 443 1030 ingressuri
457 955 559 1014 sintin
574 955 702 1032 requiem
716 954 839 1029 meam,”
856 952 1022 1032 (licetenim
1031 952 1121 1010 verba
1132 951 1239 1010 Pselm.
1252 951 1311 1011 sint
1324 955 1453 1011 commi-
1549 977 1550 980 ¹

235 1035 356 1108 natoria,
371 1035 590 1111 promissionem
604 1043 701 1093 tamen
712 1054 750 1092 ex
760 1033 948 1109 consequenti
959 1032 1118 1106 includunt,
1134 1039 1166 1090 ut
1176 1031 1207 1088 iu
1221 1031 1365 1091 mendatis
1375 1032 1449 1109 Del,

238 1114 349 1190 quaevis
359 1114 454 1190 jussio
468 1113 699 1192 prohibitionem,
715 1121 745 1173 et
758 1114 869 1191 quaevis
883 1111 1039 1190 prohibitio
1049 1112 1209 1188 jussionem
1224 1111 1370 1191 includit.)
1398 1112 1452 1171 Ne
1551 1119 1553 1134 ²

237 1213 310 1256 vero,
321 1193 386 1271 quis
400 1193 510 1252 diceret
522 1194 585 1253 haec
598 1192 748 1252 referenda
762 1211 826 1251 esse
836 1192 885 1250 vel
899 1191 936 1250 ad
950 1190 1075 1268 quietem
1088 1191 1153 1267 Dei,
1164 1211 1230 1268 que
1243 1191 1368 1268 contigit
1378 1201 1453 1269 post

238 1293 310 1351 opus
320 1273 488 1348 Creationis,
500 1273 535 1332 de
551 1293 608 1351 qua
617 1273 724 1332 Genea.
738 1273 768 1330 ii.
779 1275 807 1346 3,
822 1272 904 1330 addit
916 1275 997 1330 καίτοι
1011 1268 1094 1350 ἵςγυι,
1105 1269 1168 1345 dc,
1181 1274 1198 1304 ‘⁴
1208 1271 1342 1348 quamvis
1356 1291 1451 1349 opere
1554 1277 1555 1280 ’

238 1355 301 1430 ejus
315 1353 437 1412 luissent
458 1353 591 1412 absolute
604 1372 622 1410 a
635 1351 803 1412 fundatione
824 1352 953 1426 mundi,’'
976 1360 1009 1410 ut
1027 1353 1136 1426 Innuet,
1151 1370 1210 1408 uon
1222 1370 1308 1427 posse
1322 1351 1380 1410 hoc
1401 1353 1450 1410 in·
1555 1361 1556 1366 ’

238 1433 333 1510 telligi
347 1431 383 1492 de
400 1433 451 1491 ille
469 1432 576 1508 requie,
596 1431 705 1509 deque
725 1432 824 1490 Moses
844 1431 952 1490 ibidem
970 1431 1107 1508 loquitur,
1125 1431 1194 1507 qnia
1209 1429 1323 1508 jamdiu
1340 1440 1449 1508 praete·
1556 1419 1557 1448 ¹

239 1514 344 1588 tieret,
360 1512 456 1572 velud
467 1513 593 1590 quietern
611 1512 735 1584 Censen,
751 1511 869 1588 subjicit
883 1530 911 1570 v.
927 1513 955 1586 8,
973 1512 990 1543 ‘¹
1005 1511 1036 1569 Si
1047 1511 1069 1570 J
1070 1517 1140 1569 osuit
1154 1511 1220 1569 illos
1233 1510 1451 1572 introduxisset
1557 1513 1558 1526 ¹

239 1592 270 1652 in
283 1593 439 1670 quietem,''
462 1593 573 1652 scilicet
586 1612 685 1651 veram
705 1591 785 1649 illem
806 1600 836 1651 et
850 1591 1013 1666 salutarem,
1036 1591 1067 1648 in
1080 1609 1138 1667 que
1158 1589 1280 1649 felicitas
1300 1591 1447 1667 consistit,

240 1675 258 1706 ‘⁴
268 1693 327 1732 non
341 1674 479 1751 loquutus
492 1673 594 1733 fuisset
607 1679 708 1750 postea
722 1671 758 1730 de
773 1671 830 1729 alio
843 1670 891 1730 die
903 1672 930 1746 ;’'
954 1670 1041 1730 Unde
1055 1669 1209 1743 concludit,
1224 1689 1253 1729 r.
1269 1673 1297 1746 9,
1313 1672 1331 1703 “
1342 1691 1446 1748 super-

238 1763 284 1813 est
298 1774 367 1831 ergo
383 1754 576 1820 sabbatismus
589 1753 696 1830 populo
713 1751 798 1826 Dei,’'
814 1751 853 1810 id.
868 1751 951 1828 quies
964 1771 982 1809 e
991 1750 1139 1888 prioribus
1153 1750 1278 1809 diversa.

280 1834 358 1893 XII.
380 1834 443 1892 Nec
459 1833 506 1892 hic
527 1832 725 1911 reponendum
745 1831 873 1910 requiem
888 1831 976 1906 illam,
1012 1849 1100 1908 eque
1119 1831 1181 1907 agit
1194 1829 1364 1907 Apostolus,
1379 1850 1410 1890 v.
1426 1834 1447 1892 3

240 1920 270 1972 et
284 1917 311 1988 4,
332 1913 405 1972 nihil
425 1914 531 1972 hebere
553 1932 703 1972 commune
724 1932 790 1970 curn
812 1911 959 1971 Sabbatho
973 1931 991 1968 a
1006 1910 1069 1970 Deo
1087 1910 1228 1985 instituto,
1250 1910 1319 1987 quie
1338 1911 1449 1970 intelli·

239 1992 336 2069 genda
355 1994 392 2052 sit
406 1994 443 2051 de
457 1992 553 2070 quiete
569 1992 633 2067 Dei,
652 1992 691 2050 id.
708 1993 771 2050 Deo
792 1992 849 2069 ipsi
868 1991 991 2069 proprie,
1007 2011 1065 2049 non
1079 2011 1148 2050 vero
1168 1990 1328 2051 hominurn.
1371 1991 1451 2066 Quia

239 2073 353 2148 requies
368 2071 425 2131 Dei
439 2092 498 2130 non
511 2071 650 2146 excludit,
672 2070 724 2130 sed
737 2070 860 2130 includit
876 2071 1037 2130 necessario
1050 2071 1106 2129 hoc
1120 2070 1151 2130 in
1163 2071 1228 2130 loco
1242 2070 1371 2148 requiem
1395 2091 1450 2131 seu

239 2151 412 2214 sabbathum
433 2150 600 2224 hominum3
622 2151 703 2208 nulla
723 2151 829 2227 quippe
850 2151 923 2209 ratio
944 2151 1007 2209 deri
1027 2159 1132 2228 posset,
1154 2171 1204 2209 cur
1218 2150 1380 2228 Apostolus
1402 2171 1449 2211 re-

239 2229 337 2306 quiem
352 2231 431 2288 illam
445 2229 560 2306 ejectis
574 2230 674 2288 mundi
687 2228 882 2289 fundamentis
896 2231 1030 2307 excipiat,
1051 2231 1077 2290 si
1090 2251 1125 2288 ea
1138 2231 1218 2289 nullo
1232 2230 1319 2289 modo
1333 2230 1372 2289 ed
1394 2230 1447 2291 ho-

239 2309 332 2368 mines
345 2309 495 2387 pertineat,
511 2316 541 2366 et
554 2308 579 2367 si
593 2309 647 2367 sub
661 2308 760 2385 requie
775 2309 831 2368 Dei
839 2329 899 2368 non
909 2310 1053 2369 intellexit
1063 2330 1135 2384 eam,
1148 2330 1234 2388 quarn
1246 2330 1298 2369 suo
1310 2311 1448 2389 exemplo

239 2388 405 2448 hominibus
425 2387 608 2464 praescripsit
651 2393 680 2447 2.
704 2388 815 2446 Sinon
838 2388 996 2450 includitur
1014 2391 1061 2450 hic
1084 2390 1263 2450 Sabbathum
1283 2391 1447 2468 hominum,

240 2477 376 2545 sequetur
392 2468 515 2526 Paulum
529 2467 660 2527 omisisse
675 2468 848 2528 sabbathum
862 2470 884 2529 J
885 2470 1040 2546 udaeorum,
1055 2471 1135 2548 quod
1148 2490 1207 2529 non
1220 2471 1315 2548 potuit
1329 2471 1392 2531 sine
1402 2491 1449 2530 ra-

240 2547 327 2608 tiouIs
341 2568 399 2625 qua
412 2548 546 2606 utebatur
559 2548 737 2625 prejudicio,
748 2549 817 2627 quie
831 2549 917 2627 objici
932 2551 975 2608 illi
989 2551 1139 2628 potuisset,
1156 2570 1220 2610 esse
1233 2550 1322 2610 alium
1340 2553 1447 2610 sabba-

240 2628 358 2688 tismum
378 2635 482 2706 prater
502 2627 584 2688 illurn
598 2648 656 2706 quo
672 2629 752 2688 Deus
766 2629 885 2706 quievit,
908 2639 937 2689 et
957 2651 1023 2690 eum
1038 2650 1095 2708 quo
1118 2631 1286 2691 fruebantur
1301 2632 1447 2692 Israelita

239 2717 307 2786 post
320 2709 531 2786 possessionem
546 2708 671 2783 Censen,
686 2709 755 2768 nim.
771 2709 943 2769 sabbathum
957 2709 1133 2769 ordinarium
1143 2709 1365 2772 hebdomadale.

543 2789 639 2848 XIII.
662 2789 778 2866 Qumto,
801 2790 867 2849 Hoc
888 2791 982 2868 ipsum
1004 2791 1154 2850 confirmat
1169 2793 1266 2850 Pietas
1286 2799 1315 2850 et
1334 2791 1449 2868 Religio

504 2870 624 2929 Petrum
636 2878 777 2946 veterum,
793 2870 861 2947 quia
881 2890 947 2929 curn
962 2871 1000 2930 sit
1015 2872 1091 2948 juris
1108 2872 1247 2930 naturalis
1262 2879 1291 2930 et
1303 2871 1446 2949 perpetui,

503 2959 535 3012 ut
549 2959 627 3010 certa
641 2959 771 3029 tempora
785 2960 953 3028 separentur
966 2950 1004 3009 ed
1018 2951 1166 3010 solennem
1178 2952 1234 3010 Dei
1248 2951 1368 3027 cultum,
1384 2951 1448 3010 fieri

240 3048 299 3088 non
313 3037 416 3107 potest,
432 3031 503 3109 quin
517 3031 651 3092 Adamus
665 3041 694 3090 et
710 3032 739 3091 S.
755 3030 930 3091 Petriarchae
944 3030 1007 3090 dles
1027 3031 1140 3108 aliquos
1158 3051 1254 3091 sacros
1268 3039 1297 3090 et
1311 3031 1448 3090 solennes

240 3109 402 3186 habuerint,
418 3112 524 3188 quibus
545 3112 641 3171 cultus
662 3112 719 3172 Dei
739 3119 931 3189 perageretur,
954 3110 984 3168 in
998 3111 1104 3188 quibus
1119 3111 1175 3170 Dei
1188 3110 1395 3170 beneficiorum
1416 3112 1448 3170 in

240 3189 384 3246 creatione
404 3191 471 3248 coeli
491 3199 520 3249 et
540 3199 624 3249 terrae
644 3191 871 3250 recordarentur.
914 3191 954 3249 Et
971 3191 1060 3268 siqui
1078 3189 1194 3250 fuerunt
1207 3200 1269 3250 tum
1283 3190 1346 3250 dies
1362 3191 1447 3266 sacrI,

240 3275 464 3326 consentaneum
479 3277 524 3326 est
537 3268 614 3327 diem
628 3271 706 3328 hunc
720 3289 737 3328 a
752 3271 816 3328 Deo
836 3271 1009 3347 institutum,
1030 3269 1118 3329 fuisse
1133 3271 1326 3346 observatum,
1348 3271 1447 3348 potius

241 3365 328 3421 quem
342 3345 415 3403 alios
428 3347 574 3422 quoslibet
587 3347 658 3422 dies,
674 3347 830 3424 dequibus
846 3350 994 3427 Scriptura
1014 3350 1086 3408 nihil
1100 3350 1180 3410 dicit.
1224 3351 1345 3410 Frustra
1363 3371 1446 3428 rege-

240 3423 321 3496 ritur,
337 3424 394 3482 alie
408 3425 536 3502 potuisse
550 3443 600 3484 eos
620 3426 727 3486 habere
741 3434 871 3504 tempore
883 3437 988 3504 prester
1001 3430 1077 3488 hune
1092 3429 1177 3488 diem.
1220 3430 1295 3489 Nem
1309 3449 1377 3490 cum
1390 3431 1446 3490 hoc

240 3503 373 3642 curu
524 3504 777 3645 crau
942 3529 1001 3586 r
1250 3510 1312 3648 r

240 3660 314 3720 illud
328 3670 450 3740 tempus,
467 3603 557 3742 culillis1
564 3605 1003 3746 sanetifidetioblduauteufflgdld
1015 3609 1399 3729 Udmdibbltblrhtembblldn

503 3743 1290 3900 mimbmpd
1305 3750 1448 3888 tibet

270 3893 343 3940 eicos.
485 3871 585 3979 'sacri
606 3911 668 3962 tum
687 3906 816 3982 septimis
830 3847 889 3965 Uei
906 3849 1079 3966 recurrendi
1096 3908 1133 3967 ab
1148 3908 1281 3968 Ethnicis
1297 3849 1449 3985 probecra

241 3979 356 4053 habitae,
367 3979 446 4056 quod
455 4001 514 4041 non
524 3991 584 4042 tam
597 3983 713 4043 videtur
724 4005 760 4044 ex
775 3985 797 4044 J
798 3985 945 4045 udaeorum
955 4006 1035 4045 more
1049 3989 1179 4064 petitum,
1189 4007 1312 4064 quorum
1328 3987 1447 4065 Religio

241 4066 303 4117 erat
318 4059 450 4120 Ethnicis
460 4083 558 4139 exosa,
573 4083 659 4142 quam
677 4083 714 4122 ex
730 4065 875 4141 Majorum
888 4065 1042 4125 uaditione
1053 4065 1269 4148 πατςιπαμὶᾶτρ
1283 4076 1445 4145 acceptum,

241 4147 270 4198 et
283 4137 372 4214 longo
386 4157 441 4198 usu
454 4141 492 4199 ad
507 4162 556 4201 eos
570 4143 741 4203 derivatum.
785 4143 871 4205 Unde
886 4145 1020 4204 Clemens
1036 4147 1183 4206 Alexand.
1200 4148 1305 4208 strom.
1321 4149 1348 4222 5,
1371 4151 1448 4205 &aaa

254 2853 276 2902 t.
291 2855 329 2902 Ex
342 2855 468 2916 ReligIone

301 2915 409 2962 Petrum.

239 4221 286 4277 ’καὶ
304 4220 345 4280 sir
357 4213 459 4294 issde'pear
473 4222 544 4302 lagois,
561 4225 588 4282 eri
600 4222 669 4286 uiros
683 4225 704 4281 οἱ
716 4223 837 4304 Ἑβραῖοι,
853 4229 925 4282 ἀλλὰ
939 4229 984 4284 sei
998 4227 1019 4283 οἱ
1034 4225 1154 4292 “Essem
1169 4225 1246 4300 Iena,
1264 4227 1448 4303 “septimum

238 4313 384 4378 quemque
395 4298 472 4358 diem
483 4320 596 4361 eacmm
605 4323 668 4363 esse
678 4323 737 4363 non
747 4305 834 4363 modo
846 4305 972 4379 Hebraei,
985 4305 1133 4366 sedetiam
1146 4307 1242 4366 Graeci
1251 4309 1448 4384 agnoscunt,”

239 4379 320 4458 quod
334 4380 437 4456 probet
451 4399 488 4438 ex
504 4381 643 4457 Hesiodo,
660 4384 797 4461 Homero,
821 4383 904 4460 Lino,
920 4394 950 4444 et
964 4384 1148 4459 Callimacho,
1159 4385 1236 4462 apud
1254 4405 1328 4463 quos
1345 4383 1447 4462 lebias,

241 4458 304 4518 dies
324 4460 463 4536 septenus,
475 4471 596 4520 vocatur
616 4465 672 4544 irgb
693 4460 770 4542 ἧμας,
792 4463 850 4522 dies
870 4484 959 4523 sacen
1003 4463 1088 4524 Unde
1104 4465 1218 4524 Philoni
1239 4473 1362 4524 vocatur
1382 4471 1450 4547 {egri

171 4591 176 4602 ,
242 4537 375 4615 πάνδημος,
389 4542 496 4614 fetum
511 4546 663 4620 populare,
685 4543 724 4603 sd
744 4563 843 4604 omnes
864 4563 902 4603 ex
923 4563 1006 4622 aequo
1027 4544 1137 4603 Gentes
1163 4545 1311 4622 pertinens
1322 4566 1330 4619 ;
1353 4545 1397 4604 sic
1418 4555 1450 4607 et

241 4619 363 4696 loseph.
378 4629 478 4682 contre
491 4621 599 4702 Appio.
613 4623 664 4686 lib.
678 4623 709 4684 ii.
725 4643 748 4684 c.
767 4626 813 4683 10.
857 4626 875 4657 “
886 4623 988 4700 Neque
996 4630 1042 4704 est
1050 4623 1191 4701 Civites,’'
1206 4624 1310 4703 inquit,
1332 4626 1351 4659 “
1363 4625 1449 4685 Grae-
