3186 5210
257 399 315 456 538
667 409 757 449 rocus
772 408 901 448 neeruus
916 407 1052 456 Qurrrus.
1253 385 1382 468 [auser.
1397 409 1460 450 xva

253 573 320 613 eum
347 551 449 611 timore
470 559 499 609 ct
523 558 655 626 tremore,
677 549 826 610 confidunt
851 550 946 608 Deum
966 569 1030 609 esse
1044 549 1094 626 qui
1108 555 1242 627 operatur
1256 549 1332 608 velle
1353 559 1384 608 et
1398 571 1460 627 per·

255 635 349 706 ficere,
372 641 401 690 et
423 631 473 708 qui
488 630 566 708 quod
580 631 668 709 eoepit
681 630 789 690 bonum
803 650 877 708 opus
891 630 1016 708 gratIose
1030 629 1150 708 perficit.
1192 629 1240 687 Ita
1253 649 1404 707 perperam
1425 651 1461 690 ex

254 715 309 772 hac
324 712 455 771 doctrina
474 711 599 771 licentias
614 719 644 770 et
663 711 820 788 impietatis
841 709 954 771 occasio
978 709 1138 784 deducitur,
1166 729 1256 787 quum
1280 710 1319 768 sit
1332 717 1462 766 mmm

255 793 373 870 flagitiis
387 792 547 868 indulgere,
570 800 600 850 et
612 791 718 850 habere
739 791 861 868 gratiam
875 791 1096 868 perseverantiae
1111 788 1293 848 effectricem.
1336 790 1402 850 Imo
1414 793 1462 867 qui

254 875 343 932 hehet
356 873 431 931 hanc
445 883 525 949 spem
539 869 671 949 purificat
685 871 820 949 seipsum,
846 874 860 928 1
877 871 946 930 Joh.
971 870 1012 928 iii.
1036 874 1063 944 3,
1090 879 1119 928 et
1140 891 1192 948 pro
1214 879 1294 928 certe
1318 870 1377 928 sibi
1398 891 1460 948 per·

255 953 374 1013 suadere
389 952 476 1011 debet
488 950 632 1010 nemiuem
646 951 708 1009 siue
730 952 881 1010 sanctitate
895 951 1024 1010 visurum
1049 951 1151 1026 Deum,
1168 959 1197 1008 et
1210 971 1268 1008 non
1282 950 1371 1008 aliam
1385 953 1462 1009 viam

256 1055 343 1112 quarn
366 1033 503 1110 pietatem
527 1031 597 1094 dari.
615 1031 652 1088 ad
674 1031 883 1109 assequendam
898 1031 997 1090 vitam.
1040 1031 1129 1090 Nulla
1152 1049 1221 1106 ergo
1249 1030 1307 1088 alia
1326 1034 1463 1090 securitas

256 1135 294 1173 ex
309 1111 479 1171 certitudine
493 1111 715 1188 perseverantiae
729 1111 760 1169 in
773 1111 889 1169 homine
903 1111 1002 1185 oritur,
1018 1131 1105 1186 quam
1118 1111 1281 1187 spirituales,
1297 1130 1364 1187 quoe
1378 1131 1461 1170 usum

255 1192 415 1251 mediorum
440 1211 498 1249 non
520 1191 658 1265 excludit,
677 1191 730 1250 sed
754 1191 897 1269 supponit,
923 1200 953 1250 et
976 1193 1109 1250 umorem
1130 1211 1188 1248 non
1210 1189 1387 1266 diffidentiae,
1412 1191 1463 1250 sed

255 1270 467 1345 sollicitudinis,
483 1279 511 1329 et
529 1271 617 1330 studii
631 1271 668 1330 ad
682 1280 861 1330 constantem
880 1271 1000 1330 istorum
1022 1271 1182 1330 mediorum
1204 1289 1296 1346 usum,
1313 1271 1343 1327 in
1358 1271 1462 1329 animis

255 1352 362 1411 nostris
378 1352 538 1428 ingenerat.

295 1431 456 1490 XXXVI.
478 1431 548 1488 Alia
561 1439 605 1490 est
619 1431 734 1508 justitia
747 1431 846 1509 primae
867 1429 1056 1489 institutionis
1077 1430 1106 1488 in
1117 1438 1238 1505 netura;
1253 1428 1324 1487 Alia
1345 1431 1462 1490 restitu-

255 1513 342 1573 tionis
357 1512 385 1569 in
401 1511 503 1588 gratia.
525 1511 575 1568 Ab
596 1510 647 1568 illa
666 1511 761 1588 potuit
775 1511 908 1569 Adamus
923 1510 1053 1585 deficere,
1069 1510 1138 1586 quie
1151 1511 1205 1569 fuit
1215 1509 1384 1586 mutabilis;
1405 1511 1462 1570 Sed

254 1613 313 1652 non
333 1611 487 1670 possumus
501 1592 537 1650 ab
551 1591 616 1664 ista,
631 1610 696 1666 quae
710 1599 754 1650 est
775 1589 963 1649 immutabilis
976 1599 1006 1648 et
1019 1601 1205 1657 samiam..

295 1671 474 1730 XXXVII.
497 1671 592 1730 Locus
608 1671 693 1729 Erec.
716 1671 799 1729 xviii.
828 1673 875 1743 24,
899 1669 960 1727 “Si
982 1670 1119 1727 averterit
1143 1688 1174 1727 se
1197 1671 1293 1746 justus
1314 1669 1462 1746 ajustitia

255 1773 315 1828 sua,
331 1761 361 1812 et
374 1751 474 1811 lecerit
487 1751 676 1828 iniquitatem,
693 1770 792 1809 omnes
802 1749 924 1828 justitiae
939 1750 1002 1826 ejus
1015 1769 1087 1826 quas
1101 1748 1169 1807 fecit
1183 1769 1240 1806 non
1255 1769 1461 1808 commemora·

254 1834 384 1907 buntur;
406 1839 523 1908 propter
547 1829 728 1907 iniquitatem
751 1849 832 1888 suam
854 1848 941 1906 quam
967 1828 1036 1887 fecit
1057 1828 1222 1904 morietur,”
1244 1849 1301 1886 non
1326 1829 1395 1888 facit
1409 1850 1461 1907 pro

255 1912 413 1990 Apostasia
442 1911 622 1970 Sanctorum.
647 1913 673 1970 1.
699 1911 773 1984 Quia
785 1910 894 1968 locutio
905 1916 950 1967 est
959 1907 1155 1985 hypothetica,
1170 1928 1228 1967 non
1239 1907 1382 1984 absoluta,
1397 1917 1459 1966 nee:

256 2011 325 2068 pes,
348 2012 409 2050 cum
423 2011 452 2049 se
465 1991 706 2066 aoermritjtatus,
722 1991 752 2047 id
767 1998 819 2065 est,
834 1990 860 2047 si
871 2010 900 2048 sc
921 1997 1050 2047 avertat:
1072 1987 1180 2046 Netum
1204 1997 1300 2047 autem
1323 1999 1369 2047 est
1393 2009 1460 2048 con-

254 2071 394 2130 ditionem
408 2071 481 2129 nihil
495 2090 600 2148 ponere
615 2071 732 2146 inesse,
748 2069 799 2128 sed
813 2069 1022 2129 connexionem
1049 2077 1161 2127 tantum
1174 2069 1367 2127 necessariam
1381 2079 1460 2130 anta-

255 2151 384 2210 cedentis
406 2171 472 2209 cum
497 2157 690 2228 consequente
714 2158 824 2228 notare.
867 2149 929 2208 Nec
943 2148 967 2206 si
981 2147 1160 2226 possibilitas
1180 2148 1278 2224 aliqua
1292 2148 1461 2208 defectionis

254 2239 402 2290 notaretur
416 2251 433 2288 a
453 2239 534 2307 parte
555 2231 688 2306 hominis,
710 2250 799 2306 quum
813 2229 844 2287 in
858 2249 944 2288 sensu
958 2228 1053 2286 divise
1067 2235 1220 2305 spectatur,
1243 2229 1341 2288 statim
1364 2229 1462 2288 inferri

253 2319 349 2386 potest
359 2310 536 2386 possibilitas
546 2309 576 2366 in
588 2329 674 2368 sensu
685 2310 845 2386 composito
856 2319 961 2386 aparte
970 2308 1071 2386 gratiae
1083 2309 1147 2384 Dei,
1157 2315 1187 2367 et
1197 2307 1293 2386 quoad
1303 2319 1439 2368 eventum
1452 2333 1460 2386 ;

254 2389 322 2466 quia
336 2387 414 2464 quod
427 2388 565 2464 possibile
586 2397 631 2446 est
651 2399 784 2464 respectu
804 2409 899 2447 causae
923 2388 1062 2466 proxima
1090 2396 1119 2446 ct
1133 2389 1265 2465 cognite,
1281 2389 1460 2466 impossibile

253 2475 298 2526 est
311 2467 422 2525 rationo
446 2476 563 2525 remotae
587 2476 616 2524 et
629 2469 759 2543 occultae,
774 2487 839 2544 quae
861 2477 905 2528 est
926 2469 957 2526 in
979 2469 1103 2527 Decreto
1119 2469 1183 2526 Dei.
1225 2467 1399 2544 Hieautem,
1411 2470 1461 2528 ubi

254 2549 335 2606 Deus
349 2545 514 2604 hominibus
534 2545 659 2604 efficium
679 2547 840 2624 praescribit
860 2557 890 2607 et
909 2548 1118 2625 Legislatorem
1132 2549 1202 2624 agit,
1217 2568 1275 2606 non
1289 2568 1360 2606 vero
1374 2569 1461 2607 eren-

252 2635 301 2688 tus
314 2647 410 2686 rerum
424 2646 442 2685 a
455 2645 486 2686 se
501 2625 631 2686 decretos
652 2626 751 2706 aperit,
767 2635 904 2704 tanquam
926 2628 1069 2687 Dominus
1083 2627 1192 2704 mundi,
1218 2637 1247 2686 at
1272 2629 1461 2706 Dispensator

252 2708 438 2767 bonorumet
455 2708 604 2782 malorum,
630 2727 689 2766 non
711 2707 791 2766 aliud
815 2707 948 2784 intendit,
973 2729 1059 2784 quam
1082 2709 1198 2785 regulas
1221 2707 1280 2766 illis
1301 2708 1389 2766 officii
1415 2710 1460 2768 sui

252 2788 374 2864 tradere,
390 2796 419 2848 et
432 2788 551 2865 praemia
564 2788 612 2846 vel
627 2808 735 2865 peenas,
758 2807 822 2865 quse
837 2807 876 2846 ex
889 2789 1073 2865 praestatione
1087 2788 1136 2846 vel
1159 2788 1294 2866 neglectu
1309 2789 1375 2866 ejus
1389 2788 1460 2866 ipsis

253 2869 428 2945 impendent,
445 2868 599 2943 declarare,
616 2869 676 2927 sine
692 2869 752 2926 ullo
776 2869 814 2926 ad
833 2867 1054 2945 possibilitatem
1076 2869 1124 2927 rel
1143 2867 1404 2945 impossibilitatem
1419 2869 1460 2927 rei

253 2958 395 3025 respectu.
437 2953 466 3006 2.
488 2948 563 3023 Quia
577 2949 673 3025 agitur
691 2947 782 3007 ibide
801 2949 823 3007 J
825 2948 924 3007 ustitia
938 2948 1040 3024 Legali
1062 2957 1091 3006 et
1106 2947 1240 3024 Operum,
1255 2967 1314 3006 non
1329 2947 1365 3006 de
1389 2949 1458 3008 Jus-

254 3028 319 3086 titia
334 3029 513 3105 Euangeliou
527 3037 556 3086 et
571 3029 673 3104 Fidei;
699 3027 816 3087 Scilicet
838 3028 983 3105 Propheta
1004 3027 1042 3086 ad
1055 3027 1200 3086 heminam
1224 3027 1361 3103 loquitur,
1378 3036 1459 3087 etex

253 3116 348 3168 mente
363 3127 461 3166 eorum
476 3128 548 3185 quos
562 3109 610 3166 hie
621 3108 782 3186 compellat,
799 3107 849 3184 qui
862 3115 895 3166 ut
909 3115 991 3166 erant
1005 3108 1059 3166 sub
1075 3109 1163 3184 Lege,
1178 3107 1302 3184 legalem
1313 3108 1459 3185 justitiam

254 3189 439 3247 sectabantur
462 3209 500 3246 ex
515 3189 604 3265 Lege,
630 3198 659 3248 ct
686 3209 724 3247 ex
748 3188 883 3264 operibus
898 3188 987 3264 Legis
1011 3188 1165 3265 justificari
1186 3187 1332 3246 volebant.
1369 3189 1460 3265 Cujus

253 3268 357 3326 erroris
371 3267 528 3326 vanitatem
540 3278 573 3327 ut
586 3268 704 3345 detegat
716 3268 867 3342 Dominus,
889 3275 918 3326 et
930 3268 1014 3325 simul
1025 3268 1168 3344 justitiam
1184 3267 1380 3326 Providentiae
1401 3287 1460 3327 sua
1572 3265 1573 3270 ’

253 3347 393 3404 adversus
407 3367 505 3406 eorum
520 3349 678 3406 calumnias
687 3355 810 3422 tueatur,
826 3346 897 3406 dicit
910 3348 931 3406 J
934 3347 1061 3406 ustitiam
1072 3347 1146 3424 justi
1160 3347 1232 3405 nihil
1255 3347 1298 3405 illi
1311 3347 1459 3424 prodesse,

251 3425 308 3482 nisi
329 3425 367 3482 sit
391 3435 526 3484 constans
540 3435 570 3486 et
589 3435 745 3503 perpetua,
760 3427 832 3486 alias
854 3427 878 3486 si
893 3447 923 3486 se
941 3428 1038 3504 justus
1052 3435 1172 3503 avertat,
1196 3427 1292 3485 emnia
1306 3447 1394 3504 opera
1408 3449 1461 3486 sua

251 3502 444 3580 precedentis
457 3503 564 3564 frustra
577 3525 649 3580 esse,
675 3507 844 3564 moriturum
860 3527 923 3566 esse
945 3507 975 3564 in
996 3507 1147 3583 iniquitate
1170 3527 1230 3582 sus,
1249 3506 1328 3583 quod
1350 3527 1416 3566 eum
1431 3507 1461 3565 in

253 3582 355 3658 seipsis
361 3582 631 3658 animadverterent,
639 3585 743 3644 mirum
754 3587 809 3644 sibi
816 3587 908 3645 videri
918 3607 975 3644 non
982 3586 1095 3661 debere,
1103 3587 1127 3644 si
1136 3605 1236 3663 peenas
1250 3607 1268 3644 a
1278 3587 1395 3662 justitia
1404 3588 1461 3646 Dei

252 3660 376 3720 inflictas
383 3662 551 3720 sustineant.
563 3663 644 3722 Talis
654 3673 750 3722 autem
758 3665 969 3742 justitiaeque
979 3666 1044 3743 quis
1053 3665 1158 3742 deficit,
1169 3667 1237 3725 lieet
1246 3685 1303 3724 non
1315 3667 1353 3725 sit
1363 3666 1462 3726 furcata

252 3749 282 3799 et
302 3741 488 3818 hypocritiae,
511 3749 541 3800 et
553 3751 666 3802 tentum
688 3744 785 3820 quoad
798 3753 947 3802 externam
962 3747 1095 3823 speciem,
1112 3746 1164 3806 sed
1177 3765 1247 3805 vere
1260 3746 1347 3804 etiam
1362 3746 1394 3804 iu
1407 3766 1461 3806 suo

230 3874 239 3892 ,
253 3841 375 3900 genere,
397 3839 455 3880 nen
469 3830 666 3899 potesttamen
678 3823 788 3882 censeri
799 3824 933 3882 salutaris
952 3833 981 3883 et
994 3825 1120 3901 virifica,
1146 3846 1210 3903 quae
1226 3826 1290 3884 Deo
1304 3834 1388 3903 grata
1403 3826 1460 3900 sit;

253 3903 322 3978 quia
336 3923 373 3961 cx
397 3902 557 3962 deiectione
572 3903 685 3962 vanitas
708 3905 770 3980 ejus
794 3903 1015 3964 demonstratur.
1058 3905 1120 3964 Nec
1142 3907 1167 3964 si
1188 3907 1269 3983 justo
1283 3907 1462 3982 promittitur

253 3983 322 4058 vita,
347 3983 476 4060 sequitur
489 3983 632 4060 justitiam
655 3983 691 4043 dc
706 4003 764 4060 qua
786 3983 915 4061 loquitur
935 4005 998 4044 esse
1011 3985 1185 4062 perlectam
1201 3986 1270 4062 quia
1282 3985 1461 4064 promittitur

254 4063 316 4120 vita
325 4063 405 4139 justo
420 4064 624 4140 perseveranti,
647 4063 677 4122 id
702 4071 753 4140 est,
779 4065 859 4142 juste
878 4065 984 4142 agenti,
1010 4085 1068 4124 non
1093 4065 1352 4142 quomodocunque
1375 4074 1461 4141 prout

249 4143 349 4218 justus
362 4162 379 4200 a
399 4143 514 4219 justitia
528 4163 581 4203 sua
594 4143 731 4204 deficIcns
752 4164 815 4202 cam
830 4153 953 4220 exercet,
969 4145 1020 4203 sed
1043 4145 1161 4220 sincere,
1177 4165 1215 4204 ex
1226 4145 1330 4220 animo,
1347 4155 1377 4203 et
1391 4165 1460 4204 con-

254 4229 371 4295 stanter,
389 4224 401 4278 1
421 4222 494 4280 Tim.
506 4223 525 4282 i.
542 4227 569 4298 5,
586 4225 691 4283 lllatth.
707 4225 779 4282 xxii.
795 4228 844 4283 37.

293 4301 489 4359 XXXVIII.
510 4302 606 4362 Judas
620 4323 678 4362 non
692 4301 805 4377 dicitur,
821 4303 890 4363 Joh.
903 4303 974 4362 xvii.
989 4306 1034 4380 12,
1056 4303 1145 4364 finisse
1164 4325 1201 4363 ex
1216 4323 1335 4364 numero
1350 4324 1458 4377 corum,

252 4379 302 4456 qui
317 4379 377 4438 dati
391 4389 472 4438 erant
487 4381 601 4442 Christo
613 4383 755 4458 servandi,
771 4383 840 4459 quia
855 4383 916 4459 jem
932 4391 993 4440 eret
1007 4392 1050 4444 otte
1063 4394 1189 4460 assutas,
1196 4385 1459 4463 filiusperditionis,

252 4459 349 4533 idest,
365 4467 426 4518 tum
440 4459 660 4537 perditissimus,
675 4472 762 4539 etque
784 4461 856 4519 adeo
871 4461 1031 4537 perditione
1048 4463 1164 4540 diguus,
1187 4464 1239 4542 qui
1260 4483 1325 4524 eam
1339 4464 1460 4522 crimine

252 4559 304 4596 auo
327 4539 357 4595 in
381 4558 411 4596 se
436 4539 596 4613 accersivit,
624 4550 684 4600 urm
709 4539 864 4618 perditioni
888 4547 917 4598 et
931 4541 1021 4600 exitio
1046 4543 1207 4602 destinatus
1221 4563 1255 4603 ac
1269 4543 1395 4602 devotus
1422 4543 1459 4602 ab

251 4625 358 4672 oetcme
374 4618 455 4691 justo
471 4619 525 4676 Dei
543 4619 663 4694 judicio,
680 4621 748 4678 Aet.
763 4621 782 4676 i.
800 4623 844 4690 16,
861 4627 890 4678 et
904 4639 965 4696 cap.
975 4621 1014 4680 lv.
1030 4627 1078 4696 27,
1094 4625 1142 4698 28,
1158 4623 1209 4698 qui
1222 4623 1288 4682 idco
1302 4623 1460 4700 opponitur

251 4691 319 4748 tiliis
336 4695 389 4752 Dei
405 4695 522 4770 Electis,
539 4698 587 4770 qui
613 4698 673 4755 deti
693 4707 759 4756 sunt
774 4698 888 4756 Christo
904 4701 1047 4760 servandi.
1091 4701 1194 4778 Itaque
1214 4711 1263 4770 stat
1283 4703 1402 4762 nonlric
1416 4713 1460 4761 cst
