3202 5194
233 377 290 438 114
687 389 779 432 noces
794 390 976 432 unuscruus.
1234 367 1365 452 [eumer.
1387 391 1442 435 xx.

230 536 315 600 honis
333 531 458 614 proximi
481 531 650 593 ullomodo
673 540 830 609 noceatur3
853 541 882 592 et
895 529 1033 610 quicquid
1057 529 1207 591 veracitati
1230 539 1260 591 et
1284 532 1445 594 sinceritati

231 639 296 697 ques
310 618 386 676 inter
399 613 530 675 homines
544 613 673 673 obtinere
688 613 774 672 debet
794 621 954 692 repugnat:
975 611 1055 690 quod
1074 611 1218 671 mendacii
1238 615 1354 674 nomine
1369 616 1446 674 solet

233 718 366 854 ‘Q
536 773 578 832 11.
594 773 832 833 necessumst
846 770 1134 850 hufflatichen
1149 772 1250 832 nene.
1266 772 1305 832 se
1319 774 1445 835 enen.

248 841 461 946 Qfflsgpppcdr
496 873 559 931 cap.
584 857 612 929 4,
635 853 779 930 definitur,
817 855 835 886 e
856 853 1021 912 voluntaria
1044 851 1111 912 fusi
1134 854 1299 913 caunense
1324 853 1446 913 ruenni

397 933 402 946 '
496 934 612 1009 causa,''
638 933 691 992 sed
710 933 873 993 accuratius
896 933 933 992 ab
954 931 1019 991 aliis
1042 934 1059 965 “
1074 933 1272 992 testimonium
1296 953 1354 1011 quo
1379 934 1448 1012 quis

235 1016 319 1074 aliter
329 1013 508 1092 pronunciat,
520 1014 605 1073 aliter
615 1013 645 1072 in
655 1013 742 1073 corde
757 1013 879 1090 sentit;''
895 1013 971 1072 Nam
984 1013 1053 1072 licet
1066 1011 1185 1072 fallendi
1200 1014 1321 1073 intentio
1334 1013 1447 1092 periec-

234 1097 338 1156 tiorem
352 1095 508 1154 constituet
529 1093 672 1154 mandacii
686 1094 820 1172 speciem,
845 1113 904 1152 non
930 1113 1042 1170 semper
1064 1094 1220 1170 requiritur
1234 1093 1264 1152 in
1284 1094 1445 1170 mendacio,

235 1175 322 1235 modo
337 1174 413 1233 adsit
434 1175 570 1234 voluntas
590 1173 695 1232 fabum
719 1172 901 1249 enuntiandi,
920 1172 999 1251 quod
1012 1172 1115 1232 Thom.
1129 1173 1159 1231 ii.
1175 1178 1203 1250 2,
1219 1193 1248 1251 q.
1265 1177 1331 1249 110,
1347 1183 1398 1233 art.
1417 1179 1445 1251 1,

237 1256 311 1316 bena
326 1255 466 1333 explicat:
490 1254 601 1312 “Ratio
615 1253 758 1312 mendacii
773 1255 896 1313 sumitur
908 1273 927 1312 a
940 1253 1054 1312 formali
1068 1252 1201 1330 falsitate,
1218 1253 1376 1314 secundum
1388 1256 1446 1314 hoc

237 1337 348 1396 scilicet
360 1335 440 1412 quod
453 1334 559 1414 aliquis
571 1333 660 1394 habet
673 1334 853 1393 voluntatem
866 1333 972 1392 falsum
986 1333 1188 1392 enunciendi.”
1212 1333 1251 1392 Et
1264 1334 1445 1413 paulopost:

239 1419 257 1450 “
273 1415 358 1491 Quod
371 1424 467 1474 autern
481 1413 587 1492 aliquis
610 1413 735 1473 intendit
756 1413 911 1474 falsitatem
935 1413 966 1472 in
980 1413 1114 1491 opinione
1128 1413 1246 1472 alterius
1260 1415 1445 1491 constituere,

237 1496 364 1556 fallendo
378 1495 482 1572 ipsum,
497 1514 557 1553 non
570 1495 695 1572 pertinet
707 1493 746 1552 ad
766 1493 891 1571 speciem
911 1493 1063 1568 mendacii,
1086 1492 1139 1552 sed
1159 1493 1196 1552 ad
1216 1493 1361 1570 quandam
1381 1513 1447 1572 per·

239 1575 392 1635 sectionem
416 1575 510 1653 ejus.''
562 1574 610 1633 Ita
633 1574 691 1633 duo
716 1593 828 1651 semper
852 1574 890 1632 ad
913 1573 1096 1632 mendacium
1118 1573 1310 1651 requiruntur.
1354 1577 1380 1632 1.
1404 1573 1448 1633 Ut

239 1655 402 1716 enuntiatio
427 1655 465 1715 sit
488 1653 569 1730 fslsa,
596 1655 738 1713 contrmia
759 1654 801 1712 rei
822 1653 948 1713 veritati.
990 1659 1019 1713 2.
1041 1653 1083 1714 Ut
1104 1653 1180 1712 adsit
1193 1653 1328 1712 voluntas
1341 1653 1447 1712 falsum

239 1735 421 1811 enunciandi,
436 1736 522 1794 etita
535 1753 629 1793 sermo
643 1735 682 1793 sit
695 1733 854 1794 contrarius
874 1733 1052 1810 cogitationi,
1075 1733 1152 1793 unde
1172 1733 1284 1792 mentiri
1302 1733 1370 1792 inde
1384 1733 1446 1792 dic-

239 1825 301 1876 tum
315 1815 427 1891 volunt,
442 1813 526 1893 quasi
550 1823 649 1874 eorm
662 1821 779 1874 mentem
800 1815 851 1873 ire.
894 1813 974 1874 Fieri
995 1815 1072 1873 euim
1085 1822 1181 1891 potest
1201 1822 1234 1872 ut
1254 1813 1320 1890 quis
1341 1813 1447 1874 falsum

239 1895 326 1972 dicat,
340 1916 395 1956 nec
409 1905 506 1956 temon
520 1895 683 1970 mentiatur,
698 1895 767 1972 quia
780 1914 882 1954 rerum
896 1914 960 1954 essa
980 1891 1073 1954 credit
1093 1914 1145 1973 per
1168 1893 1369 1972 ignorantiam,
1394 1913 1449 1953 nec

240 1997 334 2036 sermo
348 1997 366 2036 a
379 1984 475 2036 mente
489 1974 632 2034 dissentit.

546 2055 607 2112 111.
628 2054 811 2114 Mendacium
825 2053 904 2132 quod
920 2055 1070 2132 Praecepto
1085 2055 1170 2113 Nono
1190 2055 1367 2132 prohibetur,
1382 2053 1448 2112 vul·

257 2121 468 2226 rsprfflcnaa
504 2154 543 2211 go
563 2135 600 2193 ab
620 2133 735 2212 objecto
754 2133 944 2212 distinguitur
966 2136 996 2193 in
1010 2135 1210 2212 patriotarum,
1225 2134 1305 2212 quod
1324 2134 1449 2194 nocendi

395 2211 401 2224 '
505 2213 767 2292 animoproiertur,
782 2213 855 2273 etin
872 2215 1030 2292 perniciem
1050 2214 1177 2292 proximi
1197 2214 1299 2290 tendit,
1307 2217 1446 2291 jocosum,

243 2291 322 2369 quod
335 2312 387 2370 per
396 2293 496 2371 jocum
506 2293 614 2353 dicitur
624 2293 789 2353 oblectandi
802 2295 905 2372 gratia,
917 2303 947 2355 et
957 2295 1116 2371 officiosum,
1128 2293 1207 2372 quod
1221 2295 1251 2352 in
1265 2294 1448 2354 commodum

243 2409 285 2456 A„
314 2411 387 2457 dm,
406 2411 484 2456 ullum
504 2374 629 2453 proximi
640 2374 744 2452 vergit,
757 2382 786 2434 et
796 2375 922 2453 juvandi
935 2395 1006 2453 ergo
1019 2374 1233 2453 pronunciatur.
1256 2375 1296 2434 Et
1306 2374 1342 2434 de
1355 2376 1449 2452 primo

273 2471 425 2516 manasen
455 2470 485 2514 n·
505 2454 622 2532 quidem
644 2475 744 2514 omnes
765 2455 949 2515 consentiunt
969 2475 1059 2533 grave
1078 2475 1142 2514 esse
1156 2464 1316 2533 peccatum,
1339 2454 1392 2514 sed
1412 2454 1449 2513 ds

271 2527 355 2573 eitum.
504 2533 618 2594 duobus
631 2535 846 2613 posterioribus,
863 2542 892 2594 et
905 2535 1007 2596 ultimo
1021 2534 1212 2612 potissimum,
1227 2535 1265 2594 lis
1278 2544 1411 2594 movetur
1431 2554 1450 2592 s

245 2613 416 2691 Socinianb,
428 2613 478 2692 qui
499 2615 597 2674 earel
620 2616 698 2675 levia
711 2615 760 2676 vel
779 2615 861 2675 nulls
874 2633 937 2675 esse
961 2623 1080 2693 peccata
1100 2615 1292 2692 pertendunt;
1315 2615 1352 2674 ad
1376 2633 1451 2693 quos

244 2693 386 2756 accedunt
409 2695 542 2754 nonnulli
564 2695 704 2756 Casuiste
724 2695 861 2770 laxiores,
883 2695 933 2773 qui
954 2715 990 2755 ea
1008 2695 1135 2755 liberant
1157 2715 1176 2754 a
1196 2695 1306 2754 ratione
1328 2694 1449 2774 peccati.

246 2774 386 2850 Quamvis
399 2794 470 2834 vero
483 2775 639 2835 discrimen
658 2777 846 2836 observemus
867 2775 943 2836 inter
961 2775 1018 2835 ista
1031 2775 1191 2850 mendacis,
1210 2785 1243 2835 ut
1256 2775 1449 2854 perniciosum

245 2853 425 2994 iiigim’
437 2854 495 2914 alia
507 2873 577 2915 vero
591 2855 650 2916 duo
663 2856 790 2933 leviora;
805 2865 924 2934 peccata
937 2863 1035 2914 tamen
1048 2875 1118 2916 vera
1132 2875 1196 2916 esse
1210 2875 1360 2916 censemus
1370 2855 1451 2933 Lego

293 2935 303 2992 i
337 2944 463 2996 amnata.

244 3051 487 3159 11212212
509 3015 735 3156 illidit
745 3014 1449 3174 chttltsttdntttllttbt

289 3174 397 3216 mmct.
511 3175 560 3234 Ps.
575 3196 605 3234 v.
620 3179 648 3252 6,
665 3177 752 3236 Prov.
767 3177 807 3235 vi.
825 3180 871 3253 17,
890 3178 935 3250 19,
951 3184 981 3235 et
994 3175 1045 3235 xii.
1061 3180 1109 3251 22,
1126 3175 1201 3254 Epla
1215 3175 1256 3234 iv.
1271 3179 1319 3247 25,
1335 3175 1397 3234 Col.
1409 3175 1450 3234 iii.

246 3257 274 3328 9,
289 3263 389 3333 utpote
410 3255 490 3334 quod
509 3256 644 3332 provenit
663 3255 700 3314 ab
721 3255 861 3315 instinctu
882 3255 1000 3314 Diaboli
1020 3255 1163 3315 mendacii
1185 3256 1280 3330 Patre,
1301 3255 1373 3315 Joh.
1388 3254 1449 3314 viii.

246 3339 295 3409 44,
305 3335 386 3412 quod
399 3334 480 3394 laedit
503 3334 684 3410 majestatem
696 3335 760 3412 Dei,
776 3337 827 3413 qui
840 3335 973 3396 veritatis
986 3337 1091 3395 author
1104 3344 1133 3395 et
1145 3336 1213 3395 talis
1227 3343 1338 3393 amator
1351 3343 1383 3392 ut
1397 3353 1450 3392 nec

246 3415 362 3474 mentiri
382 3413 483 3493 possit,
505 3433 558 3472 nec
579 3433 631 3491 per
650 3414 740 3474 ullam
759 3413 1003 3493 dispensationem
1024 3415 1123 3474 lecerit
1143 3433 1270 3491 unquam
1290 3411 1449 3471 mentiendi

246 3502 428 3572 potestatam,
444 3495 502 3552 imo
523 3511 661 3632 expresse
679 3493 754 3554 illud
766 3496 868 3572 vetuit,
890 3503 921 3556 et
940 3496 1069 3574 graviter
1085 3494 1187 3573 punire
1208 3493 1345 3568 decrevit,
1361 3491 1449 3551 Prov.

248 3572 582 3651 xix.5,9‚etxxi.2.

328 3719 333 3732 Ι
550 3651 589 3712 V.
605 3657 633 3712 2.
649 3653 724 3728 Quia
738 3654 817 3732 quod
827 3655 986 3716 secundum
1001 3653 1153 3714 semelum
1167 3653 1255 3713 estin
1270 3671 1322 3712 suo
1334 3671 1449 3730 genere,

248 3718 270 3764 ²·
287 3717 439 3823 Qum?
453 3723 491 3767 ⁰⁸²
510 3732 591 3792 nullo
612 3733 699 3794 modo
719 3743 815 3814 potest
828 3735 892 3794 fieri
911 3735 1020 3795 bonum
1041 3744 1071 3795 et
1089 3733 1221 3811 licitum;
1250 3752 1334 3792 omns
1355 3740 1451 3792 autem

412 3807 418 3822 '
510 3813 691 3873 mendacium
706 3823 750 3875 cst
763 3833 815 3893 per
829 3835 860 3874 se
870 3815 987 3892 malurn,
999 3814 1105 3874 cadens
1120 3834 1207 3892 super
1219 3812 1377 3872 indebitam
1391 3831 1450 3870 rna-

249 3891 358 3968 teriam,
382 3899 428 3950 est
448 3891 525 3950 euim
545 3893 720 3954 inordinatio
734 3903 796 3954 tum
812 3895 978 3954 mentientis
999 3894 1029 3952 in
1050 3913 1090 3969 so,
1113 3895 1182 3972 quia
1202 3903 1302 3954 contra
1322 3893 1451 3952 ordinem

249 3979 359 4030 naturae
373 3969 464 4031 oratio
477 3973 550 4050 ejus,
567 3993 631 4051 quae
645 3974 751 4034 mentis
765 3983 809 4034 est
823 3973 974 4052 interpres,
988 3994 1006 4033 a
1019 3984 1115 4034 mente
1132 3975 1218 4052 plane
1232 3972 1375 4050 dissentit,
1390 3981 1451 4031 turn

248 4049 287 4108 ad
299 4051 472 4127 proximum,
487 4053 557 4130 quia
575 4052 707 4114 veritatis
728 4054 941 4114 observantiam
955 4055 1154 4132 unusquisque
1175 4053 1308 4131 proximo
1329 4072 1382 4112 suo
1402 4052 1451 4111 de·

249 4129 308 4204 bet,
330 4147 368 4188 ex
389 4129 566 4207 obligatione
586 4133 713 4194 naturali
733 4141 763 4194 et
782 4134 875 4194 divini
891 4134 977 4213 juris.
1017 4134 1103 4194 Unde
1124 4134 1228 4192 Thom.
1250 4133 1281 4192 ii.
1296 4137 1325 4210 2,
1339 4153 1368 4210 q.
1385 4135 1450 4208 110,

249 4209 330 4269 artic.
345 4213 373 4285 3,
387 4211 406 4243 “
416 4209 542 4287 Voces,''
557 4213 660 4290 inquit,
674 4215 692 4248 “
706 4214 876 4276 naturaliter
889 4222 956 4274 suut
971 4213 1055 4292 signa
1067 4213 1276 4289 intellectuum,
1292 4211 1451 4271 innaturale

247 4289 338 4367 igitur
351 4298 396 4350 est
409 4297 439 4349 et
452 4290 621 4368 indebitum,
636 4294 716 4371 quod
729 4294 833 4372 aliquis
852 4313 924 4354 voce
939 4293 1082 4372 significet
1106 4293 1138 4352 id
1151 4293 1230 4372 quod
1243 4313 1302 4352 non
1315 4291 1404 4351 habet
1423 4291 1452 4350 in

248 4370 374 4430 monte.'’
418 4369 467 4430 Sic
482 4371 647 4448 Durandus,
662 4373 713 4434 lib.
725 4373 765 4433 iii.
781 4373 847 4434 dist.
860 4376 908 4450 ee,
924 4394 953 4452 q.
967 4377 981 4432 1
996 4396 1003 4433 2
1020 4373 1146 4434 “Verba
1160 4373 1293 4434 institeris
1308 4382 1383 4448 sunt,
1395 4391 1452 4430 nou

248 4458 282 4510 ut
296 4469 347 4527 per
360 4470 395 4509 ea
407 4450 539 4512 homines
553 4470 584 4514 se
598 4451 708 4529 fallant,
722 4453 774 4513 sed
786 4461 820 4514 ut
834 4455 1024 4532 cogitationes
1039 4473 1107 4514 suas
1117 4451 1183 4512 aliis
1193 4453 1358 4528 notificent;
1373 4451 1451 4510 inde·

248 4529 328 4590 bitus
341 4530 431 4607 igitur
451 4539 533 4592 actus
554 4540 607 4608 est,
622 4553 687 4592 cum
702 4533 768 4611 quis
788 4534 910 4594 vocibus
931 4534 1022 4594 utitur
1035 4533 1074 4592 ad
1094 4533 1317 4611 significandum
1331 4531 1363 4591 id
1376 4529 1453 4606 quod

248 4617 345 4668 mente
359 4628 417 4667 non
431 4613 539 4671 tenet.’'
567 4611 654 4672 Unde
669 4611 873 4692 Philosophus,
890 4613 985 4674 Ethic.
1001 4613 1040 4672 iv.
1056 4633 1119 4691 cap.
1132 4617 1160 4687 7,
1175 4611 1324 4673 concludit
1336 4609 1451 4669 menda·

247 4688 325 4764 cium
339 4707 403 4750 esee
416 4709 468 4767 per
480 4709 512 4752 ss
525 4711 649 4772 pravum
662 4701 692 4754 et
705 4691 885 4772 fugiendum.
921 4693 1042 4756 Nullum
1056 4692 1324 4774 ergo-mendacium
1337 4689 1380 4749 ita
1393 4687 1456 4762 olli·¹
