3108 5198
227 353 266 412 24
660 356 751 412 iocus
765 367 946 412 uunnoruus.
1250 348 1377 430 [Quasi.
1393 359 1443 412 ιιι.

231 533 289 574 non
303 511 450 588 debemus,
466 531 520 571 nec
534 513 598 590 ejus
611 533 730 572 uxorem
746 521 774 572 et
788 514 865 572 bont
878 509 1089 588 concupiscere,
1103 509 1183 587 qnod
1197 529 1255 569 non
1269 509 1307 570 de
1322 511 1446 590 quibus·

230 593 297 652 dam
312 601 432 666 tantum,
448 593 501 652 sed
513 593 550 652 de
565 593 697 652 omnibns
708 593 822 652 dicitnr.
864 592 926 650 Nee
939 592 1043 667 obstat,
1059 590 1137 667 quod
1160 591 1265 650 Mattlr.
1281 611 1310 650 v.
1326 595 1374 668 43,
1391 597 1444 670 44,

230 675 337 733 dicitur
349 673 441 731 veluti
455 692 493 731 ex
508 673 587 750 Lege
601 673 731 750 petitum,
756 676 774 706 “
789 673 903 750 Diliges
923 671 1095 748 proximum,
1118 679 1147 729 et
1161 671 1227 729 odio
1248 671 1372 731 habebis
1385 674 1444 731 ini·

231 754 368 827 micum,”
384 753 451 830 quia
475 753 607 812 Christus
629 753 670 811 ibi
694 753 786 830 carpit
809 752 1038 811 additamentum
1052 751 1158 828 glossae
1172 750 1359 828 Pharisaicoe,
1381 771 1444 811 non

230 833 476 910 imperfectionem
497 832 594 910 Legis,
610 851 675 910 quae
688 833 744 891 hoc
758 853 811 892 nec
824 832 913 890 habet
925 850 1011 905 nunc,
1026 850 1080 889 nec
1092 830 1194 889 hebuit
1208 850 1355 908 unquam:
1377 832 1446 891 Lex

232 913 349 972 talionis
363 933 428 990 qua
442 913 511 972 data
524 913 579 972 fuit
594 913 648 972 sub
663 913 731 972 Vet.
745 913 825 972 Test.
839 931 898 970 non
912 911 1061 987 restringit
1074 919 1250 988 praeceptum
1264 911 1442 987 dilectionis,

232 993 300 1071 quia
314 993 375 1071 agit
389 993 425 1050 de
436 993 502 1070 jure
512 993 711 1070 Magistratus,
726 1012 785 1051 non
799 991 836 1050 de
850 991 951 1051 officiis
965 991 1131 1066 charitatis3
1153 991 1190 1049 de
1204 991 1299 1068 poenis
1309 991 1443 1070 irrogane

233 1073 279 1132 dis
292 1093 342 1132 reo
356 1093 373 1130 a
387 1071 409 1130 J
410 1073 502 1147 udice,
517 1091 576 1130 non
590 1073 626 1131 de
640 1072 750 1132 ultione
764 1070 919 1149 querenda
932 1091 950 1129 a
962 1071 1087 1147 privato.

274 1152 369 1210 XXI.
394 1152 425 1210 Si
447 1152 586 1211 Israelitis
607 1161 750 1226 vetantur,
773 1151 868 1210 Exod.
884 1151 988 1209 xxxiv.
1012 1153 1058 1224 12,
1081 1157 1110 1208 et
1131 1150 1251 1208 Denter.
1266 1150 1317 1208 vii.
1335 1155 1363 1226 2,
1375 1168 1443 1210 cum

233 1239 344 1309 septem
358 1232 473 1309 populis
488 1233 694 1292 Cananoeorum
708 1231 875 1291 affinitatem
886 1231 1019 1308 jungere,
1033 1229 1129 1288 foedus
1143 1229 1244 1305 fucere,
1266 1231 1326 1288 imo
1341 1251 1443 1290 eorum

232 1311 363 1370 misereri
374 1333 381 1388 ;
405 1315 430 1369 1.
446 1311 512 1370 Non
527 1313 657 1389 sequitur
669 1311 804 1390 imperari
817 1329 915 1370 eorum
927 1309 1113 1386 odium,quia
1127 1308 1212 1368 datur
1223 1309 1353 1369 medium
1367 1313 1445 1370 inter

234 1391 399 1467 amicitiam,
415 1411 479 1468 quae
498 1392 657 1451 animorum
682 1401 711 1451 et
735 1390 892 1450 officiorum
917 1390 1190 1449 contesserationem
1202 1388 1298 1464 infert,
1314 1398 1345 1449 et
1366 1391 1443 1450 inter

234 1470 332 1529 odium
345 1493 352 1530 ε
373 1491 426 1530 nec
440 1472 572 1530 absolute
582 1471 751 1548 prohibetur
763 1470 960 1528 misericordie
972 1477 1105 1547 respectu
1119 1469 1255 1545 ipsorum,
1272 1469 1325 1528 sed
1340 1489 1443 1530 secun·

234 1549 303 1608 dum
324 1550 394 1628 quid
415 1558 536 1626 tantum,
557 1551 668 1609 ratione
687 1551 806 1609 ultionis
820 1549 999 1608 demandatae
1014 1569 1032 1607 a
1046 1549 1110 1607 Deo
1124 1567 1194 1626 erga
1207 1567 1266 1624 eos,
1282 1550 1334 1627 qui
1349 1550 1444 1609 occidi

233 1628 378 1689 debebant
392 1649 529 1708 expresso
551 1631 607 1689 Dei
627 1630 771 1704 mandato,
794 1637 824 1688 et
843 1630 961 1706 quidem
974 1648 1010 1688 ea
1023 1628 1059 1687 de
1073 1647 1168 1702 causa,
1184 1648 1221 1686 ne
1235 1637 1333 1688 essent
1347 1631 1380 1687 in
1400 1630 1442 1688 la-

233 1729 339 1788 queum
353 1710 460 1788 populo
476 1710 540 1768 Dei.
572 1715 600 1769 2.
617 1709 788 1770 Mandatum
802 1729 860 1767 non
874 1708 959 1767 datur
972 1708 1008 1768 de
1022 1709 1098 1784 odio,
1114 1707 1166 1766 sed
1180 1707 1216 1766 de
1231 1709 1357 1783 excidio,
1372 1711 1443 1787 quia

235 1791 315 1849 Deus
339 1791 405 1849 illos
427 1791 517 1850 exitio
535 1791 698 1861 devoverat
721 1799 858 1867 tanquam
879 1789 978 1848 hostes
1005 1807 1074 1846 suos
1098 1788 1135 1846 ob
1157 1787 1301 1846 horrenda
1320 1789 1444 1848 crimina

233 1890 343 1930 eorum.
384 1874 412 1930 3.
435 1870 501 1928 Non
517 1870 686 1948 simpliciter
698 1869 773 1928 illud
786 1869 848 1928 fieri
863 1868 970 1943 debuit,
987 1867 1113 1926 sedtum
1128 1867 1243 1925 demum
1259 1887 1324 1926 cum
1338 1888 1442 1946 pacem

233 1959 422 2026 recusassent,
447 1951 582 2010 Deutero.
602 1971 653 2008 xx.
670 1952 717 2008 10.
758 1953 787 2007 4.
811 1949 847 2006 In
861 1948 898 2006 N.
913 1948 947 2006 Τ.
962 1946 1036 2005 illud
1056 1947 1143 2006 etiam
1164 1947 1250 2022 valet,
1274 1967 1332 2008 noa
1354 1950 1442 2008 modo

233 2049 323 2108 quum
344 2039 477 2088 vetamur
497 2030 609 2108 precari
631 2049 684 2106 pro
708 2029 744 2088 iis
768 2029 818 2104 qui
842 2035 963 2104 peceant
976 2027 1013 2084 ad
1038 2036 1167 2102 mortem,
1186 2030 1200 2084 1
1217 2027 1287 2086 J‘oh.
1302 2049 1331 2086 v.
1350 2033 1397 2103 16,
1414 2037 1443 2088 et

233 2109 329 2167 dicere
344 2109 424 2168 salve
438 2109 490 2183 illi,
506 2109 556 2184 qui
570 2109 656 2167 eliam
671 2107 831 2167 doctrinam
845 2105 937 2182 affert,
953 2111 970 2164 2
986 2107 1007 2167 J
1010 2107 1066 2181 oh,
1083 2105 1134 2166 sed
1148 2107 1235 2166 etiam
1249 2127 1284 2166 eo
1298 2107 1372 2185 ipso,
1382 2129 1442 2187 quo

233 2187 311 2246 bella
325 2196 393 2246 sunt
405 2189 494 2247 licita.

274 2267 388 2325 XXII.
409 2272 438 2326 2.
455 2254 634 2346 Praeceptum
655 2266 818 2328 dilectionis
837 2285 896 2326 non
916 2269 961 2326 cst
982 2275 1141 2327 correctum
1162 2287 1180 2326 a
1201 2267 1315 2327 Christo
1329 2269 1443 2328 ratione

233 2349 353 2405 mediet
366 2348 533 2422 inanima,
557 2349 620 2406 sive
635 2349 730 2408 Deum
755 2349 816 2407 sive
840 2347 1004 2425 proximum
1025 2357 1198 2425 spectemus,
1214 2347 1283 2424 quia
1306 2359 1442 2426 respectu

233 2427 290 2486 Dei
304 2447 361 2486 non
375 2435 471 2505 potest
485 2427 547 2486 dari
560 2429 653 2506 major
666 2447 747 2487 amor
759 2427 810 2486 illo
824 2446 882 2505 quo
897 2427 1035 2504 jubemur
1049 2429 1144 2486 Deum
1158 2427 1279 2505 diligero
1300 2435 1442 2504 tanquam

233 2526 375 2567 summum
391 2507 507 2582 bonum,
523 2507 652 2584 adeoquo
665 2527 724 2565 non
734 2515 844 2567 tantum
854 2515 971 2584 propter
983 2507 1124 2566 beneficia
1133 2527 1198 2584 quae
1211 2507 1297 2566 nobis
1310 2508 1441 2582 exhibet,

233 2587 285 2646 sed
299 2596 329 2646 et
342 2593 459 2664 proptor
472 2587 681 2664 excellentiam,
704 2605 762 2664 qua
781 2588 873 2665 major
893 2586 955 2645 dari
976 2607 1035 2645 non
1054 2595 1159 2665 potest.
1202 2587 1348 2664 Respecto
1370 2607 1442 2647 vero

232 2667 366 2745 proximi,
381 2667 461 2726 illius
482 2686 562 2725 amor
574 2668 686 2726 nullum
707 2674 803 2744 potest
815 2666 941 2744 recipere
956 2666 1086 2744 gradm,
1108 2667 1177 2744 quia
1196 2667 1334 2743 jubemur
1357 2667 1443 2726 illum

233 2747 354 2824 diligere
369 2747 444 2805 sicut
456 2766 510 2805 nos
524 2748 611 2824 ipsos.
655 2747 716 2806 Nec
730 2747 808 2824 qnod
823 2747 1016 2824 Evangelium
1027 2746 1119 2824 jubet,
1136 2755 1169 2806 ιιι
1181 2747 1272 2806 vitum
1287 2747 1375 2806 etiem
1389 2768 1442 2826 po·

233 2843 336 2886 namus
350 2846 402 2904 pro
417 2827 562 2903 fratribus,
586 2830 601 2885 1
617 2827 727 2886 Johan.
742 2827 784 2885 iii.
801 2830 846 2901 16,
869 2827 978 2885 evincit
996 2845 1052 2885 nos
1072 2827 1177 2886 debere
1198 2825 1319 2903 diligere
1340 2830 1442 2905 proxi-

231 2926 311 2965 mum
324 2907 390 2984 plus
404 2927 489 2985 quum
504 2906 658 2985 nosipsos,
674 2915 707 2966 ut
721 2907 870 2966 charitatis
886 2906 1055 2965 Christiana
1069 2905 1173 2965 modus
1186 2907 1279 2984 major
1291 2907 1332 2966 sit
1345 2908 1441 2967 ehari-

232 2995 292 3046 tate
308 2986 418 3064 begali.
462 2991 488 3046 1.
511 2987 586 3063 Quia
599 2987 765 3046 mandatum
780 2987 816 3045 de
829 2985 963 3065 ponenda
976 2985 1038 3044 vito
1050 3005 1103 3062 pro
1117 2986 1212 3062 fram,
1234 2999 1293 3045 non
1306 2990 1443 3064 ignomm

232 3067 286 3126 fuit
301 3068 354 3127 sub
367 3067 403 3126 V.
415 3067 459 3143 Τ,
474 3077 507 3127 ut
527 3076 607 3145 patet
627 3067 760 3146 exemplo
782 3067 883 3143 Musis,
903 3066 979 3124 mori
1000 3065 1125 3142 optantis
1138 3077 1190 3142 pro
1204 3066 1320 3142 populo,
1333 3075 1366 3126 et
1381 3068 1443 3128 Da·

232 3147 309 3205 vidis
323 3168 374 3223 pro
390 3147 557 3221 Absulomo,
574 3152 592 3205 2
610 3148 686 3206 Sam.
701 3147 794 3220 xviii,
809 3147 896 3205 trium
910 3147 1030 3204 heroum
1044 3165 1096 3222 pro
1111 3145 1225 3204 Davide
1239 3147 1312 3204 mori
1325 3158 1443 3223 parato·

232 3243 305 3299 rum,
317 3221 387 3284 ibid.
399 3243 424 3284 c.
433 3223 532 3300 xxiii.;
548 3227 610 3284 Nee
621 3224 694 3302 'ipsis
708 3227 795 3284 etiam
805 3225 1010 3300 Ethnicis,quo
1024 3225 1169 3302 pertinent
1183 3226 1316 3302 exempla
1330 3245 1441 3304 eorum,

232 3304 1443 3464 ittituti.titttltatttfttttttttttsfttt‘ttlt‘ttt

232 3462 347 3538 fatetur,
374 3461 459 3521 Rom.
478 3483 507 3520 v.
528 3463 554 3536 6,
576 3465 604 3519 7.
651 3466 679 3519 2.
702 3461 779 3520 Nota
801 3463 1023 3539 comparationis
1046 3465 1117 3523 sicat
1136 3463 1291 3540 nosipsos,
1315 3484 1374 3524 non
1396 3476 1443 3526 est

232 3532 423 3618 intelligenda
435 3545 570 3616 καιοιικός,
586 3540 637 3599 sed
651 3537 897 3635 vagaiupuamis,
912 3561 965 3601 nec
974 3543 1093 3602 exhibet
1103 3563 1262 3602 mensuram
1272 3551 1302 3604 ct
1311 3549 1444 3621 requiam

233 3621 391 3680 secundum
406 3641 492 3698 quem
513 3621 651 3680 debemus
672 3621 792 3698 diligere
813 3622 984 3699 proximum,
1010 3622 1062 3681 sed
1085 3630 1198 3681 tuntum
1220 3627 1387 3700 cumptum,
1412 3635 1444 3686 et

233 3700 291 3759 telo
305 3700 422 3777 quidum
436 3717 493 3778 quo
508 3700 649 3760 intensius
662 3701 852 3760 communiter
864 3721 923 3760 non
936 3701 1029 3776 datur,
1045 3703 1113 3779 quia
1127 3711 1230 3761 natira
1242 3702 1281 3760 ad
1292 3722 1347 3762 nos
1361 3705 1443 3781 ipsos

232 3779 398 3858 diligendos
412 3799 511 3839 sumus
531 3779 622 3857 proni,
646 3781 721 3858 Eph.
736 3801 765 3838 v.
782 3783 830 3840 29.
873 3783 920 3840 Ita
933 3781 983 3858 qui
997 3782 1087 3840 vitam
1101 3782 1183 3858 ponit
1197 3801 1249 3859 pro
1263 3781 1358 3857 fratre,
1382 3803 1443 3843 non

233 3860 300 3938 plus
314 3860 410 3937 diligit
423 3860 539 3918 fratrem
551 3873 640 3936 quarn
661 3877 700 3934 se,
724 3860 871 3919 sedsicut
891 3879 930 3932 se,
953 3860 1021 3937 quia
1041 3861 1073 3918 id
1093 3861 1161 3919 iacit
1182 3861 1259 3938 quod
1281 3862 1336 3920 sibi
1351 3864 1444 3923 vellet

233 3939 296 3998 fiori
305 3940 339 3998 in
354 3931 441 3998 simili
455 3959 532 3998 casu.
575 3941 602 3998 3.
625 3939 681 4012 Qui
701 3939 791 3997 vitam
815 3940 897 4016 ponit
917 3958 969 4016 pro
989 3939 1076 3998 naue
1097 3941 1193 3999 minus
1209 3941 1330 4016 ¹quidem
1345 3941 1445 4020 diligit

235 4019 324 4077 vitam
348 4019 492 4095 propriam
506 4037 592 4096 quam
607 4018 728 4077 salutem
743 4017 882 4095 alienam3
898 4017 950 4078 sed
960 4017 991 4075 id
1004 4019 1081 4094 facit,
1093 4024 1155 4078 tum
1170 4021 1239 4096 quia
1252 4020 1331 4080 salus
1345 4022 1443 4081 aliena

234 4107 279 4156 est
292 4097 444 4174 pretiosior
464 4098 553 4174 longo
566 4097 628 4156 uita
639 4099 800 4176 temporali,
815 4107 877 4158 tum
901 4098 1044 4175 praecipue
1067 4099 1135 4176 quia
1149 4097 1186 4156 'in
1204 4119 1243 4157 uo
1266 4097 1322 4157 Dei
1346 4102 1442 4178 gloria

235 4177 365 4250 vertitur,
380 4177 439 4235 imo
450 4187 482 4236 et
493 4178 570 4236 salus
578 4185 677 4236 nostra
685 4189 771 4255 qua'm
783 4177 848 4254 plus
859 4177 980 4254 diligere
991 4177 1130 4236 debemus
1142 4178 1346 4256 vitapropria3
1360 4182 1440 4240 unde

235 4256 296 4315 vita
310 4256 365 4315 ista
375 4257 467 4315 libere
481 4265 525 4316 est
539 4257 739 4335 profundenda
750 4265 783 4316 ut
797 4257 960 4316 obtineatur
974 4265 1089 4316 oetema.
1541 4291 1542 4330 ,

276 4335 406 4395 XXIII.
429 4336 608 4414 Praeceptum
622 4337 771 4396 charitatis
784 4354 843 4394 nun
857 4343 978 4394 vocatur
990 4357 1090 4394 aeuum
1110 4357 1128 4395 a
1142 4335 1265 4397 Christo.
1289 4337 1311 4396 J
1313 4337 1361 4396 oh.
1375 4341 1439 4398 xiii.
1541 4349 1542 4408 t

235 4419 283 4490 34,
299 4422 329 4475 et
342 4418 406 4475 Lea
421 4409 533 4492 citasti,
549 4417 614 4476 Gal.
628 4416 669 4475 vi.
685 4421 713 4489 2,
728 4417 851 4474 absolute
864 4424 891 4473 ct
902 4415 1018 4490 simplic.
1038 4415 1135 4492 quoad
1151 4416 1336 4474 adstantium
1357 4437 1439 4476 man·
1541 4411 1542 4504 ,

235 4495 304 4566 dati,
320 4517 384 4574 quae
399 4495 498 4554 eadem
513 4493 665 4573 utrobique
679 4494 742 4569 fuit,
759 4494 810 4553 sed
823 4496 973 4553 secundum
986 4496 1062 4570 quid,
1088 4502 1117 4554 et
1140 4505 1304 4570 conparate
1327 4498 1439 4557 ratione
1541 4511 1542 4560 ἒ

234 4577 318 4647 modi,
334 4577 402 4652 quia
415 4585 579 4635 renouatum
593 4585 637 4634 eet
651 4595 668 4633 a
683 4574 798 4632 Christo
813 4582 842 4632 et
856 4573 977 4650 pristino
992 4593 1045 4632 suo
1065 4575 1152 4632 nitori
1173 4574 1347 4650 restitutum,
1372 4584 1455 4635 cum·
1541 4633 1542 4640 ,

233 4655 381 4714 homiuum
395 4657 480 4714 malis
494 4655 621 4714 moribus
633 4651 737 4714 basset
750 4669 823 4730 pune
835 4653 1023 4729 antiquatum,
1036 4662 1066 4711 et
1079 4653 1155 4712 amaia
1169 4653 1323 4712 rationibus
1332 4662 1367 4713 ‘et
1379 4676 1438 4715 mo
