3192 5206
202 377 260 434 296
618 389 708 432 rocus
723 390 851 430 oscruus
866 389 999 430 rsnrros.
1236 365 1360 448 [cussa.
1379 387 1408 428 x.

245 533 301 590 VI.
325 531 357 590 Si
370 539 522 608 quaeratur,
544 531 602 588 Cur
627 530 751 607 Spiritus
774 531 898 590 Sanctus
912 530 941 586 in
956 529 1019 587 istis
1034 527 1261 605 generalioribus
1284 527 1411 586 volucrit

206 612 370 685 subsistere,
393 631 445 668 nec
467 611 620 686 specialius
643 611 715 687 quid
737 611 773 669 de
795 631 871 668 anno
895 609 993 682 natalI,
1025 608 1103 685 quod
1131 607 1174 664 illi
1198 606 1282 665 facile
1306 607 1411 666 fuisset

205 692 317 752 tradere
330 713 337 765 ;
368 690 530 766 Responsio
545 689 646 765 facilis,
661 690 767 749 factum
780 690 810 747 id
824 688 1021 767 proculdubio,
1039 689 1144 760 Primo,
1157 695 1189 744 ut
1198 695 1343 746 constaret
1355 707 1411 745 nee

203 771 272 830 fidei
292 791 345 828 nec
367 770 468 828 salutis
492 769 637 828 cardinem
661 770 736 829 verti
759 769 790 827 in
812 768 980 846 scrupulosa
1002 776 1161 844 temporum
1187 767 1411 842 supputatione;

205 851 332 910 sufficere
344 851 428 907 nobis
446 850 590 907 Christum
613 868 681 908 vere
703 857 803 908 natum
827 858 954 924 tempore
969 868 986 905 a
1000 847 1152 923 Prophetis
1166 845 1326 922 designato,
1343 846 1413 905 licet

204 929 384 1010 particularis
406 929 516 987 notatio
529 928 614 986 istius
627 929 695 986 anni
709 949 767 989 non
781 929 819 987 sit
832 937 990 1005 perspecta.
1033 927 1170 985 Nostrum
1185 934 1281 984 autern
1295 946 1352 982 non
1367 937 1413 984 est

205 1010 322 1068 definire
342 1027 408 1068 eum
426 1008 562 1085 periculo,
574 1008 652 1084 quod
664 1009 724 1068 sine
735 1009 863 1085 periculo
876 1007 1004 1083 ignorari
1017 1015 1120 1084 potest.
1164 1005 1306 1078 Secundo,
1318 1007 1414 1064 voluit

205 1091 294 1149 etiam
306 1091 360 1147 hae
374 1089 484 1146 ratione
498 1087 675 1145 harmoniam
689 1091 838 1164 utriusque
853 1087 1030 1146 Testamenti
1039 1086 1143 1144 clarius
1153 1085 1243 1143 oculis
1258 1087 1411 1162 subjicere.

208 1170 249 1230 Ut
263 1171 339 1228 enim
354 1169 383 1226 iu
399 1168 499 1227 Veteri
520 1167 705 1226 Testamento
730 1168 898 1244 designatur
916 1166 1058 1224 adventus
1073 1165 1180 1224 Christi
1202 1185 1253 1241 per
1277 1185 1412 1224 occasum

206 1250 311 1326 sceptri
325 1249 346 1307 J
348 1247 453 1320 udalci,
469 1257 499 1306 et
511 1247 656 1322 ὶυτοκμιίς
670 1248 692 1307 J
695 1247 814 1320 udalcae,
830 1248 891 1306 sine
903 1246 1064 1323 specialiori
1074 1255 1103 1303 et
1114 1245 1207 1320 magis
1215 1245 1335 1321 praeeisa
1346 1246 1412 1321 ejus

206 1329 414 1404 designatione,
436 1328 482 1386 lta
500 1329 563 1404 ejus
586 1328 723 1386 nativitas
743 1327 899 1403 contigisse
920 1325 1026 1384 dicitur
1046 1325 1099 1383 sub
1123 1345 1212 1400 regno
1235 1325 1361 1383 Herodis
1382 1333 1414 1384 et

206 1409 325 1485 imperio
340 1407 477 1484 Augusti,
498 1406 576 1483 quod
600 1407 705 1465 diserte
724 1406 833 1464 indicat
846 1415 991 1482 sceptrum
1005 1425 1023 1462 a
1035 1405 1057 1464 J
1060 1405 1116 1463 uda
1129 1404 1217 1463 fuisse
1231 1404 1367 1478 ablatum,
1384 1413 1416 1464 et

207 1489 447 1564 complementum
462 1497 630 1563 temporum,
646 1506 704 1563 quo
718 1485 861 1545 adventus
876 1485 991 1543 hIsssiae
1006 1484 1237 1560 circumscriptus
1252 1484 1344 1560 fuerit,
1360 1505 1414 1542 ex-

207 1567 340 1625 bibitum.

247 1646 320 1705 VII.
343 1646 481 1720 Quamvis
495 1665 565 1704 vero
581 1646 686 1704 Annus
699 1646 762 1722 ipse
775 1644 923 1704 natalitius
936 1643 1054 1720 praeciss
1065 1663 1123 1702 non
1137 1643 1320 1719 designetur3
1344 1643 1412 1702 Non

206 1727 366 1804 putandum
388 1726 453 1784 ideo
476 1726 631 1803 periclitari
654 1725 742 1784 fidem
765 1723 893 1784 historia
916 1723 1110 1800 Evangelicae,
1126 1723 1194 1800 quia
1213 1723 1415 1784 determinatio

206 1815 340 1864 accurata
354 1806 490 1882 temporis
504 1814 599 1882 potest
618 1805 745 1882 ignorari
758 1807 820 1864 sine
833 1802 985 1880 dispendio
1003 1802 1141 1876 veritatis,
1158 1803 1273 1879 quando
1282 1803 1414 1879 quaestio,

208 1885 258 1942 An
272 1886 318 1959 sit,
334 1895 378 1944 est
399 1885 429 1942 in
450 1886 581 1944 confesso
602 1885 680 1962 apud
699 1905 807 1958 omnes,
829 1893 862 1942 ut
882 1884 929 1942 hle
950 1903 980 1942 se
995 1902 1042 1941 res
1061 1882 1168 1956 habet,
1183 1883 1251 1940 lieet
1264 1883 1340 1940 enim
1354 1882 1415 1942 dis·

208 1983 309 2024 sensus
324 1965 361 2023 sit
378 1965 453 2024 iuter
474 1966 615 2024 Doctores
640 1965 675 2022 de
700 1965 836 2040 temporIs
860 1963 1014 2036 notatione,
1040 1962 1166 2020 fatentur
1186 1971 1283 2021 tarnen
1304 1981 1415 2038 omncs,

208 2053 238 2103 et
261 2044 317 2122 ipsi
331 2044 417 2103 etiam
438 2044 545 2120 Judaei,
562 2045 707 2102 Christum
729 2052 828 2101 natum
843 2052 921 2101 certo
935 2051 1071 2120 tempore.
1116 2041 1251 2100 Sufficere
1274 2061 1343 2118 ergo
1365 2042 1416 2102 hic

207 2131 303 2200 potest
317 2123 478 2200 designatio
500 2124 642 2199 generalis
656 2123 763 2181 faetaa
779 2123 933 2198 Scriptura,
949 2141 1002 2179 nee
1027 2121 1062 2180 16
1076 2121 1205 2180 ulteriori
1229 2120 1350 2179 multum
1371 2121 1415 2180 la·

207 2202 376 2260 horandum.
420 2203 542 2261 Praestat
569 2203 617 2261 hic
638 2202 729 2277 ἰπέχιιν
749 2211 778 2261 et
799 2202 894 2260 sobrie
915 2201 1003 2278 loquI,
1025 2221 1111 2278 quam
1132 2209 1238 2260 temere
1259 2201 1416 2277 quicquam

208 2281 357 2461 affirssarj
368 2422 393 2461 M
512 2361 602 2418 VIII.
619 2361 721 2420 Altera
736 2361 863 2435 Quaestio
873 2361 990 2438 respicit
1001 2363 1125 2419 Matrem
1137 2367 1166 2419 et
1179 2360 1263 2419 Diem
1277 2360 1415 2438 natalem,

208 2417 318 2522 9253ss
333 2433 450 2520 §„„}¹,¹,⁶⁰
471 2441 547 2498 eirea
561 2460 647 2516 quarn
661 2451 720 2498 tres
735 2449 801 2499 sunt
814 2441 965 2517 precipuae
980 2441 1137 2499 sententiae.
1181 2439 1277 2497 Prima
1290 2459 1355 2518 quae
1369 2460 1416 2500 re-

466 2521 532 2597 jicit
546 2521 576 2577 in
590 2523 628 2578 25
645 2520 791 2594 Decemb.,
806 2539 872 2596 quae
893 2521 1053 2578 communis
1072 2529 1117 2580 est
1137 2519 1361 2594 Pontificiorvrm,
1385 2529 1418 2580 et

207 2609 324 2678 recepta
346 2609 390 2660 est
412 2601 499 2660 etlam
524 2599 601 2677 apud
626 2600 755 2674 Nostros,
779 2619 865 2675 quam
891 2609 1050 2676 sequuntur
1072 2600 1212 2657 Ecclesia
1233 2599 1415 2658 Christianae.

208 2682 312 2740 Altera
325 2681 419 2759 rejicit
433 2680 462 2738 in
477 2679 563 2738 finem
580 2679 765 2756 Septembris,
776 2698 840 2755 quae
855 2687 899 2737 est
915 2679 1063 2755 Scaligeri,
1080 2679 1207 2752 Calvisii,
1224 2678 1368 2751 Beroaldi,
1384 2687 1418 2738 et

207 2763 338 2820 aliorum.
371 2761 429 2819 Sed
453 2761 583 2818 neutrius
607 2759 733 2818 rationes
757 2767 825 2818 sunt
844 2759 1020 2836 apodictica,
1040 2759 1091 2818 sed
1112 2758 1276 2836 probabiles
1289 2767 1415 2834 mutum,

207 2861 272 2919 quae
287 2861 392 2919 magna
406 2861 443 2900 ex
457 2849 537 2918 parte
552 2839 725 2916 conjecturis
739 2838 878 2896 nituntur.

207 2945 291 2992 Prima
315 2946 442 2992 Sententia
511 2919 570 2978 IX.
583 2919 815 2978 Fundamentum
826 2918 924 2995 prima
936 2919 1084 2977 sententia
1093 2917 1276 2996 precipuum,
1288 2925 1333 2976 est
1343 2916 1417 2994 peti·

237 3021 289 3059 qus
298 3006 376 3062 rejicit
387 2980 450 3048 insi
471 3009 532 3060 tum
554 3021 591 3057 ex
606 2999 813 3075 Chrysostomo
827 2999 857 3056 in
872 2997 942 3056 Luc.
958 2998 986 3069 i.,
1001 2997 1080 3074 quod
1093 2999 1242 3073 utriusque
1264 2997 1416 3074 conceptio

238 3063 350 3110 Decemb.
469 3090 499 3139 et
512 3080 656 3139 Johannis
681 3087 710 3137 et
734 3078 842 3138 Christi
863 3078 1016 3153 contigerit
1040 3077 1070 3134 in
1091 3077 1205 3136 duobus
1226 3077 1415 3152 aequinoctiis

208 3162 345 3221 nativitas
373 3181 442 3220 vero
470 3161 499 3217 in
528 3160 641 3218 duobus
669 3159 807 3217 solstitiis.
857 3156 1046 3234 AEquinoctio
1066 3157 1224 3215 autumnali
1245 3165 1416 3232 conceptum

208 3242 381 3315 Johanucnr,
398 3251 426 3298 et
441 3251 540 3297 natum
559 3238 682 3298 solstitio
707 3238 816 3312 aestivo,
842 3246 912 3314 puta
935 3257 1032 3295 mense
1053 3236 1153 3311 Junio,
1177 3236 1322 3294 Christum
1345 3255 1416 3294 rero

208 3329 274 3395 post
289 3341 341 3378 sex
355 3338 468 3378 menses
482 3327 652 3393 conceptum
666 3317 856 3392 AEquinoctio
870 3337 968 3389 verno,
984 3325 1013 3374 et
1027 3325 1126 3374 natum
1141 3316 1263 3374 solstitio
1284 3316 1417 3392 hyberno

210 3398 289 3475 quod
303 3397 428 3456 incidere
449 3404 597 3473 putaretur
611 3417 648 3454 ex
663 3395 744 3454 fastis
760 3395 876 3453 Eudoxi
897 3405 926 3454 et
948 3396 1074 3454 Metonis
1089 3396 1118 3452 ln
1133 3399 1171 3452 25
1187 3395 1324 3453 Decemb.
1360 3395 1415 3453 Jo-

209 3478 335 3534 hannem
349 3485 445 3534 antem
460 3495 528 3533 vere
542 3483 713 3550 conceptum
726 3493 824 3532 mense
838 3475 998 3551 Septembri
1013 3475 1184 3552 aequinoctio
1198 3474 1366 3548 autumnali,
1378 3495 1417 3532 ex

210 3575 244 3614 eo
265 3556 385 3630 colligit,
408 3555 486 3631 quod
500 3554 634 3629 Angelus
659 3554 777 3612 Gabriel
798 3554 935 3630 praedieat
957 3554 1102 3612 Zachariae
1124 3555 1340 3630 conceptionem
1361 3553 1416 3613 Jo-

210 3634 315 3692 hannis
336 3635 382 3692 dic
397 3635 508 3692 decimo
529 3634 636 3691 mensis
652 3633 773 3709 Septimi
797 3633 874 3691 Tisri
898 3635 976 3708 dicti,
1000 3635 1051 3711 qui
1074 3633 1228 3710 respondet
1253 3633 1416 3710 Septembri

210 3723 316 3786 nostro,
332 3713 381 3788 qui
406 3713 460 3771 fuit
482 3713 543 3770 dies
564 3713 769 3789 expiationum,
784 3733 842 3790 quo
857 3713 1018 3788 Zacharias,
1034 3714 1083 3790 qui
1098 3714 1267 3790 supponitur
1280 3713 1369 3771 fuisse
1386 3711 1416 3772 S.

211 3793 354 3866 Pontifex,
370 3794 516 3868 ingressus
531 3794 569 3850 sit
580 3814 616 3850 cx
633 3793 710 3868 Lego
727 3795 864 3852 Sanctum
880 3795 1058 3866 Sanctorum,
1074 3803 1103 3852 et
1117 3793 1243 3852 suffitum
1257 3792 1418 3852 adoleverit

210 3893 306 3932 eoram
328 3873 414 3948 Arca,
439 3873 508 3931 Luc.
534 3873 552 3930 i.
579 3875 606 3945 9,
628 3892 686 3948 quo
710 3893 791 3932 sacro
815 3884 930 3950 peraeto
954 3873 1107 3932 Zacharias
1132 3873 1248 3931 domum
1270 3873 1364 3948 iverit,
1388 3881 1419 3930 st

211 3953 382 4012 Elisabetha
396 3953 557 4029 conceperit
571 3953 688 4011 ineunte
703 3952 829 4011 Octobri.
855 3953 929 4010 Tum
943 3973 1012 4010 vero
1026 3961 1092 4029 post
1106 3973 1157 4010 sex
1172 3972 1285 4010 menses
1299 3951 1418 4012 ineunte

211 4033 315 4110 Aprili,
332 4034 402 4091 Luc.
417 4033 436 4092 i.
452 4035 499 4108 26,
515 4041 670 4110 conceptus
685 4032 722 4092 sit
733 4033 872 4106 Christus,
883 4041 912 4089 et
922 4051 998 4089 nono
1012 4051 1109 4090 meuse
1124 4033 1178 4091 sub
1192 4032 1277 4090 finem
1294 4031 1416 4090 Decem-

209 4113 270 4170 bris
283 4123 377 4171 natus.

251 4192 294 4250 X.
318 4192 376 4251 Sed
389 4209 490 4268 parum
513 4190 627 4248 firmum
648 4210 710 4248 esse
731 4192 786 4250 hoe
800 4190 1016 4249 fundamentum
1031 4209 1089 4248 non
1103 4190 1218 4249 difficile
1239 4198 1284 4249 est
1298 4189 1417 4250 demon·

210 4279 309 4330 strare.
352 4271 426 4345 Quia
445 4271 547 4328 nititur
567 4271 639 4328 falsa
659 4271 821 4346 hypothesi
842 4269 920 4346 quod
941 4271 1095 4328 Zacharias
1116 4270 1201 4330 fuerit
1224 4271 1254 4330 S.
1270 4269 1416 4346 Pontifex,

192 4381 193 4386 κ
209 4351 260 4427 qni
274 4350 320 4409 die
335 4349 532 4426 expiationum
546 4349 671 4408 suffitum
686 4349 800 4408 adolere
814 4349 953 4425 debuerit,
969 4349 1047 4426 quod
1061 4369 1098 4406 ex
1112 4349 1175 4426 ipso
1189 4357 1272 4408 textu
1286 4369 1345 4407 non
1358 4368 1418 4407 una

210 4431 320 4488 ratione
334 4429 481 4488 refellitur.
525 4429 599 4486 Nam
621 4430 646 4486 si
670 4429 824 4488 Zacharias
844 4429 899 4488 fuit
921 4431 951 4488 S.
978 4429 1121 4504 Pontifex,
1145 4429 1203 4487 Cur
1220 4429 1315 4487 Lucas
1329 4429 1365 4486 16
1380 4447 1416 4487 66

209 4509 282 4566 nihil
296 4509 374 4584 dicit,
389 4527 448 4566 non
460 4509 576 4588 ἀςχιιςξα
586 4508 725 4579 vocando,
739 4508 790 4567 sed
800 4518 911 4569 tantm
925 4508 988 4588 tas·
1001 4511 1055 4567 rard
1069 4511 1208 4584 quendum
1223 4510 1415 4584 Sacerdotem,

208 4587 343 4646 nimirum
365 4587 499 4663 explebe
516 4587 731 4647 Sacerdotunr?
771 4587 921 4662 Quomodo
935 4589 1040 4647 dieinrr
1062 4589 1228 4648 Sacerdotio
1249 4588 1364 4646 functus
1384 4588 1416 4646 in

207 4665 306 4724 ordine
328 4685 387 4724 suae
406 4668 541 4746 1666616,
558 4665 635 4742 quod
652 4667 854 4724 Sacerdotibus
869 4667 1020 4725 ordinariis
1044 4669 1232 4744 competebat,
1258 4668 1309 4744 qui
1325 4668 1416 4744 juxta
