3146 5210
264 303 323 362 416
669 317 761 357 cocus
777 315 907 356 oucruus
922 313 1069 364 Quassus.
1276 297 1406 378 [osmer.
1421 323 1475 362 arr.

265 461 350 520 surde
365 461 439 519 illud
453 467 549 538 potest
562 458 620 518 dici
634 459 705 535 dari,
722 458 799 536 quod
813 458 984 535 impetratur
997 463 1119 531 tantum,
1135 455 1184 514 rel
1199 455 1328 534 offertur,
1347 461 1400 520 sed
1424 483 1475 522 non

264 543 418 600 confertur.
462 541 528 598 lloc
543 560 629 598 sensu
645 540 777 598 Christus
792 537 897 597 dicitur
911 537 1009 612 Agnos
1024 537 1083 595 Dei
1096 539 1192 594 tollens
1202 548 1353 612 peccatam
1369 543 1474 609 Mundi,

264 623 334 682 Joh.
350 623 368 680 i.
385 625 432 695 211,
449 641 513 679 cunr
529 621 605 678 enim
620 619 740 678 verbum
754 617 827 699 digus
840 638 900 692 non
915 616 1076 694 simplicem
1089 617 1236 691 lationem,
1254 618 1307 676 sed
1328 620 1418 679 etiam
1432 625 1475 681 ab·

264 703 402 760 lationem
417 703 525 776 innuat,
542 721 595 758 nec
606 700 760 758 abstulisse
775 701 870 776 possit
885 697 943 755 dici
956 707 1076 774 peecata
1090 699 1286 774 reproborum,
1303 719 1373 775 quae
1387 703 1475 762 adhue

264 802 352 858 super
365 783 444 858 ipsos
458 789 575 839 manent
590 803 597 855 ;
620 800 677 836 non
692 779 766 837 alius
781 779 910 837 Mundus
925 775 1049 853 intelligi
1070 785 1174 855 potest,
1199 798 1286 854 quam
1314 781 1474 840 Electorum

264 861 513 920 indiscriminatim
528 868 636 917 tamex
650 860 772 934 Judaeis,
788 878 874 935 quarn
889 878 927 916 cx
952 858 1105 931 Gentibus,
1129 877 1252 934 quorum
1274 869 1398 936 peccata
1420 883 1474 920 snr-

265 961 329 1000 sum
344 942 444 1000 tulisse
459 941 565 998 dicitnr
577 940 608 996 in
624 939 748 1016 Corpore
764 960 815 997 suo
829 939 860 996 in
874 938 963 1014 ligno,
976 946 1008 996 ut
1019 937 1125 996 mortni
1139 937 1266 1014 peccatis
1279 938 1386 1000 vivant
1395 944 1475 1019 justi·

267 1023 324 1098 tiae,
344 1026 357 1079 l
383 1023 446 1081 Pet.
461 1021 491 1078 ii.
504 1024 551 1094 ⁶24,
565 1020 614 1095 qui
629 1019 694 1077 ideo
710 1019 787 1077 beati
802 1018 1002 1095 praedicantur,
1019 1019 1088 1096 quia
1102 1018 1199 1076 ablata
1213 1026 1258 1076 est
1271 1038 1374 1078 eorum
1389 1031 1473 1082 trans·

266 1103 389 1178 gressi0,
408 1101 484 1158 Psal.
500 1100 595 1158 xxxii.
613 1103 639 1157 1.

307 1182 376 1238 XL.
400 1181 472 1239 Cum
483 1181 503 1239 J
506 1181 634 1238 ohannes
646 1179 724 1254 dicit,
742 1183 791 1237 la.
813 1199 876 1256 cap.
888 1179 918 1237 ii.
930 1183 959 1238 2.
972 1181 990 1212 “
1003 1179 1151 1238 Christum
1166 1197 1229 1236 esse
1243 1179 1473 1256 propitiationem

265 1261 459 1339 propeccatis
480 1261 596 1334 nostris,
621 1269 651 1319 et
674 1280 732 1318 non
747 1260 841 1318 solum
855 1259 970 1335 nostris,
997 1259 1049 1318 scd
1073 1267 1103 1317 ct
1127 1258 1217 1317 totius
1233 1259 1371 1336 llundi,¹'
1414 1263 1473 1319 h'on

264 1342 329 1400 vult
344 1343 398 1398 hoc
413 1341 451 1398 ad
463 1360 562 1398 omncs
573 1348 602 1398 et
617 1340 748 1416 singulos
763 1339 928 1406 extendere,
945 1337 996 1398 sed
1011 1339 1049 1397 ad
1063 1359 1113 1397 cos
1127 1347 1248 1412 tentum,
1264 1339 1316 1414 qni
1337 1359 1369 1398 sc
1390 1341 1472 1400 inter·

265 1422 395 1479 cessione
406 1421 521 1495 Christi,
537 1429 566 1478 ct
587 1420 755 1478 remissione
766 1439 817 1496 per
835 1419 929 1495 ipsum
950 1427 1033 1496 parta
1047 1418 1191 1477 consolari
1205 1429 1337 1495 possunt,
1354 1422 1404 1496 qui
1419 1442 1472 1480 non

266 1501 316 1558 alii
332 1511 408 1574 sunt,
424 1521 510 1576 qnam
528 1499 631 1558 Electi.
674 1499 783 1556 Eorum
798 1499 874 1556 enim
889 1507 1001 1557 tantum
1023 1506 1119 1576 potest
1143 1517 1206 1556 esse
1222 1497 1356 1558 Christus
1370 1501 1473 1576 ἱλιψὶς

264 1591 293 1640 et
308 1581 481 1658 propitiati0,
507 1599 629 1657 qnorum
657 1588 701 1636 est
724 1578 889 1660 πιςιίιιλιτος
905 1587 934 1637 ct
959 1577 1130 1637 Advocatus
1154 1577 1233 1654 apud
1262 1579 1388 1656 Patrem,
1414 1583 1472 1640 hac

263 1663 341 1719 enim
356 1662 570 1738 conjunguntur
592 1659 630 1716 ab
653 1659 805 1736 Apostolo,
832 1669 864 1718 nt
886 1658 1089 1735 inseparabilia
1113 1665 1142 1716 et
1156 1657 1316 1734 adaequata
1361 1661 1403 1718 At
1417 1682 1472 1719 non

264 1741 393 1800 omnium
407 1751 452 1800 cst
467 1741 646 1812 Advocatus,
669 1749 702 1797 ut
717 1739 781 1796 Viri
798 1739 883 1797 Docti
908 1737 1035 1798 fatentur
1055 1759 1092 1796 ex
1117 1738 1139 1796 J
1141 1737 1187 1796 olr.
1199 1738 1271 1799 xvii.
1287 1740 1315 1796 9.
1360 1740 1470 1800 Deinde

264 1821 331 1897 illis,
347 1841 470 1898 quornm
484 1819 717 1898 propitiationem
728 1819 796 1877 fecit
811 1819 950 1892 Christus,
967 1817 1053 1876 debet
1074 1827 1141 1876 actu
1155 1817 1304 1894 propitiari
1320 1827 1349 1876 et
1363 1821 1470 1896 placari

265 1901 354 1975 Deus,
371 1901 427 1958 nisi
439 1901 562 1958 velimus
574 1899 720 1958 Christum
742 1919 794 1956 suo
818 1899 875 1956 fine
898 1897 1051 1974 excidisse,
1067 1905 1096 1955 et
1121 1899 1291 1974 sanguinem
1315 1919 1401 1957 suum
1431 1903 1471 1958 in-

264 2001 378 2040 cassum
392 1981 563 2057 profudisse,
589 1987 689 2037 contra
711 1979 895 2054 Apostolum,
911 1978 960 2054 qui
975 1986 1063 2054 negat
1088 1977 1272 2036 condemnari
1295 1995 1381 2054 posse
1407 2001 1470 2040 eum

264 2081 315 2139 pro
331 2082 387 2137 quo
403 2072 533 2119 mortuus
548 2068 600 2132 est,
617 2060 702 2117 Rom.
718 2059 777 2116 viii.
794 2058 840 2134 34,
861 2057 940 2134 quod
954 2057 990 2120 de
1015 2057 1073 2114 illis
1088 2057 1145 2114 diei
1170 2059 1277 2133 nequit,
1294 2059 1344 2134 qui
1359 2063 1471 2120 exclusi

266 2149 333 2200 sunt
348 2161 365 2198 a
380 2140 560 2212 Foederibus,
577 2150 606 2196 et
623 2159 708 2214 super
719 2159 791 2214 quos
806 2147 902 2196 nannet
913 2138 955 2195 ira
970 2138 1035 2196 Dei.
1065 2137 1197 2212 Denique
1209 2158 1313 2214 scopus
1326 2139 1471 2216 Apostoli,

262 2221 312 2296 qni
338 2227 382 2278 est
407 2220 494 2277 solari
511 2219 612 2276 fideles
629 2227 729 2276 eontra
750 2219 860 2295 peceati
878 2217 1014 2294 reliquias
1033 2217 1136 2294 probat
1149 2217 1203 2274 hoc
1229 2217 1265 2274 ad
1290 2239 1392 2278 omnes
1414 2243 1471 2278 non

261 2319 347 2376 posse
362 2299 489 2356 extendi.
533 2297 609 2371 Quid
623 2299 698 2354 enim
715 2299 811 2356 solatii
826 2316 926 2374 capere
940 2307 1037 2374 potest
1057 2298 1142 2354 homo
1158 2316 1194 2354 ex
1216 2298 1309 2374 gratia
1324 2303 1471 2360 communi

262 2386 322 2436 tam
333 2378 433 2434 electis
448 2397 533 2452 quam
550 2377 687 2452 reprobis,
704 2377 729 2434 si
743 2378 815 2435 sciat
830 2378 976 2436 Christum
997 2376 1147 2434 moriendo
1157 2376 1231 2433 nihil
1255 2377 1382 2454 amplius
1398 2401 1471 2458 pra-

263 2456 370 2514 stitissc
385 2475 436 2530 pro
452 2476 491 2528 sc,
507 2475 594 2530 quam
615 2475 667 2530 pro
682 2455 847 2513 infidelibus
862 2466 891 2514 ct
915 2457 1067 2534 reprobis?
1110 2455 1226 2514 Phrasis
1237 2477 1306 2533 crgo
1322 2457 1470 2518 1Iohannis

261 2555 319 2592 non
341 2535 398 2592 alio
419 2535 544 2608 respicit,
567 2555 652 2610 quam
674 2535 712 2592 ad
726 2535 826 2594 fideles
847 2536 936 2596 totius
959 2536 1059 2594 mnndi
1079 2536 1198 2610 incolas,
1215 2556 1265 2595 scu
1287 2546 1319 2596 ut
1340 2537 1472 2616 loquitur

164 2651 172 2664 ι
262 2615 409 2689 Calvinus,
422 2615 510 2672 Filios
522 2616 580 2673 Dcz'
589 2615 728 2690 dispersos
734 2636 790 2691 per
802 2626 887 2674 totum
898 2619 1030 2674 mundum
1037 2641 1048 2688 ;
1069 2637 1105 2674 nc
1117 2615 1181 2692 quis
1191 2625 1306 2692 putaret
1317 2619 1373 2677 hoc
1384 2621 1471 2680 bene·

260 2696 425 2772 ficium,ch
441 2695 477 2754 ad
492 2696 569 2754 solos
585 2695 751 2772 Apostolos,
769 2697 816 2754 vel
831 2696 869 2754 ad
883 2697 960 2754 soles
975 2697 995 2755 J
999 2697 1106 2769 udaeos,
1119 2697 1166 2752 vel
1178 2695 1215 2752 ad
1230 2697 1307 2754 solos
1322 2699 1390 2758 illos
1403 2701 1471 2760 Cre·

260 2775 482 2852 dentes,quibus
494 2797 575 2834 suam
588 2775 747 2852 Epistolam
762 2777 909 2853 inscripsit
920 2777 941 2834 J
943 2777 1079 2849 ohannes,
1096 2795 1158 2834 csse
1169 2777 1411 2852 restringendum,
1419 2782 1472 2840 scil

259 2857 351 2915 multo
366 2857 453 2915 latius
477 2867 591 2934 patere;
624 2875 681 2932 qua
691 2856 747 2914 late
762 2865 841 2933 patet
852 2857 939 2930 orbis,
955 2855 992 2913 ad
1003 2855 1103 2914 fideles
1118 2856 1244 2913 exomni
1259 2857 1344 2931 tribu,
1356 2859 1470 2937 lingua,

259 2937 375 3014 populo,
388 2937 537 2996 etnatione
549 2935 721 3012 redemptos,
733 2937 771 2993 id.
787 2957 824 2994 ex
836 2945 896 2994 toto
908 2935 1024 2994 mundo.
1068 2935 1175 2993 Parum
1188 2945 1283 2994 autom
1295 2939 1391 3014 refert,
1405 2941 1470 2999 sive

259 3027 435 3094 perpeccota
446 3027 543 3074 nostra
555 3015 754 3092 intelligantur
774 3025 892 3093 peccata
914 3015 1124 3092 Apostolorum
1135 3037 1142 3091 3
1166 3015 1214 3072 vol
1223 3015 1354 3074 fidolium
1364 3039 1402 3076 cx
1413 3021 1434 3079 J
1438 3042 1470 3078 u-

260 3097 331 3154 dacis
356 3097 543 3172 dispersionis
567 3097 728 3154 viventium
753 3106 831 3170 tunc,
855 3094 906 3174 (ad
930 3115 1003 3172 qnos
1028 3093 1162 3172 dirigitur
1187 3096 1377 3170 proculdubio
1407 3100 1470 3158 hace

260 3177 393 3252 Epistola
406 3195 472 3234 cum
488 3176 626 3252 Epistolis
650 3176 728 3234 Petri
743 3185 771 3234 et
795 3175 910 3248 Jacobi,
926 3195 1047 3251 quaque
1072 3175 1137 3232 ideo
1153 3175 1308 3234 Catholicae
1323 3176 1468 3254 dicuntur,

260 3257 401 3333 quianon
423 3256 627 3327 inscribuntur,
650 3256 697 3312 vel
719 3257 838 3328 civitati,
862 3254 910 3312 vel
930 3275 1061 3331 personae
1084 3253 1198 3312 cuidam
1231 3255 1385 3336 singulari)
1409 3259 1470 3317 dis-

260 3335 349 3392 tincta
372 3335 408 3390 ab
433 3335 468 3391 iis
484 3334 533 3408 qui
550 3335 671 3409 valjam
696 3335 878 3394 crediderant
900 3345 966 3393 ante
992 3333 1146 3410 Christum,
1164 3335 1210 3392 vel
1225 3335 1363 3394 credituri
1385 3350 1469 3398 erant

260 3433 351 3488 usque
366 3413 497 3470 adfinem
513 3413 619 3488 mundi,
627 3415 695 3491 quia
702 3435 748 3472 res
759 3414 860 3472 eodem
875 3413 963 3473 redit:
986 3413 1263 3491 sufficitquodtotus
1274 3416 1399 3478 mundus
1410 3439 1468 3476 non

258 3501 354 3570 potest
381 3491 598 3551 universitatem
621 3494 748 3552 omnium
775 3494 923 3552 hominum
949 3493 1109 3571 designare,
1126 3514 1191 3552 cum
1205 3494 1365 3572 Johannes,
1381 3506 1411 3554 ct
1424 3499 1469 3556 illi

259 3571 297 3630 ad
311 3591 383 3647 quos
399 3573 498 3631 scribit
512 3573 547 3631 ab
560 3594 593 3631 eo
607 3573 830 3649 distinguantur,
856 3573 907 3649 qui
929 3583 1026 3632 tamen
1050 3575 1080 3631 in
1105 3575 1254 3632 homimun
1277 3577 1466 3636 universitate

260 3651 454 3710 includuntur.
509 3653 581 3711 llaec
609 3653 663 3711 fuit
691 3653 961 3712 sentcntlaCalvinl
989 3653 1019 3711 in
1047 3653 1075 3711 h.
1103 3657 1139 3728 l.,
1184 3655 1465 3730 “Noaproaostris

260 3735 357 3806 saturn,
376 3732 646 3810 amplificationis,''
662 3731 764 3808 inquit,
782 3735 896 3807 “causa,
912 3733 967 3791 hoc
982 3733 1102 3807 addidit,
1118 3741 1151 3791 nt
1160 3743 1237 3792 certo
1253 3737 1382 3810 persuasi
1407 3738 1467 3796 sint

260 3811 361 3870 fideles
382 3813 575 3890 expiationem
595 3811 740 3869 aChm'sto
754 3819 865 3889 partam
884 3813 921 3870 ad
943 3832 1042 3871 omnes
1064 3813 1190 3886 extendi,
1207 3813 1257 3890 qui
1272 3815 1465 3892 Evangelium

260 3892 317 3950 fido
332 3894 459 3969 amplexi
483 3891 617 3949 11111111.Η
661 3891 700 3950 Et
714 3901 822 3967 postca,
847 3894 864 3924 “
877 3893 942 3950 Non
966 3892 1044 3950 aliud
1066 3891 1120 3952 fuit
1134 3893 1286 3950 consilium
1310 3895 1464 3969 Johannis,

260 3992 346 4049 quarn
369 3974 421 4031 toti
447 3972 585 4030 Ecclesia
608 3990 758 4030 commune
788 3971 880 4031 lacere
905 3973 960 4029 hoc
983 3971 1111 4030 bonnm:
1148 3973 1227 4048 Ergo
1256 3973 1309 4031 sub
1331 3975 1465 4034 omnibus

259 4053 397 4128 reprobos
411 4073 469 4110 non
484 4050 708 4127 comprehendit,
725 4052 776 4110 sed
790 4072 840 4112 eos
854 4051 995 4128 designat,
1012 4052 1061 4128 qui
1073 4050 1157 4109 simul
1173 4053 1309 4112 credituri
1330 4065 1419 4132 erant,
1435 4063 1465 4114 et

262 4133 312 4208 qui
327 4153 377 4209 por
392 4133 486 4190 varias
511 4131 612 4207 plagas
625 4131 726 4188 mnndi
748 4131 870 4208 dispersi
892 4139 980 4190 erant.
1023 4131 1105 4190 Tunc
1121 4132 1195 4190 enim
1212 4153 1287 4208 vere,
1304 4142 1397 4211 ntpar
1410 4144 1463 4208 cst,

262 4213 424 4270 illustratur
439 4211 546 4268 Christi
560 4211 661 4288 gratia,
678 4231 743 4269 cum
757 4211 842 4270 unica
856 4232 918 4270 esse
933 4209 1034 4269 mnndi
1048 4211 1126 4268 salus
1139 4211 1339 4288 preadicaturss'

301 4291 388 4350 XLI.
412 4291 494 4348 Licet
509 4291 639 4350 Christus
673 4291 784 4350 venerit
797 4290 835 4348 ad
849 4290 1021 4350 servandum
1042 4295 1070 4348 ri
1087 4295 1224 4355 ἇπολυλὸς
1238 4296 1316 4370 quod
1322 4295 1462 4370 perierat,

262 4372 368 4430 Matth.
384 4370 464 4428 xviii.
483 4373 528 4443 ll,
544 4380 573 4430 et
586 4391 645 4428 non
656 4371 728 4429 alios
743 4380 847 4445 servet,
859 4390 946 4446 quam
960 4369 1088 4446 perditos
1102 4381 1131 4429 et
1142 4372 1262 4432 miseros
1276 4383 1460 4449 peccatores;

260 4471 319 4512 non
343 4451 408 4509 irleo
440 4461 537 4508 tamen
571 4471 686 4510 servare
711 4450 812 4508 debuit
839 4458 980 4526 quotquot
1005 4459 1086 4508 crant
1106 4451 1210 4540 perditi
1235 4462 1460 4529 etpcccatores;

261 4531 325 4589 Imo
347 4531 451 4588 diserte
475 4540 596 4588 testatur
620 4551 650 4589 se
672 4551 730 4588 non
752 4529 866 4587 venisse
882 4539 1015 4587 vocatum
1031 4551 1080 4588 cos
1122 4552 1137 4590 c
1162 4533 1290 4608 perditis,
1319 4534 1371 4610 qui
1397 4555 1460 4610 pro·

261 4611 333 4685 pria
379 4609 547 4684 perditionis
589 4610 687 4680 nescii,
724 4618 841 4684 turgent
876 4627 934 4666 suae
975 4610 1097 4685 justitiae
1140 4609 1282 4688 opinione,
1319 4613 1370 4672 sed
1413 4633 1462 4672 eos
