3108 5198
698 369 984 410 percenseremus.
1260 345 1400 427 [cuesr.
1421 368 1473 408 vr.

706 589 901 665 QUAESTIO
921 589 978 649 V'l.

392 773 431 812 DE
446 771 572 812 REGULIS
587 767 812 810 unmcsrtouln
826 769 864 807 ET
878 766 1112 808 OBSERVATIONIS
1125 765 1287 807 DEGALOGI·

236 917 376 982 Quonam
389 915 507 990 Reputo
520 912 576 970 eint
588 912 714 970 tenende
727 911 756 967 in
777 909 963 985 explicatione
977 911 1188 985 Proeoeptorom
1202 905 1349 985 Decolopi,
1367 915 1402 965 et
1428 908 1464 965 in

676 1009 773 1048 corum
786 989 998 1048 obmanonet

234 1175 270 1225 R,
303 1179 329 1224 1,
345 1183 474 1236 primnex-
536 1151 561 1209 Ι.
592 1150 659 1208 Duo
683 1149 742 1208 iste
765 1149 929 1224 Quaestione
952 1155 1128 1226 quertmtur,
1145 1146 1244 1205 Primo
1269 1145 1306 1204 de
1324 1147 1462 1224 Regulos

262 1195 401 1308 pidationis
430 1230 689 1307 Ite-,explicationis
711 1229 860 1307 Dece-logi,
882 1237 916 1288 ut
939 1229 1083 1306 genuinus
1108 1234 1317 1306 preceptorum
1338 1245 1460 1285 sensus

263 1310 307 1355 ⁸¹⁸·
495 1317 628 1370 teneatur
641 1317 742 1368 eontra
755 1329 892 1387 perverse
905 1308 1055 1367 hominum
1066 1307 1186 1385 judicie,
1202 1306 1252 1382 qui
1266 1315 1458 1383 praepostere

233 1411 296 1450 eam
319 1391 559 1467 interpretentur3
584 1388 718 1448 Secundo
733 1388 769 1447 de
784 1387 899 1466 Repulit
914 1388 1082 1463 obedientie,
1097 1395 1130 1446 ut
1151 1386 1275 1445 sciemus
1289 1385 1412 1462 qualem
1436 1407 1458 1444 e

233 1470 318 1529 nobis
335 1471 398 1528 Lex
412 1470 521 1548 exiget.
564 1469 667 1544 Quoad
687 1469 820 1546 primum,
837 1469 959 1546 Regulae
979 1468 1044 1527 istae
1058 1467 1094 1525 ed
1115 1465 1338 1544 explicationem
1353 1465 1459 1543 Legis

237 1558 304 1610 sunt
318 1549 527 1608 observande:

278 1629 321 1688 II.
345 1629 451 1706 Prima,
473 1632 538 1688 Len
557 1628 713 1704 spirituth
734 1637 782 1702 est,
798 1647 861 1704 quoe
881 1647 937 1686 non
958 1637 1066 1686 tantm
1088 1635 1219 1686 externos
1242 1625 1370 1700 corporis
1397 1645 1455 1683 ac-

235 1719 288 1786 tes,
305 1713 356 1768 sed
368 1711 491 1768 intentos
505 1709 596 1768 animi
607 1717 696 1766 monn
716 1708 837 1783 respicit.
874 1708 968 1783 Petet,
983 1716 1045 1766 tum
1066 1726 1104 1765 ex
1120 1705 1220 1780 Paulo,
1236 1703 1295 1782 qui,
1317 1703 1453 1763 Romen.

232 1790 283 1849 vii.
301 1793 346 1865 14,
363 1791 467 1866 Lepem
479 1789 657 1866 spiritualem
671 1807 734 1846 esse
748 1795 954 1864 testebrr,t11m
968 1807 1006 1845 ex
1020 1795 1124 1845 netum
1137 1784 1228 1862 ipsius
1241 1783 1451 1860 Legislstcris,

232 1871 283 1947 qui
297 1879 414 1929 nonest
429 1870 594 1948 Legisletor
613 1870 758 1926 humanus
772 1875 802 1926 et
821 1875 960 1942 terrenus,
976 1867 1027 1944 qni
1048 1885 1113 1925 eum
1135 1865 1235 1924 oculos
1249 1882 1369 1922 carneos
1390 1865 1450 1922 hn-

232 1949 309 2025 beet,
325 1959 445 2008 externe
458 1957 572 2009 tentum
585 1948 662 2008 lecte
675 1967 740 2026 qun
764 1947 796 2004 in
810 1965 912 2006 seusus
933 1947 1083 2005 incurrunt
1097 1943 1229 2018 attendit,
1244 1963 1299 2002 nec
1319 1945 1452 2004 consilis.

233 2039 262 2088 et
275 2029 441 2088 voluntates
455 2036 575 2106 spectet,
589 2029 647 2086 nisi
660 2035 803 2104 quotenus
818 2035 901 2086 extre
914 2034 1111 2101 emerserunt3
1134 2023 1212 2084 unde
1224 2041 1284 2081 nen
1294 2023 1451 2082 violantur

234 2108 299 2184 ejus
313 2107 474 2182 interdico,
490 2109 547 2167 uisi
567 2107 688 2184 patratis
701 2106 839 2183 flagitiis3
864 2106 922 2166 Sed
936 2105 1053 2164 divinus
1074 2112 1103 2164 et
1122 2104 1256 2179 coeleetis,
1265 2103 1357 2180 cujus
1372 2114 1447 2162 ocu-

232 2187 293 2244 lum
308 2186 381 2242 nihil
394 2186 477 2263 fugit,
493 2195 523 2245 et
544 2187 595 2263 qui
609 2194 759 2245 externam
781 2185 907 2262 speciem
929 2205 988 2244 non
1009 2195 1069 2244 tem
1090 2193 1226 2259 moretur,
1241 2202 1328 2259 quem
1343 2183 1447 2243 cordis
1543 2193 1544 2200 ’

233 2264 407 2342 puritatem
441 2265 513 2324 Ideo
535 2266 638 2324 enimae
661 2284 720 2323 non
744 2265 840 2323 minus
863 2285 950 2343 quem
971 2265 1083 2342 corpori
1102 2264 1237 2340 loquitur,
1253 2270 1283 2321 et
1296 2263 1445 2322 internam
1543 2299 1544 2340 ι

235 2343 428 2403 obedientiam
451 2363 510 2402 non
532 2345 627 2404 minus
649 2365 683 2402 ec
705 2352 855 2403 externam
878 2345 1014 2422 postulet,
1030 2344 1109 2421 quod
1123 2343 1258 2402 Christus
1276 2342 1446 2402 luculenter
1543 2357 1544 2404 ι

233 2423 326 2498 docet,
340 2423 490 2500 Mettum,
498 2445 585 2502 quum
600 2423 787 2483 homicidium
799 2425 930 2484 extendit
944 2425 982 2482 ed
992 2424 1088 2484 iretris
1102 2423 1209 2498 odium,
1222 2429 1252 2482 et
1264 2422 1443 2482 adulterium
1543 2445 1544 2474 ι

233 2503 271 2562 ed
286 2503 547 2580 concupiscentiam
561 2513 591 2564 et
605 2513 754 2581 aspectum
767 2504 906 2563 mulieris.
938 2516 940 2522 ’

534 2584 595 2644 ΙΙΙ.
620 2583 761 2659 Secunde,
776 2586 814 2642 In
826 2585 980 2661 Praeceptis
1000 2584 1175 2658 qffimtatto'e
1194 2582 1333 2660 nepetino,
1356 2592 1383 2640 et
1403 2586 1445 2643 Ῑιι

292 2634 417 2694 Qum
494 2665 628 2741 hepatitis
649 2664 821 2737 qffirmotiua
844 2665 1027 2723 continentur.
1079 2664 1154 2739 Quia
1174 2671 1208 2722 ut
1234 2664 1265 2720 in
1289 2661 1444 2740 Scriptura

231 2745 329 2822 plures
344 2754 411 2804 sunt
424 2765 471 2804 res
486 2763 573 2821 quarn
586 2744 684 2818 verbe,
699 2743 741 2802 ite
754 2744 785 2801 in
798 2745 950 2821 praeceptis
964 2752 994 2803 et
1016 2743 1176 2802 interdictis
1195 2743 1261 2820 plns
1275 2742 1351 2801 inest
1365 2763 1442 2801 sem·

230 2844 284 2903 per
297 2843 383 2902 qnam
396 2825 495 2883 verbis
509 2824 698 2901 exprimitur;
721 2823 788 2882 Non
802 2822 880 2901 qnod
902 2823 1038 2882 habende
1056 2823 1095 2882 sit
1109 2823 1173 2881 Lex
1186 2841 1238 2900 pro
1253 2822 1355 2899 regule
1370 2821 1445 2882 Les·

230 2904 288 2982 bie,
304 2925 355 2982 per
369 2925 456 2982 quem
470 2905 621 2982 quodlibet
645 2924 683 2962 ex
707 2903 838 2981 quolibet
860 2903 1007 2978 faciemus,
1023 2903 1075 2962 sed
1095 2911 1129 2961 ut
1147 2902 1178 2959 in
1198 2921 1314 2960 sensum
1337 2901 1445 2980 Legis·

230 2984 331 3044 leteris
351 2986 477 3063 penitius
500 2985 687 3062 inquiramus,
711 2994 740 3044 et
760 3003 796 3042 ee
816 3003 881 3061 que
905 2985 980 3042 inter
1004 3003 1035 3042 se
1054 3001 1187 3041 connexe
1207 2990 1282 3056 sunt,
1304 2981 1391 3041 vele
1411 3003 1444 3042 se

229 3065 354 3125 invicem
368 3065 503 3143 pendent,
516 3066 747 3142 complectemur.
771 3063 858 3138 Hinc,
873 3062 943 3141 quie
956 3082 1015 3120 non
1027 3063 1239 3138 potesthonum
1249 3081 1266 3119 e
1277 3061 1357 3138 Lege
1366 3083 1443 3139 prae·

230 3146 368 3223 scriptum
383 3146 521 3222 prestari,
537 3145 607 3222 quin
621 3145 728 3203 malum
743 3143 907 3221 oppositum
921 3149 1076 3217 ceveetur3
1099 3141 1161 3200 Neo
1179 3141 1288 3200 melum
1310 3142 1441 3218 prohibi·

229 3233 292 3282 tum
306 3225 401 3298 vitari,
417 3225 474 3283 nisi
487 3224 595 3282 bonum
610 3224 773 3301 oppositum
787 3231 947 3299 prestetur,
962 3222 996 3281 fit
1009 3229 1042 3281 ut
1063 3221 1094 3279 in
1118 3220 1269 3298 praeceptis
1290 3221 1442 3284 affirmati-

229 3303 276 3362 vis
299 3303 444 3379 negative,
470 3311 500 3361 et
521 3303 552 3359 in
575 3302 720 3378 negativis
745 3301 916 3360 affirmative
937 3302 1145 3376 contineantur,
1168 3308 1202 3360 ut
1222 3321 1257 3359 ee
1277 3320 1343 3378 quae
1371 3312 1441 3366 sunt

230 3401 366 3458 expresse
380 3381 526 3457 negativa,
542 3381 600 3439 sint
613 3380 752 3457 implicite
766 3379 946 3456 affirmative,
962 3389 991 3439 et
1004 3381 1069 3440 vice
1082 3401 1185 3455 verse,
1208 3381 1308 3457 Atque
1322 3381 1365 3440 its
1378 3383 1439 3440 vir·

230 3470 307 3520 tutes
322 3458 567 3534 commendantur,
583 3459 653 3518 dum
666 3460 738 3518 ritis
752 3459 949 3537 prohibentur.
971 3459 1037 3519 Non
1052 3461 1131 3538 qnod
1145 3461 1238 3518 virtus
1251 3461 1282 3518 in
1296 3461 1360 3520 sole
1373 3462 1439 3522 vitii

229 3540 404 3599 abstinentie
414 3539 583 3598 collocende
597 3539 642 3614 sit,
654 3546 688 3598 ιιι
698 3539 788 3616 vulgo
802 3538 915 3615 dicitur,
926 3540 1047 3599 ulterius
1061 3540 1138 3598 enim
1150 3539 1367 3618 procedendum
1381 3551 1436 3618 est,

229 3619 267 3678 ed
281 3619 374 3678 officie
388 3619 498 3678 scilicet
511 3627 540 3678 et
553 3618 629 3678 fecte
643 3619 805 3678 contrarie:
828 3620 875 3678 Its
888 3620 918 3677 in
932 3620 987 3679 hoc
1001 3629 1153 3697 precepto,
1170 3621 1236 3678 Non
1250 3619 1375 3696 occides,
1391 3642 1437 3680 rs.

228 3700 269 3759 tio
284 3699 357 3756 nihil
371 3697 450 3757 eliud
464 3699 553 3773 videt,
569 3717 655 3775 quern
669 3699 706 3757 eb
720 3699 799 3758 omni
818 3699 960 3758 maleficio
980 3699 1185 3759 abstinendum
1205 3719 1278 3772 esse,
1301 3700 1354 3759 sed
1375 3721 1437 3761 cer·

229 3787 291 3839 tum
307 3787 350 3838 eet
364 3787 503 3856 preterea
517 3778 711 3837 commendari
725 3779 903 3854 charitatem,
918 3788 951 3838 ut
965 3779 1090 3856 proximi
1103 3779 1194 3838 vitem
1213 3779 1438 3858 quibuscunque

227 3878 381 3937 possumne
395 3857 490 3918 modis
503 3858 684 3936 adjuvemus,
701 3866 730 3917 et
743 3858 816 3917 retio
837 3859 893 3918 hoc
913 3859 1015 3936 exigit,
1037 3859 1107 3936 quie
1127 3859 1208 3918 Deus
1228 3867 1309 3919 vetet
1329 3860 1439 3938 injurie

228 3937 345 3998 hetrem
359 3939 426 3998 laedi
440 3948 491 3998 eut
504 3939 615 4014 violeri,
631 3937 700 4016 quie.
712 3937 803 3998 viteus
818 3939 881 4016 ejus
904 3939 989 3998 nobis
1003 3939 1068 3998 vult
1081 3959 1177 3998 ceram
1200 3959 1263 3998 esee
1277 3949 1307 3999 et
1327 3942 1436 4017 pretio·

229 4037 299 4092 scm,
315 4027 348 4077 ut
362 4038 540 4096 quecunque
555 4019 684 4078 conferre
697 4037 851 4096 possumus
865 4018 959 4077 officie
973 4017 1011 4077 sd
1024 4021 1089 4097 ejus
1103 4020 1353 4078 conservationem
1367 4041 1437 4080 oon·

227 4096 372 4172 feremus;
394 4099 435 4156 sic
456 4099 525 4158 dum
545 4099 653 4158 furtum
673 4098 849 4176 prohibetur,
871 4098 1061 4159 beneficentia
1082 4099 1256 4178 precipitur.
1300 4099 1332 4158 Si
1354 4101 1436 4161 Deus

224 4176 310 4254 jubet
322 4185 457 4253 petentes
477 4179 626 4254 honorare,
650 4186 680 4238 et
701 4179 850 4255 premium
874 4198 924 4237 eos
949 4179 1110 4239 colentibus
1134 4179 1284 4257 promittit,
1300 4189 1382 4240 vetet
1401 4201 1436 4240 eo

226 4257 290 4395 ipso
308 4256 425 4332 nequis
445 4257 476 4314 in
496 4275 546 4316 eos
567 4258 604 4317 sit
624 4258 756 4336 injurius,
779 4278 832 4318 neo
852 4258 970 4336 impune
990 4259 1116 4319 laturum
1137 4259 1240 4336 innuit,
1263 4259 1314 4336 qui
1334 4269 1436 4320 eontra

239 4333 351 4395 ecerit.'

529 4416 586 4480 IV.
607 4417 713 4494 Tertia,
735 4419 772 4477 ln
786 4419 911 4478 omanus
925 4419 1077 4496 preceptis
1089 4418 1265 4496 Spncrdocte
1278 4427 1320 4476 est
1331 4439 1435 4496 opnor-

284 4467 411 4527 ΗΘΜ
487 4499 596 4556 cende:
617 4517 675 4574 que
688 4498 784 4576 speeie
797 4519 856 4558 une
869 4499 1016 4576 preposite
1037 4498 1237 4576 intelligentur
1257 4517 1357 4557 omncs
1379 4499 1434 4558 sub

225 4578 326 4638 eodem
340 4597 455 4656 genere,
472 4586 501 4638 et
514 4596 573 4638 uno
586 4577 659 4638 vitio
679 4578 825 4655 prohibito
848 4586 952 4638 csetere
970 4578 1102 4656 ejusdem
1122 4579 1237 4656 generis
1258 4577 1343 4655 eique
1362 4599 1435 4638 ene·

223 4657 300 4735 loga,
316 4665 346 4718 et
359 4678 539 4737 quoscunque
552 4678 587 4720 eo
602 4666 733 4738 spectent
747 4659 796 4718 vel
809 4659 927 4736 ducunt,
943 4658 1149 4738 prohibentur:
1174 4657 1222 4718 Sic
1236 4665 1381 4738 precepto
1396 4659 1435 4720 de
