3186 5210
433 971 593 1049 LOCUS
634 966 874 1053 DECIMUS
914 977 1121 1055 SEXTUS.

383 1225 464 1314 ns
515 1179 1179 1325 susurrrclrious.

662 1501 865 1511 —-.-.-.-.

596 1681 790 1758 sumsero
812 1684 957 1744 rurus.

173 1845 221 1903 An
239 1845 358 1902 Verbum
369 1843 554 1921 Justificaudi
565 1843 616 1902 loc
630 1844 659 1901 in
667 1853 833 1919 arqumento
844 1853 973 1902 sumatur
986 1865 1095 1921 semper
1103 1865 1183 1904 sensu
1189 1848 1304 1920 sorensi
1311 1872 1323 1921 ;
1334 1849 1381 1908 An

214 1923 297 1982 ctiam
316 1925 420 1982 morali
437 1933 464 1981 et
482 1923 622 2000 physico!
645 1923 729 1982 Prius
744 1923 876 2002 Affirm.;
901 1925 1010 1985 Poster.
1028 1925 1121 2003 Neg.;
1144 1935 1245 1985 contra
1260 1927 1379 1986 Pontifi-

214 2003 282 2062 cios.

214 2162 238 2222 Ι.
262 2163 303 2223 Ut
317 2162 347 2220 in
361 2169 462 2220 catena
484 2162 586 2220 salutis
599 2163 767 2242 Justz'ficatie
793 2163 922 2239 sequitur
936 2162 1135 2240 Vocetioncm,
1153 2165 1237 2225 Rom.
1252 2165 1313 2224 viii.
1329 2166 1377 2242 30,

171 2251 201 2302 et
223 2244 331 2320 passim
351 2241 521 2319 proponitur
542 2250 574 2300 ut
587 2242 740 2318 primarius
753 2241 822 2300 fidei
836 2241 963 2318 effectus,
981 2243 1090 2302 Locum
1113 2245 1324 2305 devocatione
1349 2255 1379 2306 et

172 2321 245 2380 Fido
255 2321 363 2398 excipit
371 2321 507 2380 Locusde
514 2321 736 2397 Justificatione,
744 2322 942 2400 quieomajori
949 2323 1044 2382 studio
1061 2332 1090 2382 et
1106 2326 1287 2384 accuratione
1303 2335 1377 2385 trac·

171 2402 286 2477 tandus,
294 2400 487 2477 quodoctrina
495 2401 557 2460 haec
569 2401 703 2460 salutaris
712 2401 829 2479 majoris
844 2410 888 2460 est
899 2405 1037 2462 momenti
1044 2403 1074 2460 in
1081 2404 1242 2482 Religione.
1251 2405 1378 2465 Luthero

170 2483 277 2541 dicitur
290 2481 433 2539 Arctatus
442 2482 548 2556 stantes,
564 2490 591 2538 et
600 2483 723 2540 cudentis
736 2481 892 2555 nemim
904 2483 969 2541 aliis
981 2481 1217 2561 Christianorum,
1233 2486 1377 2562 peculium

167 2571 197 2622 et
212 2560 423 2621 Christianismi
436 2560 515 2619 besis
528 2580 587 2618 non
601 2561 653 2619 abs
676 2581 707 2620 re
721 2569 850 2636 vocatur,
859 2562 1093 2640 praecipuumqne
1108 2563 1270 2640 Religionis
1280 2565 1377 2623 Chris·

168 2643 254 2702 tianse
268 2640 527 2720 propugnaculum,
543 2659 600 2717 quo
615 2640 775 2700 adulterato
790 2640 839 2698 vel
861 2642 1001 2700 subverso
1023 2641 1200 2718 impossibile
1211 2651 1255 2701 cst
1268 2644 1377 2719 purita-

167 2731 225 2782 tem
247 2723 385 2782 doctrines
408 2721 438 2778 in
463 2719 528 2778 aliis
551 2719 624 2778 locis
647 2721 778 2780 retinere.
822 2720 908 2779 Unde
921 2721 1010 2779 Setun
1025 2720 1158 2778 omnibus
1181 2721 1275 2780 modis
1299 2723 1376 2782 hune

167 2803 320 2861 articulum
335 2820 517 2876 corrumpere
531 2799 568 2857 ab
582 2799 661 2857 omni
675 2799 738 2858 sevo
753 2807 797 2858 cst
816 2808 936 2859 conatus
952 2823 959 2859 ι
982 2801 1025 2858 Ut
1045 2801 1187 2877 praecipue
1209 2799 1315 2864 fectum
1330 2810 1375 2861 est

167 2881 198 2939 in
210 2883 341 2958 Papstu3
364 2881 456 2955 Quam
471 2879 584 2938 obrem
607 2879 683 2938 inter
706 2879 857 2956 primarias
874 2879 1052 2938 Secessionis
1069 2886 1175 2937 nostrae
1190 2880 1226 2937 ab
1242 2879 1374 2940 Ecclesia

168 2961 308 3036 Romana,
325 2969 354 3020 ct
368 2959 592 3018 Reformationis
606 2977 708 3017 causas
721 2959 824 3017 merito
838 2959 994 3036 reponitur.

209 3039 251 3098 11.
274 3040 356 3098 Licet
369 3058 439 3098 vero
453 3039 586 3098 nonnulli
600 3058 638 3096 cx
661 3039 823 3097 Pontificiis
852 3038 1062 3097 cordatioribus
1085 3037 1116 3095 vi
1143 3037 1274 3097 veritatis
1301 3040 1372 3099 vieti

167 3119 266 3178 sanius
281 3118 392 3178 caeteris
416 3118 452 3176 de
466 3120 521 3177 hoc
542 3118 664 3177 articulo
689 3119 832 3178 senserint
846 3126 876 3177 et
890 3119 981 3176 locuti
994 3117 1070 3192 sint;
1093 3117 1121 3174 N
1122 3136 1154 3174 cc
1169 3117 1264 3176 desint
1285 3120 1372 3178 ctiam

166 3220 204 3258 ex
219 3199 341 3273 Nostris,
357 3197 407 3275 qui
427 3197 523 3257 studio
537 3198 756 3257 minuendarum
772 3199 1038 3257 Controuersiarum
1057 3196 1144 3272 ducti,
1156 3199 1372 3258 censeantcirca

163 3279 248 3337 illum
257 3299 315 3338 non
326 3287 436 3336 tantam
445 3298 507 3337 csse
519 3277 632 3336 dissidii
641 3278 798 3353 materiam,
812 3287 841 3336 et
850 3297 908 3336 non
915 3297 1022 3354 paucas
1030 3275 1078 3334 bic
1087 3295 1149 3334 esse
1158 3276 1370 3352 logomeehias:

165 3361 280 3419 Certum
291 3367 389 3418 tamen
402 3367 446 3416 est
459 3377 518 3415 non
528 3357 669 3432 verbales,
686 3357 737 3416 sed
751 3357 843 3415 resles
856 3357 972 3432 multas,
988 3365 1017 3416 et
1030 3356 1129 3432 magni
1149 3357 1287 3416 momenti
1301 3377 1368 3416 con-

162 3438 318 3498 troversias
341 3438 426 3495 nobis
447 3457 511 3497 curn
534 3436 694 3495 Pontifieiis
715 3437 812 3495 adhuc
834 3437 1011 3496 intercedere
1026 3437 1056 3494 in
1070 3437 1125 3495 hoc
1136 3445 1315 3514 argumente,
1337 3447 1370 3498 ut

161 3539 198 3579 ex
214 3517 401 3596 sequentibus
414 3517 465 3576 fiet
474 3516 667 3576 manifestum.
1341 3515 1348 3542 '

202 3600 263 3658 III.
286 3599 361 3674 Quia
377 3617 447 3656 vcro
471 3617 509 3656 ex
537 3596 610 3654 falsa
632 3606 661 3655 et
682 3603 858 3674 praepostera
871 3595 964 3656 Verbi
986 3595 1188 3674 explicatione,
1207 3596 1263 3656 Rei
1277 3597 1368 3675 ipsius

160 3680 268 3737 veritas
281 3680 386 3738 mirum
400 3685 540 3754 quantum
554 3684 598 3735 est
620 3677 790 3752 obscurata,
813 3677 906 3754 primo
920 3677 1065 3754 genuinus
1079 3678 1142 3754 ejus
1157 3697 1267 3753 sensns,
1283 3686 1313 3736 et
1336 3677 1367 3736 in

160 3757 216 3815 boc
239 3759 420 3834 potissimum
445 3765 625 3832 argumento,
641 3755 814 3834 aperiendus
825 3765 877 3834 est,
893 3777 951 3834 quo
974 3757 1070 3833 posito
1092 3756 1206 3814 facilius
1219 3757 1262 3813 rei
1275 3755 1367 3832 ipsius

160 3843 292 3894 naturam
306 3835 421 3912 assequi
434 3837 600 3912 poterimus.
942 3881 953 3888 -

301 3962 306 3974 ,
452 3914 507 3972 IV.
528 3915 659 3975 Verbum
673 3932 761 3991 prusti,
777 3915 824 3974 eui
835 3913 990 3991 respondet
1005 3919 1054 3967 etl
1054 3939 1111 3967 aaaaa
1113 3921 1136 3965 ῦι
1149 3911 1226 3988 apud
1238 3912 1365 3989 Graecos,

160 3960 401 4064 quppptrpppuqer·
421 4001 450 4050 et
463 3994 625 4072 Justrficarc
646 3995 723 4072 apud
738 3996 867 4068 Latinos,
881 3992 1013 4052 bifarium
1028 3991 1151 4048 sumitur
1161 3991 1191 4047 in
1208 3991 1363 4068 Scriptura,

403 4071 521 4148 Proprie
536 4082 565 4131 et
592 4074 762 4152 Improprie.
803 4073 927 4148 Proprie
948 4070 1068 4128 verbum
1091 4078 1135 4127 est
1149 4069 1270 4144 forense,
1286 4071 1364 4147 quod

158 4149 276 4228 ponitur
294 4169 347 4228 pro
371 4153 513 4211 abeodem
526 4153 651 4230 aliquem
673 4152 834 4231 injudicio,
850 4151 898 4210 vel
914 4153 1024 4225 justum
1038 4149 1148 4224 labere,
1164 4157 1193 4208 et
1207 4149 1362 4227 declarare,

158 4230 322 4308 oppositum
337 4232 427 4291 verbo
438 4235 625 4293 condemnare
639 4243 668 4294 et
682 4252 824 4306 acuuarc,
840 4239 873 4290 ut
888 4229 983 4288 Exod.
999 4227 1082 4286 xxiii.
1099 4232 1126 4304 7,
1143 4229 1229 4288 Dent.
1245 4250 1317 4287 xxv.
1335 4235 1360 4306 l,

157 4310 243 4369 Prov.
265 4311 337 4371 xvii.
365 4315 410 4387 15,
442 4313 512 4374 Luc.
536 4315 618 4372 xviii.
650 4317 696 4389 14,
727 4313 812 4372 Rom.
834 4311 874 4369 iii.
889 4309 929 4368 iv.
944 4329 972 4367 v.
1016 4307 1089 4367 Inde
1117 4318 1200 4369 extra
1220 4308 1362 4386 judicium

155 4391 277 4450 sumitur
290 4411 342 4468 pro
360 4393 473 4470 justum
488 4395 614 4472 aliquem
636 4413 793 4470 agnoscere
807 4399 836 4451 et
850 4391 1003 4464 celebrere,
1019 4389 1115 4466 idque,
1131 4389 1188 4448 Vel
1203 4390 1312 4462 meritc,
1327 4399 1360 4449 ut

154 4489 242 4546 quum
257 4473 428 4531 terminatur
438 4474 476 4531 ad
498 4475 602 4548 Deum,
618 4472 763 4549 quomedo
784 4470 915 4530 homines
929 4470 1065 4529 dicuntur
1085 4471 1242 4547 justificare
1255 4471 1358 4545 Deum,

154 4569 242 4624 quum
257 4570 321 4609 eum
337 4559 370 4610 ut
380 4553 491 4628 justum
504 4553 659 4626 celebrant,
683 4553 761 4610 Pssl.
780 4552 812 4611 li.
827 4555 865 4627 4;
881 4549 1029 4627 Sapientia
1051 4549 1156 4607 dicitur
1171 4549 1326 4627 justificata
1340 4571 1359 4608 a

153 4629 245 4686 liberis
255 4631 320 4701 suis,
329 4630 440 4688 Mattb.
453 4631 493 4690 xi.
506 4634 534 4706 9,
542 4632 612 4689 Luc.
624 4632 675 4688 vii.
685 4634 733 4706 35,
745 4633 785 4690 id.
793 4632 892 4707 agnita
902 4638 931 4690 et
942 4629 1086 4689 celebrata
1096 4629 1170 4705 talis,
1182 4628 1238 4688 Vel
1251 4633 1360 4696 δοίητε,
