3186 5210
128 381 243 431 eumer.
259 361 338 442 nvn]
541 381 580 420 nn
594 381 763 423 vocacione
778 381 816 420 nr
831 382 910 421 rrnn.
1275 371 1333 428 523

126 543 185 580 non
201 531 259 582 etet
272 521 425 599 quominus
439 529 469 582 et
483 529 630 598 separetur
650 543 667 580 a
688 522 811 598 Christo,
834 530 863 581 et
882 523 951 582 fidei
967 524 1110 601 jacturam
1130 524 1233 604 faciat;
1255 529 1335 604 quod

125 622 212 662 nemo
226 610 323 678 negat.
366 601 425 660 Sed
439 601 489 660 An
503 605 625 676 desecto
640 611 668 660 et
683 604 812 676 ffective,
823 602 910 661 fidem
924 605 1038 680 penitus
1048 605 1167 682 perdere
1182 607 1281 682 possit,
1304 616 1334 667 et

126 703 145 740 a
159 683 275 740 Christo
290 682 433 760 separari;
456 681 540 756 Quod
550 690 667 758 propter
674 682 899 742 intercedentem
910 683 966 742 Dei
977 685 1099 760 gratiam
1107 686 1169 743 fieri
1180 707 1238 745 non
1248 707 1334 764 posse

127 762 312 820 sustinemus.
355 765 383 820 5.
406 761 471 820 Non
486 762 631 838 quaeritur,
654 761 704 818 An
725 761 794 821 dum
808 763 839 820 in
853 763 961 822 abacia
974 763 1076 822 incidit
1096 775 1222 842 peccata,
1238 767 1334 845 indig-

126 842 273 901 nationem
284 841 340 900 Dci
353 850 501 918 paternam
515 842 650 914 incurrat,
657 842 873 919 justificationis
882 851 911 902 et
922 843 1085 920 adoptionis
1099 865 1185 904 sensu
1195 847 1333 924 privetur,

126 921 318 998 aptitudimen
332 928 361 980 et
375 921 593 998 dispositionem
613 919 651 980 ad
675 942 797 999 regnum
811 922 957 990 coelorum,
979 943 1044 1002 quse
1065 925 1096 982 in
1119 925 1203 1002 praxi
1223 927 1291 984 fidei
1306 936 1335 986 et

128 1002 291 1060 sanctitatis
316 1001 455 1076 consistit,
471 1002 593 1076 amittat,
616 1009 755 1060 etreatum
770 1001 964 1061 damnabilem
979 1005 1137 1076 contrahat,
1153 1005 1194 1064 ita
1207 1014 1248 1080 ut,
1264 1006 1334 1066 dum

125 1081 156 1138 in
171 1101 205 1138 co
220 1088 298 1140 statu
312 1081 496 1158 impoenitens
516 1089 621 1156 manet,
644 1080 749 1140 debeat
763 1089 889 1140 statuere
904 1101 940 1141 se·
949 1084 1034 1142 morti
1048 1104 1112 1143 esse
1126 1085 1293 1161 obnoxium,
1306 1095 1335 1146 et

124 1169 204 1219 certo
219 1161 396 1235 moriturum,
412 1161 468 1220 nisi
479 1169 671 1220 eonvertatur.
714 1161 787 1219 Haeo
798 1161 874 1218 enim
889 1162 985 1220 omnia
997 1163 1131 1222 lubentes
1142 1165 1336 1225 concedimus.

127 1240 195 1315 Sed,
212 1241 261 1298 An
275 1249 426 1317 propterea
439 1241 470 1298 in
484 1241 582 1299 odium
594 1241 698 1299 hostile
708 1241 765 1300 Dei
775 1241 797 1300 J
799 1241 892 1299 udicis
901 1241 1017 1316 incidat,
1030 1263 1087 1319 qno
1097 1244 1119 1302 J
1121 1265 1155 1302 us
1164 1245 1202 1302 ad
1212 1265 1334 1322 regnum

124 1321 264 1378 coelorum
277 1321 315 1379 ab
328 1321 392 1397 ipso
406 1320 558 1396 auferatur,
585 1327 678 1380 status
702 1320 878 1398 Adoptionis
892 1329 921 1379 et
930 1323 1146 1399 justificationis
1168 1325 1332 1402 abrogetur,

124 1408 154 1458 et
167 1399 238 1458 fidei
251 1411 284 1458 ac
298 1400 523 1477 regenerationis
538 1401 631 1477 gratia
644 1401 760 1478 penitus
779 1420 817 1459 ex
834 1400 920 1458 corde
941 1402 1005 1479 ejus
1026 1402 1208 1476 eradicetur?
1249 1405 1334 1480 Quod

124 1479 235 1539 uellent
250 1478 429 1554 Adversarii,
444 1481 504 1538 Nos
517 1499 666 1556 negamus.

166 1559 240 1616 VII.
263 1559 390 1634 Quaestio
405 1579 474 1637 ergo
499 1579 533 1618 eo
555 1560 638 1636 redit,
655 1559 705 1618 An
719 1581 800 1618 verm
805 1561 911 1638 fidelis,
923 1560 973 1637 qui
981 1570 1102 1620 vocatus
1116 1570 1160 1620 est
1174 1564 1333 1624 secundum

124 1638 183 1698 Dei
197 1639 389 1716 Propositum,
405 1649 435 1698 et
448 1659 516 1699 vere
526 1640 710 1717 justificatus,
725 1640 783 1698 fide
794 1659 852 1698 non
866 1639 1029 1716 dogmatica
1043 1649 1072 1700 et
1085 1644 1265 1719 temporaria,
1282 1645 1334 1704 sed

124 1719 195 1776 viva
205 1727 234 1778 et
248 1719 378 1778 salvifica
391 1720 714 1796 praedicaminum
723 1720 818 1778 minus
829 1723 926 1795 quoad
938 1723 1032 1780 Deum
1046 1730 1075 1779 ct
1089 1731 1233 1798 eventum,
1245 1743 1333 1800 quam

124 1799 222 1876 quoad
236 1801 382 1878 safidem,
405 1819 463 1857 non
484 1800 627 1876 objectiva
648 1819 713 1876 quae
734 1799 860 1858 creditur
882 1808 1001 1872 tanturn,
1025 1801 1076 1860 sed
1091 1803 1176 1860 etiam
1190 1805 1334 1878 subjective

123 1898 183 1954 qua
197 1879 331 1954 creditur,
347 1879 486 1954 amittere,
502 1899 560 1937 non
574 1879 756 1938 demeritorie
770 1888 891 1954 tantum,
907 1880 958 1938 sed
973 1881 1112 1957 effective,
1129 1883 1258 1958 totaliter,
1275 1905 1333 1944 non

123 1967 237 2016 tantum
252 1959 348 2036 quoad
362 1967 458 2018 actum
473 1967 502 2018 et
516 1979 640 2035 sensum,
657 1959 809 2018 sedetiam
824 1960 920 2036 quoad
936 1961 1059 2020 habitum
1079 1969 1108 2020 et
1126 1965 1283 2037 potentiam
1303 1974 1333 2025 et

113 2039 246 2118 finaliter
260 2041 290 2096 in
303 2039 504 2098 incredulitate
518 2048 547 2098 et
561 2039 771 2116 impoenitentia
784 2059 907 2115 manere,
924 2047 1010 2116 atque
1024 2041 1064 2099 ita
1075 2042 1141 2118 jure
1161 2042 1197 2100 ad
1208 2062 1331 2120 regnum

123 2118 263 2177 coelorum
287 2129 316 2178 et
337 2127 414 2178 statu
435 2117 597 2195 adoptionis
619 2118 761 2192 excidere,
777 2127 805 2178 et
819 2120 849 2176 in
864 2128 1002 2178 aeternum
1016 2121 1154 2179 damnari.
1198 2123 1332 2182 Affirma-

123 2207 192 2256 runt
206 2199 275 2256 olim
292 2199 448 2276 Pelagiani,
465 2199 619 2258 Affirmant
633 2197 728 2257 adhuc
748 2199 834 2256 bodie
856 2199 1009 2275 Pontificii,
1033 2201 1188 2276 Sociniani,
1205 2203 1330 2263 Remen-

124 2287 258 2353 strentes,
276 2287 305 2336 et
325 2278 375 2336 alii
396 2279 447 2356 qui
471 2299 520 2338 eos
543 2287 709 2355 sequuntur.
753 2278 869 2355 Negant
891 2288 1056 2338 constanter
1080 2282 1250 2358 Ortbodoxi,
1280 2285 1331 2361 qui

123 2357 257 2416 habitum
271 2357 339 2416 fidei
352 2359 441 2417 semel
456 2359 565 2417 Electis
579 2359 731 2430 indultum,
754 2378 839 2434 posse
860 2359 977 2436 quidem
1001 2361 1144 2419 interdum
1159 2363 1270 2422 intendi
1284 2365 1333 2422 vel

123 2435 234 2495 remitti
248 2446 372 2512 censent,
383 2439 537 2498 firmiorem
547 2439 594 2498 vel
605 2438 816 2516 languidiorem
830 2459 893 2497 ease
907 2459 959 2516 pro
974 2440 1084 2500 ratione
1093 2451 1276 2518 peccatorum
1286 2444 1329 2502 in·

124 2517 352 2591 tercurrentium,
368 2518 419 2576 scd
434 2519 473 2577 ite
483 2527 516 2577 ut
530 2538 676 2596 nunqnam
688 2519 802 2595 penitus
817 2527 846 2576 et
859 2519 984 2578 finaliter
992 2520 1122 2580 deleatur
1130 2531 1159 2580 et
1173 2524 1329 2601 amittatur,

124 2615 178 2654 nec
193 2597 287 2672 gratia
300 2599 523 2674 regenerationis
538 2598 627 2657 semel
639 2598 750 2656 homini
761 2598 866 2657 collata
879 2600 995 2675 penitus
1008 2600 1045 2658 ab
1059 2621 1093 2658 eo
1108 2601 1261 2661 auferatur.

164 2675 255 2734 VIII.
278 2677 447 2736 Adversarii
460 2678 507 2737 hic
521 2678 551 2736 in
565 2679 636 2737 duas
658 2679 765 2736 classes
786 2678 1011 2755 distinguuntur.
1055 2680 1177 2753 Quidem
1198 2693 1330 2758 pugnant

121 2765 235 2816 tantum
249 2776 300 2835 pro
315 2759 489 2816 intercisione
501 2757 570 2816 fidei
583 2767 612 2816 et
622 2757 847 2835 justificationis,
861 2769 893 2817 ut
903 2758 975 2816 fides
989 2759 1106 2834 quidem
1121 2763 1243 2818 totaliter
1257 2762 1328 2820 defi·

122 2837 188 2911 ciat,
204 2837 258 2895 sed
270 2857 328 2896 non
338 2838 471 2913 finaliter,
483 2838 616 2897 restituta
627 2838 737 2896 scilicet
747 2846 813 2896 ante
823 2838 933 2896 obitum
944 2858 995 2914 per
1006 2839 1181 2915 singularem
1193 2841 1247 2897 Dei
1262 2861 1326 2917 gra·

121 2916 199 2992 tiam,
217 2937 344 2976 nemore
361 2918 567 2995 superveniens
588 2917 732 2975 hominem
752 2917 810 2976 fide
831 2917 1000 2976 destitutum
1021 2927 1150 2995 occupet.
1193 2919 1255 2977 Alii
1269 2941 1328 2978 non

120 2997 207 3054 modo
222 2999 349 3072 totalem,
366 2997 418 3056 sed
432 3006 460 3056 et
474 2995 588 3056 finalem
599 3006 704 3074 urgent
720 2997 890 3057 Sanctorum
912 2997 1106 3074 Apostssiam,
1122 3008 1151 3057 et
1164 2999 1232 3057 fidei
1252 3002 1327 3059 acci·

119 3079 233 3136 aionem.
278 3078 400 3154 Utrique
415 3076 517 3136 iisdem
532 3077 709 3153 argumentis
723 3085 934 3154 oppugnantur.

120 3196 139 3240 P
271 3198 288 3241 ,.
334 3195 361 3240 ἢ,
423 3157 483 3215 ΙΧ.
506 3157 707 3216 Fundamenta
730 3157 879 3216 sententiae
894 3157 1070 3216 Orthodoxae
1088 3166 1155 3217 sunt
1176 3159 1275 3217 varia:
1298 3163 1324 3219 1.

141 3209 346 3312 edgivplibbaliur:
382 3237 494 3296 Electio
521 3237 586 3294 Dei.
640 3237 711 3294 Cum
740 3237 816 3294 enirn
852 3237 1010 3295 Consilium
1039 3238 1094 3296 hoc
1122 3239 1160 3296 sit
1187 3248 1325 3299 aeternum

121 3311 142 3357 1·
169 3315 209 3358 Ab
234 3313 572 3396 I3¹00l10ss⁰ettpwttmg
597 3316 674 3374 Heb.
698 3317 737 3374 vi.
762 3319 808 3391 17,
832 3317 916 3375 Rom.
938 3317 978 3375 ix.
996 3320 1041 3392 ll,
1058 3328 1086 3376 et
1108 3318 1325 3378 fundamentum

149 3371 245 3424 Patris,
381 3407 466 3470 eergo»
480 3395 602 3469 firmum,
618 3401 636 3454 2
651 3397 725 3455 Tim.
741 3397 769 3455 ii.
790 3399 834 3472 19,
856 3396 959 3456 efficax
972 3406 1033 3456 tum
1043 3399 1153 3456 ratione
1173 3399 1247 3472 finis,
1263 3409 1325 3459 tum

118 3477 229 3536 ratione
244 3475 407 3534 mediorum
431 3475 578 3534 indivulso
594 3495 671 3534 nexu
692 3497 758 3534 oum
780 3477 836 3535 fine
859 3479 1086 3554 conjunctorum,
1104 3479 1187 3537 Rom.
1200 3481 1260 3538 viii.
1276 3483 1323 3556 29,

119 3559 178 3632 30;
210 3557 270 3614 Nec
284 3565 367 3614 actus
389 3555 444 3614 Dei
458 3555 618 3614 immanens
632 3556 758 3614 rescindi
778 3558 870 3633 possit
883 3558 931 3614 vel
946 3559 1059 3634 mutari,
1074 3569 1125 3618 aut
1148 3580 1165 3617 a
1180 3560 1324 3636 Creatore,

119 3637 170 3714 qui
185 3637 241 3695 sibi
256 3654 369 3712 semper
383 3645 504 3711 constat,
520 3644 550 3694 et
570 3635 649 3712 apud
662 3656 747 3712 quem
762 3645 873 3696 noceat
895 3640 1106 3714 transmutatio,
1127 3660 1183 3698 nee
1205 3661 1325 3700 conver-

119 3716 210 3774 sionis
225 3715 414 3790 obumbratio,
430 3716 479 3774 rel
503 3735 520 3774 a
545 3715 690 3790 (lreatura,
706 3717 752 3774 cui
767 3717 840 3775 nibil
853 3718 1004 3794 potestatis
1027 3729 1072 3777 est
1086 3729 1115 3778 et
1138 3721 1274 3797 potentiae
1296 3722 1327 3779 in

121 3795 294 3868 Creatorem,
310 3796 358 3853 vel
369 3797 433 3872 ejus
447 3803 549 3855 actus:
573 3796 662 3853 Fides
675 3815 740 3872 quae
755 3795 865 3856 fructus
880 3806 926 3856 est
939 3797 1023 3857 istius
1038 3799 1197 3858 Electionis
1222 3801 1324 3858 immu-

121 3871 228 3945 tabilis,
244 3881 273 3930 et
287 3873 412 3932 medium
426 3869 578 3934 infallibile
593 3875 702 3950 salutis,
719 3895 776 3933 non
790 3884 886 3952 potest
896 3897 955 3935 non
968 3897 1032 3936 esse
1046 3878 1128 3935 firma
1142 3887 1171 3936 et
1191 3878 1324 3938 immuta·

119 3951 198 4026 bilis,
215 3960 248 4010 ut
261 3951 323 4010 fuse
337 3953 499 4030 probatum,
515 3956 585 4013 Loc.
602 3955 656 4016 III.
673 3955 707 4030 Q.
722 3955 773 4013 xii.

275 4087 280 4098 ,
424 4033 465 4091 Χ.
488 4038 516 4092 2.
532 4037 659 4094 radere
670 4036 773 4110 qratia
786 4044 901 4108 natura,
924 4035 1003 4111 qnod
1017 4055 1083 4092 cum
1104 4039 1215 4092 firmum
1238 4036 1275 4094 sit
1296 4045 1325 4096 et

118 4085 140 4133 ²·
156 4085 361 4189 ssaefoeffiff
381 4110 567 4188 immutabile,
579 4115 657 4190 quod
667 4115 698 4172 in
707 4123 844 4174 aeternum
855 4114 989 4189 abrogari
999 4113 1106 4189 nequit,
1118 4113 1186 4190 quia
1198 4115 1259 4173 sola
1271 4117 1326 4175 Dei

197 4203 200 4210 ⁴
382 4193 476 4266 gratia
489 4192 597 4268 nititur,
614 4203 642 4252 et
664 4215 722 4252 non
742 4194 868 4256 hominis
892 4192 1063 4266 obedientia,
1083 4193 1325 4269 quemadmodum

119 4269 239 4347 Legale,
261 4269 339 4345 quod
353 4279 504 4347 propterea
523 4273 677 4333 rescissum
688 4284 733 4334 est
747 4283 776 4333 et
797 4274 907 4332 irritum
922 4272 1048 4347 factum3
1081 4283 1218 4350 perpetua
1238 4276 1324 4333 etiam

118 4351 227 4409 debent
242 4368 305 4407 esse
320 4359 349 4408 ct
373 4351 570 4428 immutabilia,
597 4373 661 4430 quae
686 4354 723 4412 ab
746 4353 809 4430 ipso
833 4351 959 4429 pendent
983 4351 1130 4428 beneficia,
1146 4355 1244 4430 qualia
1257 4365 1325 4414 sunt

115 4428 250 4508 inprimis
275 4423 356 4507 fides,
379 4431 557 4508 justificatio,
573 4441 604 4492 et
626 4434 815 4510 regeneratio,
841 4452 905 4508 quae
929 4432 1044 4509 propria
1069 4441 1136 4492 sunt
1150 4435 1214 4510 ejus
1237 4434 1323 4493 bona.

117 4510 204 4586 Quod
218 4509 362 4568 Ieremias
377 4509 407 4567 in
418 4510 524 4570 illustri
539 4513 670 4586 Oraculo,
683 4534 745 4590 cap.
758 4512 841 4570 xxxi.
853 4517 901 4586 32,
914 4515 961 4584 33,
974 4520 1003 4570 et
1014 4533 1076 4589 cap.
1087 4513 1189 4589 xxxii,
1202 4522 1324 4573 testatur

117 4591 234 4662 eximie,
251 4589 302 4648 ubi
316 4609 374 4648 non
399 4599 511 4650 tantum
530 4593 632 4651 asserit
654 4594 749 4651 Deum
770 4611 877 4651 novum
893 4591 1002 4650 Foedus
1019 4592 1094 4650 velle
1108 4612 1234 4670 pangere
1258 4615 1324 4653 eum

118 4671 260 4746 Ecclesia,
277 4689 334 4748 qno
349 4671 486 4730 salutaria
500 4673 596 4730 omnia
617 4672 673 4748 ipsi
686 4673 842 4750 largiturus
864 4671 902 4731 sit
922 4673 1006 4748 dona,
1021 4681 1083 4732 tum
1101 4673 1324 4752 justificationis,
