3192 5206
181 307 292 355 curer.
308 288 353 370 1.]
540 308 579 346 ur
594 309 726 348 rerrsoun
741 309 778 348 sr
793 309 887 350 srsru
902 310 1028 350 cuarsrr.
1332 297 1390 354 205

178 449 287 508 catoris
301 449 463 522 saevissimi,
485 449 591 507 Christi
610 448 743 507 Natalem
766 450 915 526 supposuit
929 451 960 508 in
979 451 1089 510 calculo
1111 471 1163 510 suo
1183 452 1296 528 privato
1311 455 1387 514 circa

177 538 310 606 tempora
319 529 340 588 J
343 529 480 588 ustinieui
490 528 569 586 Anu.
583 530 747 588 11111532.
763 529 848 602 Quod
855 531 1117 590 inventumVener.
1129 533 1213 590 Beda
1221 532 1385 610 septingen-

179 609 283 667 tesimo
296 617 363 686 post
384 609 530 668 Christum
550 628 625 666 anno
650 617 765 668 secutus
785 617 836 684 est,
857 610 964 686 aliique
986 630 1045 682 non
1067 612 1160 688 pauci,
1176 611 1228 670 aed
1241 612 1385 688 privatim.

180 687 242 747 Nec
256 688 332 746 enim
346 689 378 746 in
392 688 477 747 Actis
490 688 559 747 ullis
571 688 696 766 publicis
710 688 758 747 vel
772 689 860 747 sacris
880 690 930 748 vel
943 690 1078 750 civilibus
1093 691 1167 750 AEra
1182 691 1290 751 Christi
1303 693 1384 752 adhi-

179 767 241 825 beri
255 769 343 845 coepit
355 777 422 827 ante
438 769 533 826 Caroli
548 769 589 826 M.
604 777 733 845 tempora
746 777 812 845 post
827 769 858 826 C.
874 771 942 828 800.

221 847 281 906 ΙΙΙ.
306 849 380 907 Utut
403 868 473 908 vero
497 848 602 907 exinde
624 847 780 906 Christiani
804 849 984 908 consentiant
1006 848 1037 905 in
1060 851 1142 907 AErae
1156 870 1174 908 a
1188 849 1302 910 Christo
1316 859 1384 911 nato

178 925 274 986 ductae
287 947 352 1002 usu,
367 928 425 987 dici
440 939 535 988 tamen
549 947 607 986 non
620 936 724 1004 potest,
740 937 879 1004 quantum
893 929 968 987 inter
990 948 1029 1003 se,
1045 936 1108 987 tum
1123 930 1307 1008 chronologi,
1323 941 1385 990 tum

178 1006 322 1084 Theologi
335 1007 494 1066 dissideant
508 1006 667 1085 infigendo
682 1017 759 1066 certo
776 1017 805 1066 et
829 1027 898 1066 vero
912 1008 991 1068 illius
1008 1007 1090 1066 AEree
1104 1010 1252 1087 principio,
1269 1011 1334 1070 eliis
1348 1012 1386 1070 ed

176 1085 264 1161 hunc,
280 1087 345 1145 aliis
359 1086 397 1145 ad
410 1088 498 1146 alium
512 1107 619 1146 anuum
633 1087 829 1146 referentibus.
867 1088 911 1145 De
922 1108 979 1164 quo
994 1088 1102 1164 duplex
1110 1100 1243 1149 movetur
1254 1092 1383 1168 quaestio,

176 1185 244 1242 quae
264 1167 313 1225 hic
333 1166 468 1228 distincte
488 1166 662 1227 excutienda
681 1167 753 1226 erit:
775 1167 873 1224 Prima
892 1169 939 1226 De
952 1187 1018 1228 vero
1037 1169 1154 1228 termino
1167 1171 1246 1230 Anni
1260 1173 1364 1230 aetolis
1372 1197 1384 1244 ,-

178 1245 315 1305 Secunda
327 1249 374 1305 De
387 1251 445 1323 ejas
455 1249 554 1307 Mense
567 1257 594 1306 et
603 1248 669 1305 Die.
720 1325 726 1338 ι

177 1365 423 1492 Ἢηῗῗῃονῗῗ
444 1326 975 1483 0111ἵ1111ὶ1ἓ1ἳ31μ11ῗ1ᾚ11113ἒ1ἕ1ᾞ
989 1336 1257 1486 ddiidsihesntddhiid
1282 1351 1385 1486 hihi?

208 1481 261 1526 ¹⁸¹³
444 1487 470 1546 si
480 1506 538 1545 non
548 1487 634 1564 plene
643 1486 829 1563 impossihile,
845 1506 894 1544 ees
908 1487 983 1546 inter
994 1507 1025 1546 se
1036 1488 1197 1564 conciliare,
1213 1490 1307 1548 obiter
1320 1501 1384 1550 tan·

176 1574 240 1624 tum
263 1566 423 1645 precipuas
444 1576 587 1626 notamus.
628 1565 763 1642 Scaliger,
791 1565 936 1641 Calenius,
959 1568 1092 1625 Heloicus
1119 1567 1238 1626 Annum
1259 1569 1384 1627 natalem

177 1645 287 1705 Christi
307 1646 434 1706 referunt
453 1647 491 1704 ad
511 1665 618 1704 annum
637 1644 738 1702 mundi
766 1646 853 1718 3947,
886 1644 1002 1703 Periodi
1030 1647 1265 1722 ι11111111114711,
1296 1648 1385 1707 Urbis

177 1726 386 1801 1101ἀὶ11750,
409 1725 618 1785 Nabonasssris
640 1727 707 1798 745,
730 1722 859 1800 Augusti
879 1743 897 1782 a
920 1724 998 1784 caede
1020 1724 1095 1784 Jurii
1120 1729 1167 1801 41,
1191 1727 1344 1785 Emendeti
1368 1749 1386 1786 a

177 1805 261 1864 Julio
284 1806 447 1865 Calendarii
470 1809 518 1880 43,
543 1804 670 1863 Herodis
694 1803 775 1880 regui
798 1805 846 1878 33,
872 1811 901 1862 et
924 1804 993 1862 vite
1018 1808 1065 1878 70,
1089 1806 1168 1864 Coss.
1192 1806 1225 1864 L.
1252 1806 1385 1866 Cornelio

178 1883 304 1944 Lentulo
318 1893 348 1944 et
369 1886 411 1945 M.
433 1885 552 1944 Valerio
566 1884 733 1942 Messalino.
756 1884 945 1960 Lamberpius
958 1884 989 1941 in
1003 1884 1086 1942 annis
1101 1885 1198 1960 Urbis,
1215 1894 1244 1945 et
1257 1886 1279 1945 J
1281 1887 1385 1946 alianis

177 1983 213 2022 ac
227 1965 422 2024 Nabonsssari
435 1965 586 2041 consentit,
602 1964 653 2022 sed
667 1963 751 2022 annis
770 1963 872 2021 mundi
884 1973 942 2023 tres
957 1964 1038 2022 addit
1051 1963 1199 2023 referendo
1220 1966 1258 2024 ad
1278 1986 1386 2025 annum

178 2046 268 2104 3950.
289 2047 422 2104 Patauina
435 2045 499 2104 vult
512 2065 576 2102 esse
597 2046 686 2102 3979.
708 2044 842 2103 &baaru
861 2044 977 2121 longius
998 2044 1092 2103 adhuc
1113 2065 1268 2104 excurrens
1283 2046 1321 2104 sd
1333 2067 1383 2104 an·

177 2143 248 2182 num
270 2125 371 2183 mundi
384 2128 463 2184 4052
478 2124 617 2183 extendit.
642 2125 797 2185 Tomiellue
809 2143 899 2182 unum
913 2124 1064 2183 subtrahit.
1094 2125 1138 2183 Ne
1145 2126 1207 2203 jam
1221 2126 1294 2184 alios
1308 2146 1385 2184 com-

177 2223 369 2264 memoremus
390 2205 441 2282 qui
457 2205 523 2282 plus
536 2204 668 2262 minusve
682 2203 751 2262 hinc
770 2203 919 2280 recedunt,
942 2204 1018 2263 AEra
1037 2204 1167 2282 vulgaris
1193 2206 1328 2284 Dionysii
1342 2227 1384 2266 re·

177 2285 259 2360 ponit
273 2285 350 2343 circs
363 2303 470 2343 annum
483 2284 583 2342 mundi
604 2285 693 2343 3949.

159 2364 519 2507 ’1111111111
541 2363 788 2502 1110111315
789 2364 1278 2505 tttttttttttttttttt
1292 2367 1385 2506 Thii't

208 2518 336 2622 {iiim
378 2534 420 2564 ¹¹⁰·
440 2463 574 2600 puiiriius
588 2523 710 2582 multum
724 2524 817 2584 facere
831 2523 869 2582 ad
882 2524 950 2583 fidei
964 2535 1069 2583 nostrae
1089 2525 1239 2600 1111111111,
1260 2491 1292 2585 rit
1313 2526 1385 2584 scia-

258 2607 264 2621 '
439 2623 504 2661 mus
518 2602 635 2682 praecise
649 2623 707 2679 quo
721 2623 797 2661 anno
817 2611 902 2662 natus
923 2603 961 2663 sit
982 2603 1121 2680 Christus,
1136 2604 1222 2663 modo
1237 2613 1385 2664 teneamus

178 2681 209 2739 in
223 2683 286 2760 ejus
300 2683 481 2742 nativitatem
496 2702 563 2741 vere
584 2702 752 2742 concurrere
772 2683 951 2742 characteres
965 2685 1101 2758 temporis
1122 2704 1140 2742 a
1161 2683 1313 2760 Prophetis
1333 2704 1383 2742 no·

178 2763 241 2820 tati.
285 2763 387 2839 Itaque
396 2763 492 2821 missis
506 2763 713 2840 quaestionibus
727 2762 815 2820 variis
828 2761 1058 2836 intricatissimis,
1074 2781 1138 2838 qua
1153 2763 1200 2820 hic
1222 2771 1383 2829 moventur,

179 2841 284 2901 sufficit
304 2862 381 2902 nunc
400 2842 517 2919 quidem
541 2842 702 2915 observare,
724 2841 899 2899 tritissimum
923 2859 986 2899 esse
1003 2843 1184 2916 acquiescere
1206 2841 1237 2899 in
1259 2841 1295 2898 iis
1320 2862 1384 2918 quae

180 2920 329 2998 Scriptura
342 2923 397 2980 hac
411 2923 440 2979 in
454 2931 535 2998 parte
546 2921 658 2979 tradere
669 2920 753 2978 nobis
766 2919 905 2978 volnitad
916 2919 1139 2978 confirmandam
1150 2919 1236 2978 fidem
1247 2931 1384 2981 nostram.

179 3000 319 3078 Proponit
332 3021 401 3061 vero
415 3002 467 3060 illa
479 3000 584 3060 natalis
602 3000 710 3058 Christi
723 2999 903 3057 characteres
920 3018 1085 3056 communes
1098 3000 1203 3075 potius,
1219 3019 1304 3076 quam
1326 3000 1385 3058 sin-

178 3082 302 3158 gulares,
315 3081 366 3158 qui
376 3092 488 3158 tempus
508 3080 624 3157 quidem
638 3078 799 3137 natalitium
811 3078 991 3154 aliquatenus
1002 3078 1247 3155 circumscribunt,
1263 3079 1383 3140 Annum

177 3179 247 3218 vero
268 3162 387 3238 precisa
407 3181 549 3238 nusquam
571 3159 732 3236 designant.
774 3157 846 3215 Tres
866 3177 935 3216 vero
955 3157 1137 3234 potissimum
1161 3167 1297 3218 notantur
1316 3159 1383 3218 cha-

178 3249 303 3300 racteres
328 3241 358 3298 in
383 3241 467 3300 Novo
492 3241 685 3312 Testamenta,
714 3257 752 3296 ex
776 3237 881 3313 quibus
904 3236 1046 3315 judicium
1069 3237 1132 3296 fieri
1154 3246 1250 3315 potest
1272 3239 1384 3298 Natalis

178 3319 295 3378 Christi.
338 3321 452 3380 Primus
466 3321 495 3378 in
509 3319 649 3378 notatione
662 3318 757 3394 Requi
765 3319 890 3376 Herodis
914 3317 944 3374 in
958 3318 1040 3395 cujus
1054 3317 1156 3377 diebus
1170 3327 1255 3378 natus
1269 3319 1382 3394 dicitur,

180 3399 284 3458 Matth.
300 3400 329 3459 ii.
347 3403 373 3475 1,
391 3401 564 3460 “Jesunato
580 3399 748 3471 Betlehemi,
759 3407 886 3475 tempore
898 3397 1154 3474 HerodisRegis.''
1185 3399 1335 3458 Secundus
1353 3400 1384 3458 iu

178 3480 367 3556 mancam
387 3479 578 3556 descriptionis
591 3479 681 3538 totius
701 3477 787 3552 orbis,
803 3477 942 3537 instituta
963 3477 1118 3554 aCyreuio
1139 3478 1231 3554 Syriae
1246 3479 1383 3554 Praeside,

179 3558 336 3635 imperante
358 3559 503 3636 Augusto,
526 3559 596 3617 Luc.
611 3557 641 3616 ii.
665 3561 735 3631 1,a.
776 3557 891 3616 Tertius
904 3557 935 3614 in
952 3577 1087 3616 concursu
1100 3559 1171 3616 anni
1183 3559 1284 3616 decimi
1296 3559 1386 3636 quinti

181 3639 291 3714 liberii,
315 3649 342 3697 et
361 3639 492 3698 tricesimi
513 3638 625 3710 Christi,
648 3637 764 3713 quando
784 3636 947 3712 baptizatus
971 3645 1023 3712 eet,
1040 3636 1110 3696 Luc.
1135 3638 1176 3697 iii.
1199 3641 1224 3713 1,
1241 3658 1306 3696 cum
1334 3642 1382 3698 23.

180 3718 311 3778 Christus
325 3719 430 3776 dicitur
443 3717 531 3777 firisse
544 3718 574 3783 a
589 3719 644 3777 ’πων
656 3716 797 3796 τριάκοντα,
809 3725 962 3792 postquam
973 3716 1135 3792 baptizatus
1149 3726 1194 3776 est
1207 3737 1224 3775 a
1237 3718 1258 3776 J
1261 3719 1382 3793 ohanne,

179 3797 216 3856 ad
229 3817 316 3875 quem
329 3799 450 3856 verbum
465 3799 521 3856 Dei
535 3797 639 3856 dicitur
659 3797 766 3856 facturn
787 3815 862 3854 anno
876 3795 987 3853 decimo
1009 3797 1109 3871 quinto
1130 3796 1238 3854 Tiberii
1253 3795 1382 3855 Caesaris.

181 3877 239 3937 Sed
253 3897 353 3937 omnes
373 3877 422 3936 isti
435 3877 614 3936 characteres
634 3877 783 3952 generales
797 3883 864 3933 sunt
877 3883 907 3933 et
920 3873 1069 3949 indefiniti,
1085 3875 1135 3952 qui
1149 3874 1253 3933 docent
1266 3875 1381 3951 quidem

180 3958 325 4016 Christum
339 3965 439 4016 natum
452 3957 482 4016 in
495 3957 589 4015 diebus
609 3957 743 4028 Herodis,
757 3963 787 4014 et
800 3964 924 4030 tempore
944 3954 1135 4029 descriptionis
1149 3955 1255 4030 prime
1268 3953 1351 4013 factae
1366 3977 1384 4014 a

180 4036 312 4113 Cyrnum,
328 4037 380 4095 sed
400 4056 454 4095 nec
468 4036 622 4112 designant
641 4035 760 4113 precise
782 4053 889 4092 anuum
902 4033 985 4110 regni
1000 4033 1135 4106 Herodis,
1156 4041 1207 4092 aut
1227 4033 1311 4092 istius
1332 4034 1381 4094 de-

179 4116 352 4193 scriptionis.
395 4117 461 4174 Duo
478 4124 589 4174 tantum
604 4115 651 4174 hic
665 4121 743 4173 certa
764 4122 831 4172 sunt
850 4121 881 4172 et
900 4112 1070 4171 indubitata.
1113 4111 1219 4184 Primo,
1235 4113 1382 4172 Christum

178 4213 236 4254 non
250 4215 313 4254 esse
328 4203 435 4270 natum,
451 4214 505 4254 nec
519 4203 585 4253 ante
595 4194 747 4271 imperium
761 4192 898 4269 Augusti,
914 4201 943 4250 et
957 4210 1077 4268 regnum
1093 4190 1227 4264 Herodis,
1243 4209 1297 4250 nec
1306 4202 1380 4268 post

180 4274 321 4349 Secundo,
338 4275 471 4334 Natalem
485 4275 548 4353 ejus
562 4273 687 4333 incidere
701 4272 731 4331 in
743 4273 846 4330 ultima
860 4271 987 4330 Herodis
1000 4282 1137 4346 tempora,
1149 4287 1213 4326 cum
1228 4279 1294 4345 post
1307 4290 1395 4328 mor·-

178 4361 236 4412 tem
247 4355 375 4412 Herodis
386 4354 517 4413 Christus
527 4354 620 4412 redux
631 4373 668 4411 ex
683 4353 810 4430 Egypto,
821 4359 854 4410 11
864 4348 960 4410 aeaerb'o
971 4349 1065 4408 adhuc
1078 4348 1264 4422 describatur,
1275 4349 1380 4409 Matth

178 4433 207 4491 ii.
223 4437 270 4506 20,
285 4433 325 4492 id.
341 4435 370 4491 in
384 4443 483 4494 tenera
493 4442 586 4492 atate.
629 4431 742 4491 Deinde
758 4430 884 4489 Herodis
904 4439 1024 4489 mortem
1046 4429 1142 4488 statim
1157 4427 1287 4486 subnecti
1301 4430 1382 4490 velut

175 4514 294 4576 sums·
308 4522 374 4591 post
387 4513 507 4572 insidias
521 4513 635 4572 Christo
650 4519 781 4586 structas,
797 4521 826 4570 et
844 4509 1073 4570 crudelissimum
1088 4507 1296 4567 infanticidium
1311 4508 1380 4568 Bet-

177 4593 283 4651 lehemi
296 4593 463 4652 exercitum.
