3186 5210
148 415 259 466 Qorrsr.
277 393 355 474 xva]
567 411 606 450 nn
620 409 789 451 vocnrrons
804 410 842 451 ar
856 410 935 452 sina.
1297 399 1355 458 537

149 577 248 616 everso
262 555 380 630 dileetio,
395 573 480 630 quam
491 553 603 610 turbata
616 553 790 628 commerdio,
802 560 835 611 ut
848 551 943 630 inquit
957 551 1027 624 Leo,
1044 552 1134 611 Scrm.
1151 556 1178 628 9,
1196 553 1232 614 de
1247 556 1360 635 Passi.;

150 637 268 695 amabat
281 636 362 709 intre,
378 654 458 710 quem
471 635 591 710 negabat
597 634 686 710 sorte,
702 633 818 691 tametsi
831 631 951 691 affectus
973 641 1053 691 metu
1077 634 1251 694 constrictus
1265 644 1360 714 torpe-

149 726 213 793 ret;
237 716 342 775 mansit
362 715 434 772 fides
449 722 515 772 actu
529 713 630 790 primo,
646 712 805 772 secundum
828 712 980 790 intercepit
993 713 1114 789 periculi
1135 721 1239 773 metus.
1283 717 1361 778 Hinc

151 795 315 873 Theophyl.
343 795 381 853 ad
394 794 484 852 verba
498 793 613 869 Christi,
631 795 649 825 ‘²
659 793 783 870 Rogavi,
799 793 901 870 inquit,
925 800 958 850 ut
985 812 1043 850 nou
1071 792 1187 852 deficiat
1207 793 1280 854 fides
1302 804 1361 857 tua.

152 877 293 951 Quamvis
307 875 383 934 enim
396 875 479 934 brevi
493 883 620 950 ternpore
636 871 843 932 concutiendus
858 872 906 947 eis,
921 872 1012 931 habes
1023 881 1120 931 tamen
1131 875 1281 934 recondita
1294 875 1363 938 fidei

151 956 280 1030 semina;
302 955 415 1014 etiamsi
428 953 498 1012 folia
511 953 649 1030 abjecerit
665 953 789 1030 Spiritus
809 952 983 1025 invadentis,
1006 953 1091 1010 radix
1114 961 1211 1013 tamen
1225 955 1316 1032 vivet,
1333 967 1362 1017 et

152 1055 210 1095 non
225 1036 339 1094 deficiet
352 1034 424 1093 fides
438 1043 498 1103 tua,
512 1052 570 1092 non
586 1033 702 1092 omnino
716 1033 877 1108 relinquam
888 1033 946 1092 te.''
989 1032 1129 1106 Quamvis
1140 1053 1209 1092 vero
1221 1037 1362 1096 confessio

152 1117 189 1174 sit
204 1115 321 1175 effectus
335 1115 411 1190 fidei,
427 1114 478 1192 qui
492 1133 555 1172 eam
570 1113 718 1190 sequitur,
749 1113 815 1171 Non
838 1113 968 1188 sequitur
989 1132 1102 1190 semper
1125 1121 1155 1172 et
1178 1115 1285 1192 ubique
1299 1137 1362 1177 sese

150 1215 276 1272 exerere,
292 1197 342 1256 ubi
356 1194 429 1254 fides
438 1203 496 1269 eet,
512 1194 560 1252 vel
570 1193 656 1252 fidem
665 1213 782 1270 prorsus
793 1193 934 1270 extingui,
947 1193 1030 1269 cujus
1041 1193 1184 1252 confessio
1192 1215 1250 1254 non
1261 1207 1363 1274 sponte

152 1276 275 1353 abjecta,
292 1275 344 1334 sed
358 1283 436 1334 metu
451 1282 563 1333 tantum
578 1293 715 1350 oppressa
728 1273 792 1332 fnit.

193 1356 353 1413 XXXIV.
376 1355 434 1429 Qui
447 1373 534 1431 opera
548 1354 642 1412 carnis
655 1361 771 1430 patrant
784 1352 870 1430 plena
883 1352 1032 1411 voluntate
1047 1361 1077 1411 et
1091 1352 1158 1412 data
1179 1374 1274 1432 opera,
1290 1357 1363 1416 etin

151 1435 187 1493 iis
198 1443 393 1512 perseverant,
410 1444 487 1492 recte
502 1433 637 1492 dicuntur
651 1453 668 1490 a
681 1432 739 1491 tide
761 1433 875 1509 penitus
890 1431 1021 1492 deficere.
1049 1432 1108 1492 Sed
1121 1433 1176 1492 hcc
1191 1453 1278 1495 sensu
1292 1437 1362 1496 fide·

151 1516 195 1574 les
209 1535 266 1574 uon
280 1523 403 1593 possunt
417 1514 476 1572 dici
498 1533 626 1590 peccare,
651 1534 688 1572 ex
715 1516 730 1570 l
753 1513 823 1572 Joh.
839 1511 879 1570 iii.
895 1515 922 1587 9,
939 1521 968 1570 et
982 1533 1010 1571 v.
1028 1515 1074 1587 18,
1090 1513 1231 1589 quianon
1252 1525 1310 1574 tarn
1325 1537 1363 1576 ex

150 1596 262 1654 malitia
276 1604 305 1655 et
318 1595 404 1673 pleno
418 1594 578 1653 voluntatis
593 1613 734 1652 consensu
748 1593 810 1651 sine
833 1591 1005 1650 reluctantia
1018 1601 1148 1669 peceant,
1163 1613 1250 1670 quam
1265 1616 1303 1654 ex
1319 1597 1359 1655 in-

151 1675 286 1734 firmitate
301 1674 494 1734 etaffectuum
519 1673 697 1749 impotentia.
740 1671 822 1730 Licet
836 1691 906 1729 vero
930 1691 988 1729 non
1010 1692 1075 1730 raro
1097 1684 1216 1749 peccata
1229 1675 1280 1734 illa
1293 1675 1365 1737 fiant

151 1775 188 1814 ex
199 1757 307 1832 praevia
321 1755 418 1831 aliqua
429 1753 643 1826 deliberatione,
660 1761 689 1810 et
702 1760 802 1810 contra
815 1751 1039 1826 conscientiam
1054 1753 1122 1834 quia
1131 1761 1227 1812 tamen
1241 1763 1364 1829 «gratem,

151 1835 204 1892 illa
217 1855 275 1893 non
290 1843 348 1894 tarn
363 1835 454 1893 oritur
468 1853 506 1891 ex
521 1832 631 1906 habitu,
647 1850 734 1907 qnam
748 1850 787 1888 ex
801 1831 965 1890 vehementi
975 1831 1129 1890 affectuum
1139 1835 1363 1913 perturbatione,

153 1916 183 1972 in
198 1915 304 1992 quibus
319 1923 364 1973 est
377 1933 489 1990 semper
503 1913 551 1970 vel
566 1911 739 1969 antecedens
752 1911 840 1984 lucta,
856 1911 903 1969 vel
918 1910 1097 1988 subsequens
1111 1912 1202 1988 dolor,
1213 1923 1242 1973 et
1253 1916 1365 1976 renisus

152 1994 269 2070 quidam
284 1993 485 2068 conscientiae;
522 1991 602 2050 Ilinc
627 1998 706 2069 patet
729 2010 788 2048 non
812 2009 897 2066 posse
921 1993 1019 2048 vocari
1042 2001 1161 2068 peccata
1174 1995 1319 2070 nequitia,
1335 2005 1365 2055 et

153 2075 304 2151 superbiae,
320 2093 384 2150 quse
398 2075 471 2131 fiunt
485 2072 561 2130 elata
582 2090 678 2144 manu,
704 2078 734 2129 et
752 2071 874 2147 gratiam
897 2090 1011 2129 omnem
1036 2091 1073 2130 ex
1096 2072 1182 2130 corde
1204 2075 1363 2136 excutiunt.

152 2154 214 2212 Nee
226 2155 250 2212 si
261 2155 372 2211 renisus
383 2152 487 2229 aliquis
497 2151 679 2210 eonscientiae
691 2151 814 2209 occurrit
823 2151 908 2208 etiem
920 2151 950 2207 in
959 2150 1130 2226 irregenitiS,
1141 2171 1346 2230 nonnunquam
1356 2178 1364 2231 3

154 2233 236 2291 Idem
251 2233 426 2291 censendum
441 2241 484 2291 est
498 2231 534 2290 de
548 2231 674 2309 peccatis
687 2230 816 2288 fidelium
829 2252 836 2304 ;
851 2229 920 2306 quia
934 2230 963 2286 in
978 2230 1035 2288 illis
1049 2231 1128 2288 lucta
1141 2239 1186 2290 est
1199 2239 1311 2292 tantum
1322 2234 1366 2292 in·

153 2321 198 2371 ter
209 2313 368 2388 appetitum
382 2320 411 2370 et
425 2311 574 2385 rationem,
600 2331 664 2388 quae
686 2319 837 2387 peccatum
860 2309 991 2386 reprimit
1010 2309 1107 2387 potins
1130 2330 1216 2388 quam
1239 2314 1364 2392 perimit,

153 2411 219 2466 quse
233 2393 380 2449 horrorem
394 2410 494 2468 poenae,
510 2410 568 2448 non
582 2391 729 2449 fastidium
744 2389 863 2467 peceati,
879 2388 1007 2463 inducit3
1031 2389 1082 2448 sed
1096 2391 1126 2447 in
1140 2390 1204 2450 istis
1228 2391 1307 2453 lucta
1321 2404 1366 2454 est

154 2473 230 2530 inter
244 2491 357 2528 carnem
373 2479 401 2528 et
416 2470 555 2547 spiritum,
571 2491 636 2547 quse
646 2471 733 2528 fidem
748 2478 777 2529 et
791 2470 913 2546 gratiam
939 2489 1051 2546 semper
1072 2471 1199 2547 aliquam
1224 2472 1254 2531 in
1279 2475 1365 2534 corde

155 2551 300 2628 supponit.
344 2550 429 2611 Unde
441 2550 568 2627 August.
586 2550 702 2608 Enchin
718 2570 743 2608 c.
758 2549 830 2608 lxiv.
843 2571 849 2608 :
873 2549 969 2606 “Filii
985 2549 1040 2608 Dei
1055 2551 1193 2626 quamdiu
1207 2555 1367 2614 mortaliter

152 2631 257 2689 vivunt
272 2651 337 2690 cum
351 2640 442 2689 morte
452 2629 621 2707 confligunt,
634 2639 663 2688 et
677 2629 810 2706 quamvis
819 2630 857 2688 sit
868 2627 903 2687 de
915 2629 973 2686 illis
983 2631 1124 2689 veraciter
1134 2631 1252 2706 dictum,
1265 2637 1364 2709 ‘quot-

152 2720 224 2789 quot
239 2710 349 2788 Spiritu
364 2711 419 2769 Dei
434 2719 561 2787 aguntur
575 2718 642 2768 sunt
656 2709 708 2768 filii
724 2709 799 2785 Dei,'
826 2709 867 2768 sic
888 2709 997 2785 Spiritu
1012 2709 1067 2767 Dei
1082 2709 1246 2768 excitantur
1259 2721 1288 2770 et
1302 2721 1364 2771 tan-

152 2811 239 2868 quam
253 2791 306 2848 filii
321 2790 474 2868 proficiunt
488 2789 526 2847 ad
541 2789 645 2863 Deum,
660 2797 693 2847 ut
707 2791 793 2847 etiam
819 2789 920 2866 spiritu
946 2808 1007 2862 suo,
1035 2789 1160 2848 maxime
1185 2801 1364 2866 aggravante

153 2871 334 2948 corruptibili
349 2891 475 2945 corpore,
492 2878 630 2946 tanquam
643 2869 697 2926 filii
721 2868 868 2927 homiuum
894 2867 1066 2944 quibusdam
1088 2869 1215 2928 motibus
1229 2871 1363 2932 humanis

153 2951 289 3009 deficiant
302 2951 339 3009 sd
353 2952 463 3027 seipsos
473 2959 502 3008 et
515 2949 581 3008 ideo
595 2949 744 3026 peccent.”
767 2949 845 3006 Hine
859 2948 900 3023 fit,
917 2947 1156 3027 utjeieutpropter
1165 2949 1365 3010 reluctantiam

154 3031 257 3104 carnis,
273 3031 401 3090 actiones
415 3050 480 3107 quse
496 3029 635 3106 Spiritum
662 3037 821 3104 sequuntur
844 3047 991 3105 nunquam
1014 3028 1055 3086 ita
1068 3036 1136 3086 sunt
1150 3028 1186 3086 ab
1207 3031 1285 3087 omni
1299 3031 1365 3091 labe

154 3110 310 3187 depurata,
324 3111 394 3188 quin
409 3109 519 3186 aliquid
533 3108 658 3166 habeant
672 3108 748 3166 nnavi
762 3116 792 3166 et
805 3107 870 3166 vitii
885 3129 891 3182 ;
915 3108 960 3165 Ita
976 3107 1033 3166 illae
1047 3107 1077 3164 in
1091 3108 1197 3185 quibus
1211 3129 1277 3167 caro
1292 3131 1364 3187 proe-

154 3190 252 3266 pollet,
268 3210 415 3267 nunquam
429 3211 464 3248 eo
478 3209 570 3265 usque
595 3197 713 3264 peccato
735 3187 908 3247 inhabitanti
931 3187 1137 3264 mancipentur,
1161 3189 1231 3265 quin
1253 3209 1365 3268 semper

154 3289 207 3346 per
222 3270 344 3346 Spiritus
359 3270 579 3347 oppositionem,
596 3267 644 3326 vel
659 3267 868 3342 simultaneam,
884 3268 933 3326 rel
957 3267 1172 3344 succederem,
1185 3277 1214 3326 et
1228 3289 1265 3326 ex
1285 3281 1363 3347 post·

156 3349 241 3423 facto,
258 3349 335 3409 illius
349 3351 481 3427 tyrannis
495 3358 524 3406 et
539 3347 697 3406 dominium
711 3347 885 3424 impediatur
898 3357 928 3406 et
941 3347 1122 3424 infringatur.

196 3429 338 3488 XXXV.
360 3431 430 3488 Alia
444 3437 488 3488 est
497 3427 711 3504 perseverantia
725 3428 843 3503 physica
858 3437 887 3485 et
901 3428 946 3486 eui
959 3428 1064 3502 nescia,
1080 3448 1145 3505 quae
1160 3429 1252 3488 oritur
1266 3431 1311 3488 vel
1327 3451 1364 3490 ex

154 3508 259 3568 duritie
274 3511 410 3585 materiae,
425 3510 473 3568 vel
487 3529 505 3566 a
518 3517 621 3566 natura
636 3507 742 3581 formae,
765 3506 860 3583 qualis
875 3515 919 3565 cst
933 3508 964 3565 iu
978 3528 1056 3582 auro,
1072 3509 1120 3567 vel
1134 3510 1164 3567 in
1178 3510 1260 3568 coelo.
1295 3511 1364 3570 Alia

152 3597 197 3648 est
211 3591 335 3666 moralis,
351 3611 416 3666 quoe
431 3589 464 3646 fit
477 3588 515 3646 ab
535 3587 624 3645 animi
645 3587 801 3664 proposito,
831 3596 859 3644 et
884 3588 1045 3646 constantia
1059 3589 1217 3648 voluntatis
1239 3591 1269 3648 in
1297 3591 1363 3650 reti·

153 3670 249 3728 nendo
264 3671 390 3747 objecto.
433 3668 484 3726 Ad
510 3668 632 3746 primam
654 3667 770 3724 inutiles
798 3666 915 3724 omnino
940 3677 1036 3726 essent
1064 3669 1240 3729 hortationes
1255 3679 1284 3730 et
1297 3692 1362 3748 pro-

155 3747 325 3824 missiones;
351 3749 408 3808 Sed
433 3768 491 3806 non
514 3747 623 3825 pariter
644 3745 682 3804 ed
704 3745 868 3821 secundam,
890 3747 958 3823 quia
982 3747 1078 3806 media
1092 3758 1159 3808 sunt
1172 3751 1277 3825 quibus
1299 3752 1363 3826 ipsa

154 3836 341 3900 promovetur
361 3837 389 3886 et
410 3829 554 3905 impletur.
598 3826 683 3886 Unda
708 3834 821 3884 tantum
843 3826 934 3901 abest,
949 3836 982 3887 ut
996 3847 1048 3904 per
1061 3827 1219 3886 doctrinam
1235 3837 1373 3900 nostram,

154 3903 272 3962 tollatur
293 3927 363 3965 usus
384 3909 579 3966 hortationum
602 3915 632 3966 et
644 3905 875 3983 promissionum,
891 3926 925 3965 ac
942 3907 1193 3966 comminationum
1204 3907 1279 3964 circa
1297 3927 1361 3984 per-

155 3985 363 4061 sementiam,
389 3987 430 4045 Ut
451 3989 547 4063 potius
572 3987 729 4046 necessitas
754 4005 852 4044 earum
874 3986 994 4044 firmiter
1018 3985 1188 4058 stabiliatur,
1214 4005 1279 4042 cum
1303 3987 1361 4046 sint

154 4060 282 4120 mediae
299 4065 363 4122 Deo
377 4065 510 4124 institute
524 4065 561 4124 nd
575 4086 638 4124 cem
653 4065 848 4139 obtinendam,
864 4073 1007 4140 qnatenus
1032 4082 1083 4139 per
1106 4083 1140 4120 ea
1155 4065 1235 4122 Deus
1262 4064 1358 4143 fidem,

154 4141 287 4200 timorem
312 4144 365 4218 sui,
392 4145 516 4202 studium
542 4146 664 4204 cavendi
688 4145 795 4223 lapsus,
820 4154 849 4202 et
872 4152 1024 4220 postquam
1040 4141 1182 4200 admissus
1196 4153 1248 4219 cst,
1274 4145 1311 4203 ab
1325 4166 1360 4205 eo

153 4221 331 4298 resurgendi,
344 4233 486 4300 operatur.
529 4225 590 4283 Nec
605 4225 629 4283 si
643 4225 775 4303 promisit
790 4225 870 4283 Deus
881 4221 1123 4300 perseverantiam
1137 4221 1279 4297 fidelibus,
1296 4244 1358 4283 eam

153 4301 286 4379 promisit
301 4303 431 4363 absolute
453 4313 481 4362 et
496 4305 556 4363 sine
571 4305 682 4380 mediis,
699 4305 750 4364 scd
763 4303 920 4382 permedia
933 4301 1043 4378 abipso
1056 4301 1172 4359 homine
1186 4304 1359 4380 usurpanda,

154 4379 366 4457 conferendam,
392 4383 433 4440 ita
454 4393 487 4442 ut
502 4385 565 4442 Deo
580 4385 724 4444 hominem
743 4391 939 4455 conservante,
953 4382 1078 4458 seipsum
1093 4381 1178 4439 etiam
1188 4401 1358 4442 conservare

154 4468 287 4520 teneatur
300 4481 352 4538 per
378 4462 501 4539 Spiritus
516 4465 647 4540 gratiam,
673 4467 686 4522 1
702 4465 773 4524 Joh.
789 4483 817 4522 v.
836 4466 882 4522 18.
926 4462 1011 4521 Unde
1036 4462 1135 4520 fideles
1157 4462 1225 4520 certi
1242 4471 1308 4520 sunt
1323 4463 1358 4522 de

153 4560 206 4598 sua
220 4543 435 4618 perseverantia
448 4543 594 4620 perfidem
604 4545 834 4621 promissionum,
850 4563 907 4602 non
922 4543 1045 4620 pervim
1061 4542 1185 4618 aliquam
1200 4551 1358 4619 extentam,

152 4640 218 4698 quae
243 4639 294 4680 eos
308 4622 441 4681 volentes
465 4623 604 4698 nolentes,
628 4625 686 4682 imo
708 4631 738 4682 et
762 4623 933 4700 inpeccatis
957 4630 1114 4697 manentes,
1130 4621 1251 4680 retineat
1266 4621 1295 4679 in
1310 4623 1359 4682 via

152 4701 263 4778 salutis,
279 4702 332 4761 sed
345 4702 375 4760 in
386 4723 441 4762 usu
452 4701 611 4762 mediorum
626 4712 656 4763 et
668 4703 752 4780 praxi
762 4703 886 4781 pictatis,
902 4702 970 4763 dum
986 4712 1137 4780 operantes
1146 4701 1265 4762 salutem
1278 4717 1360 4762 suam
