3202 5194
111 349 321 432 conanime]
578 403 581 412 ,
623 367 829 410 senesanna
1278 351 1317 410 95

110 513 159 572 bat
173 531 205 572 se
221 509 317 588 sequi,
338 517 450 587 patrem
464 506 594 586 sepelire,
610 516 643 568 ut
656 508 759 570 doceat
772 507 901 568 divinam
915 506 1097 568 vocationem
1110 507 1317 586 praeferendam

111 611 173 653 esso
187 600 318 670 paterna
332 589 496 667 sepultura,
511 587 552 647 id.
567 589 667 648 officiis
681 589 848 668 perentibus
859 587 981 664 debitis;
1005 589 1073 648 Non
1082 589 1212 665 seqnitur
1225 589 1318 648 filium

112 673 259 731 erristo
274 689 334 728 non
353 677 496 744 vocatum,
519 668 582 727 sine
602 670 782 743 necessitate,
804 668 896 727 invito
916 677 1043 745 parente,
1065 675 1166 728 votum
1187 669 1317 728 emittere

112 771 206 831 posse,
232 769 291 828 qno
313 749 345 808 in
368 755 539 828 perpetuum
565 768 596 808 se
619 749 757 825 potestati
779 756 931 825 parentum
955 748 1106 808 subducat.
1156 747 1249 807 Aliud
1273 757 1318 808 est

114 832 262 892 Christum
276 837 430 888 vocantem
445 829 543 905 sequi,
566 827 660 887 Aliud
679 829 749 888 vitae
763 848 855 906 genus
871 828 1063 887 monasticum
1082 828 1144 888 sine
1164 828 1317 888 vocatione

113 919 141 970 et
164 931 217 988 per
232 911 420 990 magandan
434 908 587 985 amplecti:
609 907 702 968 Aliud
721 917 854 986 parentes
868 916 1004 983 mortuos,
1026 907 1168 986 imprimis
1188 909 1213 967 si
1233 909 1316 987 spiri-

111 991 230 1050 tualiter
243 991 331 1050 etiam
346 991 404 1048 sint
417 988 531 1063 mortui,
546 988 728 1066 sepeliendos
741 989 862 1048 mortuis
876 989 1054 1065 relinquere3
1077 989 1169 1048 Aliud
1182 997 1316 1066 parentes

112 1072 247 1130 viventes
261 1069 449 1148 spiritualiter
459 1077 488 1128 ct
498 1068 695 1146 temporaliter
704 1069 836 1144 abiicere,
848 1077 878 1127 et
888 1087 919 1128 se
929 1067 1038 1128 fictitiis
1051 1069 1226 1146 parentibus,
1239 1089 1316 1147 saepe

113 1151 142 1210 in
155 1159 275 1228 peceato
289 1148 420 1223 mortuis,
435 1146 578 1208 addicere.

322 1283 329 1295 ,
416 1228 505 1288 XIV.
528 1228 661 1289 Secunda
675 1229 804 1304 Quaestio
816 1227 934 1306 respicit
947 1249 1107 1288 comessum
1117 1231 1272 1289 Parentum
1286 1230 1317 1288 in

114 1284 353 1389 leffigzffsttffi
374 1309 575 1384 mammone,
598 1307 648 1366 an
668 1308 755 1368 neat
774 1309 882 1385 ιιιιιιι,
902 1309 1003 1368 invias
1022 1310 1198 1386 parentibus,
1218 1311 1316 1370 meiri-

140 1405 238 1446 rentum
251 1401 354 1446 neceni·
374 1388 503 1448 monium
522 1389 699 1448 conuehere.
741 1387 812 1464 Quae
832 1388 994 1448 necessaria
1016 1397 1068 1464 est,
1091 1410 1150 1448 non
1170 1389 1257 1448 modo
1279 1390 1317 1449 ad

142 1459 353 1564 mmai?
375 1467 564 1528 coercendam
583 1467 730 1527 licentiam
749 1468 919 1546 juvenilem,
934 1489 999 1546 qnae
1012 1469 1078 1546 plus
1096 1469 1178 1546 justo
1192 1469 1248 1530 sibi
1262 1471 1317 1529 hac

327 1545 334 1560 ⁸
373 1547 407 1608 in
420 1555 501 1625 perte
514 1547 656 1624 indulget,
671 1547 759 1610 fidem
771 1548 946 1608 matrimonii
957 1547 1012 1607 sibi
1026 1557 1126 1608 mutuo
1138 1548 1242 1624 dando,
1258 1550 1317 1609 imo

114 1639 143 1690 ct
162 1647 368 1705 nonnunquam
389 1627 562 1704 praestando,
584 1627 753 1705 parentibus
766 1628 815 1686 vel
835 1627 1006 1686 inconsultis
1029 1628 1078 1687 vel
1098 1628 1186 1686 etiam
1207 1629 1316 1704 invitis,

31 1715 32 1722 ’
115 1709 166 1768 scd
186 1719 215 1768 et
235 1717 352 1786 propter
366 1707 543 1784 Pontificios,
559 1727 681 1784 quorum
696 1707 839 1766 sententia
852 1707 938 1764 nimis
951 1707 1031 1766 favet
1050 1706 1118 1766 huic
1131 1709 1232 1786 ὶτιξίᾳ,
1249 1709 1317 1768 vide

116 1789 192 1848 Sese.
208 1793 256 1848 24.
279 1786 378 1846 Conci.
394 1785 475 1846 Trid.
489 1807 551 1864 cap.
566 1787 585 1845 i.
601 1787 638 1846 de
650 1786 776 1846 Reform.
792 1787 985 1845 matrimonii:
1008 1787 1238 1846 “Dubitandum
1258 1807 1317 1846 non

115 1877 158 1928 est
171 1868 350 1928 clandestina
363 1866 546 1926 matrimonia
564 1867 658 1925 libero
671 1885 813 1926 consensu
833 1865 918 1940 iacta,
939 1873 1003 1924 rete
1016 1874 1045 1925 et
1058 1886 1128 1924 vera
1141 1886 1204 1925 esse
1218 1868 1316 1926 mani·

114 1949 218 2022 monia,
233 1946 373 2024 quamdiu
387 1946 519 2006 Ecclesia
534 1965 568 2005 ee
587 1946 669 2005 irrita
688 1965 747 2004 non
768 1946 854 2021 fecit,
876 1953 906 2004 et
925 1945 1046 2022 proinde
1064 1947 1130 2023 jure
1153 1955 1221 2006 suut
1235 1947 1315 2005 dam·

113 2028 202 2086 nandi
215 2037 245 2087 et
255 2026 450 2086 Anathemate
462 2045 511 2086 eos
522 2025 640 2086 damnat
656 2025 762 2085 Sancta
777 2025 922 2103 Synodns‚
937 2025 989 2102 qui
999 2045 1033 2086 ee
1043 2045 1113 2086 vera
1123 2045 1187 2085 esse
1198 2037 1314 2104 negant,

112 2109 221 2185 quique
234 2107 378 2166 affirmant
391 2105 573 2166 matrimonia
585 2106 711 2166 filiorum
724 2105 786 2164 sine
801 2125 943 2164 consensu
963 2115 1115 2182 parentum
1136 2105 1220 2181 sacta,
1235 2107 1317 2166 irrita

112 2207 185 2260 esse,
200 2195 230 2247 st
243 2195 377 2264 parentes
391 2205 426 2244 ea
439 2193 502 2244 reta
515 2186 563 2245 vel
577 2186 657 2245 irrita
670 2185 764 2245 facere
777 2186 892 2263 posse,''
908 2182 962 2243 ἂι.
992 2185 1128 2244 Bellarm.
1142 2205 1315 2246 eonsensum

112 2267 228 2343 quidem
239 2267 395 2328 Parentum
405 2265 470 2326 vult
481 2285 544 2326 esse
555 2265 749 2342 dehonestate,
760 2265 812 2325 sed
821 2285 880 2324 non
891 2263 927 2324 de
937 2267 1104 2341 necessitate,
1116 2266 1160 2324 Dc
1171 2267 1314 2326 matrimo.

111 2367 172 2424 cap.
190 2349 236 2408 19.

413 2423 486 2484 XV.
509 2423 672 2484 Ortbodoxi
691 2432 792 2484 contre
812 2431 943 2484 statuunt
961 2444 1019 2483 nou
1033 2433 1145 2484 tantum
1159 2425 1196 2484 de
1209 2426 1315 2487 hones·

143 2493 228 2538 sutus
240 2489 321 2542 ΟΜ·
371 2511 440 2579 tate,
456 2505 508 2564 sed
522 2505 609 2570 etiam
623 2503 659 2564 de
673 2505 844 2565 necessitate
856 2524 919 2564 esse
933 2524 1105 2564 eonsensum
1118 2515 1270 2583 parentum
1284 2507 1315 2566 in

189 2549 271 2596 Μ·
371 2583 482 2662 „uptiis
495 2583 660 2660 liberorum,
676 2593 709 2643 ut
722 2585 831 2662 absque
845 2603 880 2644 eo
893 2584 953 2643 non
966 2584 1025 2644 sint
1044 2585 1182 2662 legitimae
1196 2587 1313 2664 nupfifflr

108 2673 136 2724 et
154 2663 254 2724 dirimi
276 2683 393 2741 quoque
413 2663 534 2740 possint.
576 2662 627 2721 Ad
647 2663 821 2740 Quaestionis
844 2672 951 2723 statum
973 2664 1103 2739 observa,
1128 2669 1155 2723 1.
1176 2665 1235 2724 Hic
1256 2685 1315 2726 non

108 2746 205 2822 quaeri,
228 2743 281 2802 An
301 2743 397 2820 petria
416 2751 545 2820 potestas
566 2763 597 2803 se
618 2763 653 2802 co
677 2763 768 2821 usquc
791 2743 938 2818 extendet,
962 2752 994 2803 ut
1016 2744 1124 2802 invitos
1147 2744 1254 2804 liberos
1277 2746 1315 2804 ad

109 2825 323 2884 matrimonium
341 2842 447 2899 cogere
467 2823 588 2899 possint,
610 2831 640 2882 st
660 2823 722 2882 sine
743 2843 842 2882 eorum
856 2842 998 2882 consensu
1012 2823 1049 2882 de
1063 2824 1235 2900 conjugibus
1256 2825 1315 2884 illis

109 2903 278 2980 providerc;
293 2902 350 2962 hoc
364 2901 441 2962 enim
455 2903 590 2979 utrinque
603 2911 735 2979 negatur.
764 2907 792 2961 2.
803 2903 869 2962 Non
882 2902 972 2980 quaeri
987 2903 1023 2962 de
1033 2903 1206 2960 Parentibus
1219 2913 1315 2963 mente

110 2985 200 3061 captis
220 2992 253 3044 et
271 2982 397 3058 furiosis,
413 2981 462 3042 vel
482 2981 513 3040 in
533 2983 650 3059 regione
670 2983 758 3059 longe
773 2981 875 3042 dissita
889 2982 1020 3059 captivis,
1043 2983 1094 3059 qui
1115 3001 1172 3039 non
1193 2991 1316 3058 possunt

110 3081 285 3124 consensum
299 3061 385 3137 dare;
408 3060 459 3120 sed
474 3062 510 3121 de
524 3062 692 3138 parentibus
707 3061 784 3121 sanis
798 3069 828 3120 et
847 3060 955 3134 liberis,
974 3061 1025 3137 qui
1044 3069 1166 3138 possunt
1179 3061 1223 3120 uti
1242 3061 1314 3137 legi-

109 3143 182 3204 time
202 3161 256 3203 sus
273 3148 426 3218 potestate.
455 3143 482 3201 3.
506 3141 572 3201 Non
593 3142 682 3220 quaeri
703 3141 740 3202 de
751 3142 822 3220 filiis
841 3141 1030 3216 enmnapce's,
1053 3150 1079 3198 et
1100 3141 1315 3216 major-ennete,

109 3223 160 3300 qui
176 3241 193 3280 c
207 3229 347 3298 potestate
361 3229 482 3298 paterna
491 3221 554 3298 jam
568 3223 708 3297 exierunt,
724 3241 798 3299 quos
812 3221 857 3280 sui
867 3220 943 3299 jmis
954 3239 1017 3279 esse
1031 3240 1116 3278 nomo
1126 3219 1248 3296 dubitat,
1264 3221 1317 3280 sed

109 3302 256 3382 praecipue
269 3299 306 3360 de
319 3299 533 3376 miserentibus,
548 3301 598 3378 qui
619 3300 673 3362 snb
694 3301 787 3378 patria
807 3309 949 3378 potestate
963 3299 1057 3359 adhuc
1071 3300 1234 3360 omnimode
1249 3311 1317 3361 sunt

111 3377 269 3442 constituti.
298 3384 326 3439 4.
349 3381 416 3439 Νοιι
429 3381 528 3458 quari,
544 3379 594 3440 An
615 3380 737 3458 quilibet
757 3381 906 3440 dissensus
928 3381 1083 3440 Parentum
1105 3381 1198 3457 possit
1217 3383 1315 3440 matri·

112 3463 237 3522 monium
251 3459 393 3538 impedire
406 3459 456 3520 vel
469 3459 582 3520 irritum
595 3460 733 3536 reddere;
755 3461 877 3520 fatemur
891 3461 976 3535 enim,
991 3461 1042 3519 ubi
1057 3461 1195 3519 Parentes
1209 3463 1316 3520 morosi

113 3549 140 3600 et
152 3541 242 3617 avari,
258 3548 288 3600 et
308 3559 360 3618 per
373 3559 482 3600 meram
501 3539 688 3618 pertinaciam
702 3540 805 3600 nolunt
818 3540 980 3600 consentire
999 3539 1030 3597 in
1050 3540 1187 3598 honestes
1201 3541 1318 3618 nuptias

112 3619 275 3695 liberomm,
290 3639 346 3680 nec
360 3617 533 3680 sufficientes
547 3619 695 3680 dissensus
710 3620 755 3680 sui
769 3620 894 3680 rationes
907 3628 1029 3697 possunt
1039 3619 1158 3678 reddere
1172 3630 1238 3697 post
1249 3621 1316 3679 sub·

112 3701 227 3762 missam
241 3701 400 3760 liberorum
412 3699 589 3776 petitionem,
605 3719 664 3758 non
674 3699 805 3760 absolute
816 3699 958 3776 adstringi
972 3698 1009 3757 ad
1020 3717 1118 3758 eorum
1126 3700 1317 3777 voluntatem,

113 3779 163 3840 sed
180 3780 232 3858 jus
251 3779 312 3838 illis
326 3799 390 3840 esse
404 3779 590 3856 confugiendi
610 3778 648 3838 ad
665 3779 840 3856 superiorem
855 3780 1041 3854 Poteetetem,
1057 3779 1104 3837 cui
1122 3779 1265 3856 judicium
1279 3781 1317 3839 dc

113 3858 260 3920 ᾱίεκιιειιιι
278 3858 395 3937 justitia
408 3859 456 3918 vel
476 3859 619 3936 injustitie
633 3860 779 3936 competit,
793 3869 826 3919 ut
846 3879 877 3916 re
892 3878 1019 3936 expensa
1032 3858 1104 3935 quid
1120 3859 1158 3917 sit
1171 3859 1316 3935 agendum

111 3937 210 3998 liberis
224 3947 361 4012 statuant,
376 3937 491 4016 stipsis
507 3938 693 4016 prospiciant,
708 3939 868 4015 supplendo
882 3939 937 3996 hac
950 3937 981 3997 in
994 3947 1075 4015 parte
1090 3937 1233 3997 defectum
1248 3957 1316 3996 con·

110 4037 214 4078 senam
228 4019 405 4079 Parentum:
429 4017 489 4078 Sed
501 4018 533 4076 id
546 4018 727 4095 potissimum
741 4019 840 4094 quaeri,
865 4017 917 4076 An
930 4017 1006 4092 tiliis,
1021 4017 1121 4076 invitis
1138 4017 1316 4094 parentibus,

111 4099 159 4158 rel
180 4099 288 4174 insciis,
311 4098 398 4160 liceat
420 4098 633 4157 matrimonium
656 4099 833 4176 contrahere,
856 4117 915 4157 non
937 4097 1075 4175 requisito
1093 4097 1143 4157 vcl
1164 4105 1318 4176 expectato

109 4197 210 4238 eornm
223 4197 375 4238 consensu.
418 4176 504 4252 Quod
517 4197 665 4255 negamus.

110 4299 233 4343 ,mm
252 4299 353 4344 nseessi-
415 4257 507 4316 XVI.
530 4257 669 4318 Rationes
690 4265 758 4318 sunt
774 4259 800 4316 1.
816 4256 863 4316 Ειι
878 4257 1027 4335 Praecepto
1040 4255 1150 4334 quinto,
1169 4257 1205 4316 de
1226 4257 1316 4316 bono·

139 4361 178 4402 tas
225 4371 354 4403 censemus
374 4337 473 4396 randis
484 4336 672 4414 Parentibus;
687 4337 780 4395 honor
793 4337 869 4396 enim
884 4338 938 4397 iste
952 4337 1095 4416 precipue
1109 4338 1139 4396 in
1153 4335 1319 4396 obedientia

139 4415 274 4460 huntam
289 4413 352 4486 120¹
372 4417 433 4476 illis
446 4415 545 4476 debita
559 4416 699 4492 consistit,
714 4435 779 4493 ques
793 4437 859 4476 cum
873 4417 1020 4476 reddenda
1034 4419 1071 4476 sit
1085 4415 1182 4474 illisio
1193 4414 1318 4472 ememus

139 4471 403 4554 Ιιιςιι,1·ὶιιιιιιι.1.ἱη
423 4497 548 4556 Domino
568 4517 606 4556 ex
626 4497 793 4574 prescripto
815 4497 907 4573 Pauli,
931 4497 1006 4574 Eph.
1028 4497 1067 4555 vi.
1091 4499 1117 4568 l,
1139 4513 1197 4550 non
1221 4501 1318 4568 potest

109 4571 207 4652 excipi
229 4573 406 4654 conjugium,
428 4575 460 4634 in
480 4596 538 4653 quo
561 4583 674 4636 tanturn
698 4584 875 4638 momentum
899 4577 986 4636 situm
1010 4583 1055 4634 est
1078 4573 1115 4631 ad
1136 4571 1226 4629 totius
1247 4571 1316 4629 vites

109 4653 305 4714 conditionem
323 4665 354 4716 st
374 4655 520 4718 fortunam
534 4656 773 4733 constituendam,
795 4665 825 4719 ct
845 4655 932 4734 quod,
954 4667 987 4716 ut
1006 4673 1053 4714 res
1072 4651 1197 4712 maxime
1217 4649 1316 4726 ardus,
