3150 5206
116 360 236 410 curssr.
252 337 334 418 vua]
585 356 624 396 ns
639 357 765 400 amnena
780 359 912 402 sarrin.
1270 330 1329 406 20'7

122 521 217 579 usque
233 499 271 559 ad
289 496 444 572 Christum,
460 516 525 574 quse
540 496 700 557 doctrinam
721 502 822 578 gratiae
836 501 992 562 Veteribus
1007 502 1141 562 traditam
1156 504 1330 580 continebat,

124 603 191 660 quae
212 580 321 659 populo
343 577 466 636 salutem
487 586 516 635 et
529 578 620 636 vitam
640 581 835 658 promittebat,
857 583 952 659 palem
967 582 1084 659 quidem
1099 583 1153 642 sub
1167 584 1331 643 conditione

125 663 263 741 perfectae
291 657 464 718 obedientiae
489 657 569 739 Legi„
589 660 691 718 morali
714 662 893 739 praestandae,
923 671 952 720 et
975 662 1207 722 interminatione
1231 666 1332 724 mortis

125 738 400 818 transgressoribus,
415 757 474 797 uua
487 757 553 796 cum
564 758 649 797 onere
661 740 835 800 intolerabili
846 742 1088 818 ceremoniarum,
1104 751 1134 801 et
1143 744 1216 820 jugo
1231 745 1331 804 aretis·

127 823 209 882 simae
229 821 339 898 politiae
361 819 517 892 Mosaiese;
540 825 614 878 tecte
629 839 698 880 vero
720 821 774 880 sub
794 821 958 881 conditione
979 822 1156 899 paenitentia
1170 831 1200 882 et
1213 823 1280 881 fidei
1301 825 1332 882 in

127 901 268 961 Messinm
290 907 453 958 venturum.
496 897 560 972 Quo
573 909 706 977 respectu
725 900 763 960 V.
779 902 813 960 T.
835 902 890 960 tria
910 901 1091 980 potissimum
1114 903 1330 980 complectitur3

128 987 155 1042 l.
177 989 306 1040 veterem
328 977 495 1052 doctrinam,
518 998 582 1054 quae
606 980 712 1056 partim
732 988 793 1040 erat
813 981 925 1058 legalis,
947 983 1052 1060 partim
1074 983 1272 1060 Evangeliea3
1302 989 1332 1044 2.

127 1071 256 1121 veterem
272 1059 367 1119 cultus
382 1066 411 1117 et
424 1056 576 1116 ministerii
591 1059 789 1120 Ecclesiastici
809 1061 930 1119 formam
950 1062 1093 1139 servilem,
1115 1062 1288 1122 laboriosam
1303 1075 1333 1124 et

126 1141 312 1201 umbratilem
324 1161 332 1218 ;
355 1141 383 1198 3.
404 1146 533 1198 veterem
556 1139 665 1217 politiae
688 1149 815 1200 externae
837 1141 987 1219 rationem,
1010 1142 1062 1201 uni
1082 1143 1190 1221 populo
1211 1151 1240 1204 et
1267 1144 1331 1204 loeo

127 1222 286 1299 alligatam.

248 1354 253 1364 ,
433 1298 488 1357 IV.
509 1299 610 1358 Stricta
628 1319 698 1360 vero
719 1300 854 1379 designat
874 1301 984 1361 Foedus
1004 1320 1123 1381 operum
1148 1321 1199 1362 seu
1223 1304 1332 1382 Legem

202 1355 302 1400 sm·
392 1379 534 1437 Moralem
548 1400 599 1457 per
613 1381 726 1440 Mosam
741 1381 847 1458 datam,
863 1381 962 1441 addito
976 1402 1062 1444 onero
1077 1383 1235 1460 ὶβιπέιπςι
1246 1404 1331 1444 caere-

127 1460 289 1519 moniarum
303 1459 450 1536 legalium,
466 1460 584 1536 praecise
596 1469 625 1520 et
636 1461 783 1520 seorsima
798 1461 991 1521 Promissione
1006 1463 1116 1539 grutiae.
1145 1464 1229 1522 Prior
1242 1465 1331 1540 signi·

128 1541 231 1600 ticatus
246 1549 291 1600 est
304 1539 436 1617 proprius
451 1548 479 1597 et
492 1559 544 1617 per
558 1559 598 1615 se,
619 1541 643 1598 si
664 1561 768 1619 scopus
788 1550 817 1600 et
837 1542 959 1601 intentio
974 1542 1163 1619 Legislatoris
1178 1552 1331 1622 spectetur,

129 1621 198 1698 quia
218 1621 248 1678 in
269 1621 363 1698 prima
376 1619 426 1677 illa
439 1619 599 1678 aeconomia
612 1620 669 1678 tria
689 1621 745 1680 ista
759 1621 919 1698 conjunxit,
934 1631 1020 1681 vetus
1034 1621 1129 1680 foedus
1143 1642 1194 1682 seu
1207 1622 1331 1700 legalem

129 1701 375 1778 dispensationem
390 1698 495 1774 dando,
510 1719 568 1757 non
583 1699 620 1757 ad
634 1700 806 1759 abolendam
820 1701 1048 1777 promissionem,
1064 1701 1115 1760 sed
1136 1702 1173 1761 ad
1188 1701 1331 1761 deducen-

129 1780 198 1839 dum
213 1780 251 1839 ad
266 1781 422 1840 Christum.
465 1779 612 1838 Posterior
625 1788 670 1839 est
684 1781 862 1840 accessorius
876 1789 905 1838 et
919 1780 1113 1856 accidentalis,
1129 1790 1215 1840 natus
1229 1801 1267 1840 ex
1288 1783 1331 1860 ig-

127 1861 278 1930 noratione
293 1860 358 1918 finis
369 1859 439 1934 veri,
455 1866 485 1917 et
497 1858 613 1917 fictione
627 1859 702 1918 falsi.
737 1860 833 1920 Verus
847 1859 913 1918 finis
927 1860 982 1919 fuit
996 1860 1127 1918 Christus
1141 1861 1332 1938 adjustitiam

129 1942 208 2000 omni
230 1940 366 2016 credenti,
383 1939 467 1998 Rom.
484 1959 513 1998 x.
528 1941 556 2014 4,
573 1939 625 1998 sed
645 1940 722 1998 hunc
736 1939 822 1998 linem
836 1959 895 1997 non
909 1941 1057 2016 assequuti
1071 1949 1139 2000 sunt
1153 1940 1251 2000 Judaei
1267 1943 1332 2018 jus-

126 2021 237 2097 titiarii,
260 2021 329 2098 quia
349 2017 560 2079 subvolamina
581 2019 801 2096 proponebatur,
817 2024 835 2078 2
852 2019 917 2078 Cor.
932 2020 972 2077 iii.
990 2023 1036 2094 14,
1052 2019 1091 2078 id.
1106 2021 1161 2078 sub
1182 2020 1332 2080 involucro

129 2111 274 2178 typorum,
287 2111 317 2159 et
326 2099 492 2176 figurarum,
508 2098 576 2174 quia
590 2099 742 2175 promissio
756 2099 857 2176 gratie
871 2108 988 2177 propter
999 2099 1144 2158 Christum
1155 2100 1334 2160 vestiebatur

128 2181 234 2239 ritibus
250 2180 417 2257 Legalibus.
461 2177 546 2238 Unde
566 2177 653 2236 finem
673 2179 779 2238 falsum
793 2179 948 2238 commenti
962 2188 1037 2252 sunt,
1053 2179 1208 2239 statuendo
1223 2180 1333 2258 Legem

127 2259 227 2337 latam,
242 2268 276 2319 ut
289 2280 341 2337 per
354 2259 417 2335 ejus
431 2257 661 2316 observationem
673 2258 901 2336 justificarentur
912 2279 1007 2317 eoram
1020 2259 1083 2318 Deo
1094 2268 1123 2318 et
1134 2259 1208 2318 salvi
1221 2260 1332 2336 fierent,

130 2339 216 2398 Rom.
231 2361 262 2398 x.
277 2343 305 2416 3,
321 2342 348 2414 4,
364 2342 508 2414 5,·contra
521 2357 607 2414 quem
621 2357 746 2398 errorem
766 2339 874 2416 passim
895 2339 1024 2416 disputat
1038 2337 1207 2417 Apostolus,
1224 2361 1262 2398 ex
1282 2341 1334 2400 illa

128 2420 285 2498 hypothesi
300 2420 409 2500 Legem
423 2417 521 2476 stricte
536 2417 675 2476 sumendo
690 2427 719 2477 et
734 2418 923 2478 Promissioni
937 2419 1117 2496 opponenda.

129 2531 374 2662 tetstatur}
394 2497 615 2654 ...lqtltllt
627 2499 839 2655 iiiiii?
849 2498 1079 2656 dilligliii
1100 2508 1252 2656 tltttt’.
1268 2499 1333 2640 dl

160 2655 255 2696 strretc.
392 2657 591 2735 peecatoribus
605 2656 685 2732 inito,
701 2658 780 2735 quod
796 2659 890 2717 locum
905 2658 1007 2717 babuit
1022 2658 1075 2717 sub
1090 2659 1128 2716 V.
1144 2658 1177 2716 Τ.
1193 2667 1251 2716 tam
1267 2669 1332 2718 ante

129 2737 277 2796 Christum
291 2736 461 2813 exhibitum,
477 2741 564 2814 quam
579 2736 632 2794 sub
655 2737 739 2796 Novo
760 2745 826 2814 post
843 2757 908 2795 eum
927 2737 987 2815 jam
1009 2737 1242 2814 manifestatum
1275 2739 1333 2797 Vel

128 2818 231 2892 stricte,
250 2837 302 2894 pro
317 2817 423 2876 soedere
445 2815 545 2894 gratiae
565 2825 632 2894 post
652 2817 912 2876 manifestationem
928 2817 1036 2876 Christi
1056 2817 1185 2876 incarne
1206 2819 1333 2896 promul·

128 2905 208 2974 gato,
224 2896 302 2974 quod
317 2895 453 2956 adfinem
468 2896 559 2956 seculi
573 2896 675 2954 durare
690 2897 784 2956 debet.

173 2976 230 3035 VI.
252 2977 308 3051 Qui
323 2997 360 3034 ex
374 2977 489 3052 nostris,
504 2985 537 3035 ut
550 2979 691 3050 Rollocus,
707 2979 846 3052 Prscator,
861 2977 1023 3050 Trelcatius,
1037 2984 1065 3034 et
1080 2976 1138 3050 alii,
1154 2976 1211 3034 duo
1226 2975 1335 3036 federa

130 3055 242 3116 faciunt
263 3057 426 3116 substantia
449 3057 571 3130 diversa,
596 3055 694 3114 stricte
715 3057 860 3135 accipiunt
882 3065 966 3114 vetus
989 3055 1091 3130 fredus,
1114 3056 1334 3132 promissionem

129 3137 232 3214 gratiae
253 3156 311 3194 non
332 3135 419 3195 modo
433 3135 592 3213 separando
613 3136 650 3194 ab
671 3156 714 3210 eo,
738 3137 789 3194 sed
810 3135 896 3194 etiam
917 3135 944 3193 ei
964 3135 1143 3212 opponendo,
1167 3155 1225 3211 quc
1248 3155 1335 3195 sensu

130 3215 242 3274 Paulus
256 3215 373 3275 videtur
386 3215 459 3274 illud
480 3236 591 3274 sumere
606 3235 663 3274 non
685 3215 782 3290 semel,
805 3224 846 3290 ut,
868 3219 885 3273 2
902 3215 966 3273 Cor.
981 3214 1031 3288 iii,
1048 3213 1113 3274 Gal.
1129 3215 1177 3288 iv,
1193 3223 1226 3274 ut
1240 3214 1334 3274 fredus

129 3303 217 3356 vetus
238 3296 276 3354 sit
296 3295 390 3354 foedus
405 3295 539 3374 Operum,
562 3315 670 3354 novum
684 3315 754 3353 vero
775 3295 869 3352 foedus
884 3293 1094 3370 Evangelicum
1109 3303 1138 3354 et
1158 3293 1235 3353 fidei.
1278 3295 1335 3368 Qui

128 3394 304 3434 verounum
325 3375 418 3434 solum
440 3383 578 3450 statuunt,
600 3383 633 3434 ut
649 3375 790 3448 Calvinus,
806 3377 931 3451 Martpr,
952 3375 1078 3448 Ursinus,
1101 3383 1218 3434 sumunt
1232 3395 1335 3436 vocem

119 3456 242 3529 sardonia
261 3455 357 3530 latius,
380 3463 414 3514 ut
434 3455 533 3532 gratiae
554 3474 669 3531 quoque
690 3455 917 3530 promissionem,
939 3453 1008 3512 licet
1027 3455 1176 3514 obscurius
1191 3455 1333 3532 complec-

127 3536 216 3610 titur;
247 3536 287 3594 Et
307 3535 376 3612 quia
397 3533 548 3612 promissio
572 3535 622 3592 illa
644 3534 837 3594 diversimode
861 3534 1027 3611 dispensate
1048 3533 1103 3593 fuit
1125 3543 1192 3592 ante
1215 3543 1244 3594 et
1267 3545 1334 3612 post

129 3615 286 3690 Christum,
302 3615 486 3691 distinguunt
505 3613 536 3671 in
550 3613 616 3688 duc,
632 3622 717 3672 vetus
734 3622 764 3673 et
784 3634 901 3689 novum,
917 3613 1118 3672 distributione
1140 3634 1198 3672 non
1219 3615 1334 3690 generis

127 3696 159 3752 in
181 3696 301 3773 species,
323 3704 357 3753 ut
375 3695 492 3772 priores,
516 3692 568 3752 sed
589 3693 711 3770 subjecti
733 3693 891 3753 seeundum
912 3694 1080 3769 accidentia,
1103 3695 1181 3770 quod
1203 3695 1253 3752 alii
1275 3715 1333 3752 non

127 3787 254 3852 negant3
278 3784 311 3834 ut
324 3773 472 3832 dissensus
493 3774 531 3832 sit
550 3781 662 3833 tantum
683 3774 713 3830 in
732 3773 847 3833 diversa
866 3774 1052 3832 terminorum
1071 3774 1265 3852 usurpatione,
1282 3774 1334 3832 sed

127 3875 187 3914 non
202 3855 232 3913 in
247 3875 278 3913 re
293 3855 364 3931 ipsa,
380 3863 413 3913 ut
427 3854 563 3912 observat
578 3853 669 3911 Calvi.
684 3853 723 3911 lo.
738 3853 768 3914 ii.
784 3854 857 3911 Inst.
873 3875 897 3911 c.
914 3857 941 3927 7,
958 3874 980 3911 s.
996 3858 1024 3912 2.

235 3977 241 3990 .
432 3933 506 3991 VII.
529 3933 687 3992 Lutherani
700 3933 731 3990 in
746 3931 920 4010 assignando
932 3933 969 3992 V.
982 3943 1011 3993 et
1022 3933 1058 3991 N.
1074 3933 1152 3991 Test.
1168 3932 1333 3990 discrimina

128 3975 273 4080 &didm
279 3975 372 4079 iffi?
393 4034 410 4070 a
425 4013 539 4071 Nostris
553 4013 640 4070 etiam
654 4012 803 4088 dissident,
820 4023 849 4072 et
862 4022 940 4072 mota
955 4013 991 4072 ab
1006 4011 1077 4090 ipsis
1088 4011 1163 4069 circa
1177 4010 1232 4068 boc
1246 4021 1333 4087 caput

155 4091 330 4197 ffigflrirsl'ffll
340 4091 372 4136 Ν·
393 4092 521 4167 Quaestio
535 4093 685 4186 occasione
700 4093 910 4152 Controversia
927 4091 1169 4228 Sacradrinentariae,
1185 4089 1253 4226 dlpm
1268 4110 1332 4182 per-

126 4255 179 4314 sed
193 4253 282 4314 etiam
294 4273 311 4310 a
322 4253 361 4311 V.
377 4171 1001 4330 bldtldbldbltpiblidubllbxfcldldirbrbhiisbidhldm
1017 4179 1138 4326 &hildebl
1155 4177 1333 4308 ddadihiddl

126 4335 259 4410 Nostros,
270 4332 350 4409 quod
360 4333 391 4390 in
402 4331 575 4390 declaranda
583 4332 651 4390 Vet.
662 4332 793 4390 Foederis
802 4341 905 4391 natura
914 4330 1042 4390 errarint.
1077 4329 1292 4386 Broclamannus
1301 4329 1332 4386 iu

128 4417 256 4492 System.
281 4411 359 4470 Loco
380 4411 416 4470 de
431 4411 470 4471 V.
485 4421 515 4471 et
530 4411 565 4470 N.
581 4411 659 4471 Test.
676 4431 700 4471 e.
716 4411 745 4470 ii.
760 4433 788 4488 q.
804 4415 831 4487 4,
856 4413 874 4445 “
884 4411 951 4471 Uno
975 4409 1052 4483 ore,''
1078 4407 1180 4482 inquit,
1198 4409 1215 4438 “
1227 4405 1332 4466 docent

126 4493 272 4570 Theologi
286 4491 446 4551 Lutherani
456 4491 572 4551 nomine
583 4491 699 4551 Veteris
710 4491 887 4551 Testamenti
901 4487 1014 4567 proprie
1026 4495 1055 4545 et
1065 4486 1163 4564 phrasi
1176 4486 1331 4562 Scripturas

126 4573 287 4652 significari
301 4572 395 4630 foedus
410 4571 488 4631 istud
503 4572 621 4650 Logalc,
637 4571 716 4650 quod
734 4571 814 4630 Deus
828 4591 892 4630 curn
909 4567 1049 4628 Israelitis
1069 4565 1154 4625 inivit
1170 4564 1334 4624 Ministerio

127 4653 253 4714 hlosis.’'
296 4651 391 4712 Addit
406 4651 532 4711 secundo
547 4661 576 4710 et
589 4651 644 4712 hoe
659 4651 749 4730 quaeri
762 4652 838 4710 inter
851 4669 912 4724 nos,
930 4652 948 4682 “
958 4648 1007 4707 An
1021 4645 1116 4704 foedus
1129 4645 1204 4708 illud
1224 4645 1332 4724 gratui—
