3202 5194
223 359 339 409 ΜΠ·
354 340 454 424 nst]
749 363 789 403 os
804 364 880 405 neos
895 361 955 404 ont.
1377 345 1433 401 147

224 509 272 560 tur
287 502 367 579 Lege
381 502 491 579 morali,
507 523 566 563 non
579 512 624 564 est
637 503 785 582 abrogata,
801 505 854 565 sed
867 505 963 582 quood
978 503 1122 583 specialia,
1134 521 1199 580 quae
1215 501 1318 580 Remp.
1330 502 1351 562 J
1353 501 1431 562 udes-

223 601 306 641 orum
322 601 336 640 s
374 583 500 642 otohant,

266 603 373 721 VHpe
380 663 443 722 Lex
457 664 579 724 forensis
594 665 799 742 consideratur,
815 665 863 724 vel
868 665 1043 741 formaliter,
1056 685 1113 745 qun
1125 665 1186 724 lete
1199 664 1255 724 fuit
1265 663 1286 722 J
1288 661 1387 738 odeis,
1400 670 1430 722 et

226 741 269 802 sio
283 741 423 820 ebrogets
437 754 489 821 est,
502 746 549 804 vel
567 746 760 822 materialiter,
775 755 918 823 quotenus
932 746 1068 807 convenit
1083 766 1148 806 oum
1160 745 1240 823 Lege
1254 743 1387 818 naturali,
1400 751 1429 802 et

224 823 255 880 in
270 843 304 882 ee
317 822 472 902 fundatur3
496 825 535 884 Et
549 826 591 885 sie
605 825 699 885 adhue
713 835 818 886 menet.

265 903 325 962 IX.
347 903 487 978 Quamvis
502 905 597 984 Leges
611 926 628 963 e
644 906 706 964 Deo
721 907 839 965 sancite
854 906 911 966 sint
925 907 1041 985 optimos
1055 913 1085 966 et
1098 904 1318 985 sapientissimae
1332 901 1428 981 quoad

224 991 331 1042 statum
345 984 445 1062 populi
459 986 556 1060 illius;
579 986 646 1044 Non
667 987 796 1064 sequitur
809 987 875 1046 ideo
889 995 1042 1064 perpetuas
1057 1007 1120 1046 esse
1135 985 1248 1060 debere,
1264 983 1333 1062 quio
1347 984 1427 1076 Dens

223 1083 261 1122 ex
271 1064 338 1140 jure
352 1065 478 1142 positivo
493 1074 522 1124 et
534 1065 626 1124 libero
641 1075 720 1127 certo
734 1075 861 1145 tempore
873 1067 941 1126 dare
952 1067 1018 1126 illes
1032 1069 1134 1145 potuit,
1147 1076 1178 1126 et
1188 1065 1274 1124 certis
1284 1064 1321 1124 de
1332 1081 1427 1122 onusls

223 1143 311 1202 slieui
324 1145 413 1221 genti,
424 1145 503 1223 qnod
517 1165 575 1204 non
589 1145 700 1205 valeret
712 1156 845 1225 respectu
859 1147 980 1206 aliarum
992 1169 999 1226 ς
1021 1147 1100 1226 quod
1113 1148 1222 1206 honum
1235 1153 1280 1205 est
1293 1143 1352 1219 uni,
1367 1161 1427 1201 non

224 1224 322 1283 stetim
336 1224 428 1284 alteri.

264 1304 306 1362 X.
330 1304 414 1379 Quod
427 1305 524 1383 potius
538 1314 582 1365 est
601 1306 666 1365 aliis
686 1306 764 1365 omni
778 1306 873 1380 modo,
895 1315 924 1366 et
937 1306 968 1365 in
986 1306 1132 1366 abstracto
1146 1314 1175 1366 et
1188 1306 1219 1364 in
1238 1311 1381 1376 senoreto,
1398 1310 1427 1362 et

222 1383 253 1441 in
267 1385 342 1443 thesi
357 1393 386 1444 et
399 1385 430 1443 in
443 1385 607 1464 hypothesi,
628 1386 693 1445 eliis
712 1386 921 1464 praet'erendum
940 1397 1003 1463 est3
1029 1386 1087 1446 Sed
1107 1387 1171 1446 Lex
1190 1384 1312 1445 forensis
1331 1383 1427 1460 potior

223 1473 268 1523 est
281 1465 347 1523 eliis
362 1465 499 1543 Legibus,
515 1486 573 1526 non
591 1467 622 1525 in
636 1467 720 1544 thesi,
741 1467 793 1526 sed
811 1467 842 1526 in
861 1467 1023 1544 hypothesi,
1039 1467 1108 1544 quie
1122 1465 1311 1525 determinate
1324 1472 1369 1522 est
1389 1461 1427 1520 ed

221 1553 317 1605 sertas
330 1546 569 1621 circumstantias,
585 1567 650 1624 quse
667 1547 730 1624 jam
746 1567 805 1606 non
819 1547 959 1607 obtinent.
1002 1547 1116 1606 Deinde
1130 1546 1225 1624 potior
1238 1553 1283 1603 est
1298 1542 1426 1620 Legibus

222 1625 365 1702 humanis,
381 1645 439 1703 que
458 1627 592 1686 humanis
613 1627 789 1704 simpliciter,
812 1627 940 1686 sednon
959 1635 1102 1703 quatenus
1121 1625 1278 1684 fundentur
1297 1623 1327 1680 in
1346 1623 1424 1698 Lego

222 1706 355 1781 naturali,
363 1727 429 1783 quoe
438 1715 482 1768 est
491 1727 508 1765 a
518 1708 590 1766 Deo.
633 1707 728 1780 Quum
739 1727 809 1784 ergo
821 1707 916 1784 Leges
929 1706 1067 1765 Romanos
1075 1705 1265 1783 preferuntur
1274 1702 1423 1777 Moesicis,

221 1803 281 1844 non
295 1786 485 1862 preferuntur
498 1807 556 1866 que
569 1787 606 1846 eb
619 1787 785 1846 hominihus
798 1787 865 1845 lntae
880 1786 1055 1863 simpliciter,
1071 1785 1123 1845 sed
1136 1803 1194 1862 qun
1208 1804 1245 1842 ex
1261 1784 1326 1875 jure
1341 1790 1423 1841 natu-

221 1865 278 1923 rali
290 1873 320 1924 et
333 1869 478 1928 communi
496 1869 595 1947 petite
614 1867 863 1928 convenientiores
881 1873 1002 1944 possunt
1014 1885 1078 1926 esse
1092 1865 1174 1943 loeis,
1194 1863 1379 1942 temponbus,
1395 1868 1425 1921 et

220 1965 362 2024 persoms.
