3186 5210
227 354 287 414 482
634 369 729 410 rocus
744 365 877 407 nacruus
892 365 1034 410 sumnus.
1255 351 1382 424 [sitast.
1397 365 1442 406 vr.

230 518 347 568 tantum
369 529 455 585 posse
476 509 617 580 resistere,
639 510 689 566 sed
711 526 769 564 non
790 524 874 581 posse
888 523 948 562 non
969 503 1110 561 resistcre.
1152 503 1210 561 Sed
1232 505 1380 578 quaeritur
1394 505 1441 563 De

230 590 390 646 resistentia
416 588 498 645 totali
512 600 539 644 ct
553 592 697 663 armpfetn,
710 605 761 642 seu
776 587 813 641 de
833 583 998 641 resistentia
1008 602 1144 651 saccata,
1166 582 1218 638 An
1229 582 1340 640 scilicet
1350 585 1443 641 homo

230 677 354 724 eatenus
369 667 501 723 resistere
516 668 617 740 possit,
631 667 678 722 vel
693 672 761 722 actu
776 663 901 732 resistat,
916 668 951 717 ut
964 661 1091 734 gratiam
1105 659 1204 718 vincat
1214 668 1244 716 et
1262 669 1391 734 superet,
1413 671 1445 720 et

230 748 370 802 voluntas
385 751 505 802 maneat
518 763 634 819 semper
644 745 674 799 in
687 741 830 815 ancipiti?
852 741 942 808 Quod
957 747 1092 796 asservent
1108 739 1287 808 Adversarii,
1301 738 1370 795 Nos
1389 758 1443 796 ne·

251 841 346 881 amus.

230 843 250 898 g
271 901 309 958 V.
332 902 358 958 3.
381 901 412 958 N
415 921 453 958 on
475 900 620 976 quaeritur
642 899 687 956 De
705 898 812 957 Gratia
825 906 940 954 caterno
955 908 982 952 ct
1000 895 1145 970 objectiva,
1161 895 1212 951 An
1234 896 1325 952 homo
1347 895 1444 968 possit

232 980 366 1036 resistere
382 979 494 1048 Verbo,
506 984 536 1034 et
558 977 624 1034 aliis
643 977 749 1033 mediis
765 976 894 1032 externis
908 993 926 1032 a
941 975 1054 1048 Spiritu
1078 975 1117 1030 ad
1138 973 1203 1046 ejus
1217 972 1443 1030 conversionem

232 1057 379 1114 adhibitis.
422 1057 521 1114 Nemo
536 1055 614 1111 enim
637 1061 727 1128 negat
746 1055 783 1110 iis
804 1055 848 1111 ita
861 1055 899 1110 ab
920 1053 1042 1110 hanniae
1066 1051 1161 1108 resisti
1185 1069 1280 1125 posse,
1305 1058 1340 1108 ut
1362 1071 1443 1125 saepe

231 1143 373 1193 maneant
386 1135 504 1191 inutilia
517 1141 547 1190 et
561 1134 728 1190 inefficacia.
770 1132 829 1189 Sed
844 1132 989 1206 quaeritur
1003 1133 1040 1188 de
1051 1131 1151 1205 pratia
1161 1129 1276 1186 interna
1295 1140 1322 1186 ct
1334 1131 1444 1204 subjec-

232 1214 300 1283 tiva,
317 1213 367 1270 An
383 1213 447 1270 Deo
462 1231 527 1269 eam
542 1212 580 1268 ad
595 1211 816 1268 conversionem
830 1211 999 1278 adhibente,
1011 1211 1102 1265 homo
1112 1209 1155 1265 ita
1165 1207 1209 1264 illi
1221 1209 1361 1264 reluctari
1372 1227 1442 1283 pos-

233 1293 278 1361 sit,
295 1297 329 1348 ut
342 1298 466 1347 eventus
480 1309 570 1364 quem
585 1288 667 1345 Deus
681 1288 810 1345 intendit
824 1306 884 1345 non
896 1290 1062 1360 sequatur?

275 1368 334 1427 VI.
356 1369 384 1427 4.
405 1367 437 1425 N
439 1387 477 1424 on
493 1368 649 1442 quaeritur,
665 1367 715 1424 An
727 1366 824 1440 gratia
838 1366 876 1422 sit
890 1365 1053 1421 resistibilis
1064 1371 1198 1439 respectu
1212 1364 1382 1421 intellectus
1393 1365 1444 1421 vel

232 1449 394 1504 affectuum
409 1468 416 1516 ;
439 1447 586 1504 Fateatur
600 1445 677 1501 enim
694 1444 865 1501 Arminiani
886 1443 1072 1499 intellectum
1091 1443 1221 1500 hominis
1241 1442 1388 1498 illustrari
1403 1442 1448 1498 ir-

233 1526 438 1595 resistibiliter,
453 1533 482 1582 et
496 1526 561 1598 ejus
575 1523 699 1580 affectus
713 1521 933 1578 irresistibiliter
946 1520 1076 1590 excitari,
1091 1528 1121 1578 et
1134 1523 1239 1594 gratias
1253 1538 1339 1577 sensu
1356 1521 1443 1577 affici.

235 1605 293 1662 Sed
308 1605 408 1678 agitur
421 1605 458 1660 de
473 1604 537 1660 sola
550 1604 716 1672 voluntate,
732 1618 823 1674 quam
837 1600 1019 1673 pertendunt
1038 1599 1234 1656 resistibilitcr
1247 1615 1363 1672 semper
1377 1617 1443 1656 mo-

233 1683 306 1752 veri,
322 1689 357 1739 ut
370 1699 505 1738 assensus
519 1680 584 1752 ejus
598 1687 718 1736 maneat
739 1695 853 1752 semper
873 1677 967 1734 liber:
989 1677 1062 1733 Dari
1084 1677 1206 1750 quidem
1220 1675 1445 1733 irresistibilitcr

234 1761 312 1817 vires
326 1760 464 1816 credendi
479 1765 509 1815 et
523 1776 553 1814 se
567 1758 771 1825 convertendi,
785 1757 836 1812 sed
850 1754 1061 1828 aetum'ipsum
1076 1755 1215 1812 credendi
1230 1763 1304 1812 etse
1319 1771 1444 1810 conver-

233 1839 316 1895 tendi
330 1856 415 1912 posse
435 1836 499 1893 ficri
512 1836 560 1891 vel
581 1835 718 1908 impediri
739 1835 775 1890 ab
796 1835 930 1890 humana
943 1834 1108 1901 voluntate,
1123 1832 1195 1906 quia
1208 1833 1316 1888 volunt
1336 1831 1381 1887 illi
1396 1833 1443 1889 in-

233 1934 295 1973 esse
306 1917 492 1972 essentialem
505 1919 635 1986 stirpata»
647 1915 685 1970 ad
694 1911 822 1986 gratiam
833 1911 1051 1967 admittendam
1060 1911 1109 1965 vel
1117 1912 1323 1984 respuendam.
1348 1909 1442 1976 Quod

233 2002 269 2050 nt
282 1993 472 2051 falsissimum
488 2009 549 2048 esse
564 2009 619 2048 suo
640 1992 706 2048 loco
728 1991 964 2046 demonstratum
977 2009 984 2057 ;
1008 1986 1058 2044 Ita
1077 1987 1265 2044 resistibilem
1279 1989 1337 2044 hoc
1351 2006 1442 2046 sensu

234 2073 364 2146 gratiam
378 2071 524 2127 efficacem
539 2087 601 2125 esse
615 2085 822 2142 pernegamus.

275 2148 354 2206 VII.
378 2147 512 2215 Quaestio
527 2165 599 2219 ergo
612 2165 647 2203 co
665 2146 752 2214 redit,
767 2145 817 2202 An
829 2146 938 2201 modus
954 2143 1134 2218 operationis
1147 2143 1251 2218 gratiae
1265 2144 1389 2201 efficacis
1405 2146 1447 2202 sit

234 2245 349 2299 semper
369 2225 555 2282 resistibilist
589 2225 627 2280 Id
648 2231 701 2294 cst,
721 2223 771 2280 An
796 2223 901 2297 positis
921 2223 1059 2279 omnibus
1079 2222 1304 2295 operationibus
1323 2223 1440 2296 gratiss,

234 2304 342 2377 quibus
357 2305 395 2360 ad
410 2302 631 2358 conversionem
645 2302 676 2358 in
688 2301 773 2358 nobis
787 2302 970 2358 efficiendam
985 2299 1068 2357 Deus
1079 2300 1184 2370 utitur,
1199 2307 1320 2358 maneat
1333 2309 1438 2358 tarum

233 2382 300 2454 ipsa
313 2379 465 2436 conversio
479 2379 522 2434 ita
536 2379 567 2433 in
581 2386 727 2452 potestate
748 2379 886 2450 hominis,
901 2386 936 2436 ut
955 2378 1049 2452 possit
1063 2377 1175 2435 obicem
1189 2396 1299 2452 ponere
1313 2380 1362 2435 vel
1375 2397 1438 2436 non

234 2475 353 2532 ponere,
368 2456 408 2512 id.
434 2474 500 2511 eam
524 2455 652 2528 recipere
666 2458 714 2511 vel
737 2456 865 2528 rejicere,
881 2464 971 2529 atque
991 2457 1035 2513 ita
1058 2473 1089 2512 se
1112 2462 1291 2526 convertere,
1306 2458 1354 2513 vel
1378 2475 1440 2513 non

234 2536 425 2593 converteret
446 2533 537 2599 Quod
551 2534 660 2589 volunt
675 2533 859 2604 Adversarii,
871 2534 937 2591 Nos
951 2552 1021 2591 vero
1036 2551 1196 2606 negamus;
1213 2533 1280 2590 Into
1292 2535 1445 2608 pertendi·

234 2632 302 2672 mus
314 2613 440 2687 gratiam
456 2611 602 2668 efficacem
615 2610 658 2666 ita
671 2611 702 2666 in
716 2610 837 2668 homine
852 2611 977 2685 operari,
993 2619 1027 2668 ut
1045 2612 1115 2668 lieet
1134 2629 1194 2668 non
1209 2612 1303 2685 possit
1316 2629 1378 2670 non
1396 2631 1444 2670 re-

234 2692 335 2749 sistere
349 2691 387 2748 ab
401 2690 495 2758 initio,
506 2707 662 2763 nunquam
673 2696 774 2745 tamen
783 2696 906 2746 eatenus
917 2690 1041 2760 resistat,
1050 2698 1085 2746 ut
1095 2707 1162 2746 eam
1171 2690 1300 2747 finaliter
1308 2699 1440 2764 superet,

234 2778 264 2828 ct
278 2789 353 2845 opus
367 2767 567 2827 conversionis
581 2767 731 2841 impediat.
816 2835 817 2839 Ἰ

233 2889 326 2932 Gratia
358 2861 472 2931 inssisti·
533 2845 632 2903 VIII.
655 2845 797 2903 Rationes
812 2853 896 2904 sunt:
915 2846 942 2902 1.
956 2846 985 2902 A
1005 2857 1094 2921 parte
1115 2848 1243 2904 domina.
1260 2847 1340 2914 Quia
1352 2849 1442 2906 totali

264 2947 346 2991 aaut„
386 2947 472 3002 prosa·
492 2931 522 2980 et
535 2924 646 2981 invicta
659 2924 777 2981 laborat
790 2925 828 2981 ad
841 2924 952 2980 bonum
963 2923 1148 2998 impotentia,
1158 2935 1193 2983 ut
1202 2924 1268 2982 fuse
1278 2926 1443 3000 probatum

264 3004 390 3076 wilri
403 3009 471 3062 parts
492 3010 536 3059 cst
564 3003 634 3060 Loc.
651 3001 689 3058 X.
707 3003 765 3069 Qu.
781 3001 819 3059 iv.
845 3020 913 3076 quas
937 3003 1027 3060 modo
1047 3022 1100 3077 per
1120 3012 1255 3074 mortem,
1276 3005 1367 3060 modo
1388 3025 1444 3079 per

263 3063 384 3114 horama,
493 3081 663 3151 caecitatem,
679 3083 769 3137 modo
783 3098 836 3154 per
855 3099 906 3138 cor
925 3080 1089 3155 lapideum,
1105 3088 1134 3139 ct
1149 3083 1259 3140 similes
1272 3081 1443 3140 locutiones

234 3160 419 3234 exprimitur,
431 3177 508 3233 quse,
523 3166 558 3216 ut
568 3160 633 3217 sola
646 3159 783 3216 suasione
797 3159 903 3215 morali
917 3159 1083 3232 expugnari
1103 3179 1163 3217 non
1177 3167 1282 3234 potest,
1296 3178 1364 3233 qua
1388 3161 1444 3218 oh-

230 3238 339 3315 jective
363 3244 482 3295 tantum
503 3237 574 3310 agit,
589 3239 641 3294 sed
655 3238 717 3293 vim
738 3236 972 3311 omnipotentem
985 3237 1118 3310 requirit,
1140 3258 1207 3312 ques
1222 3239 1354 3295 effectiva
1369 3258 1442 3313 ope-

234 3324 317 3374 retur
330 3316 354 3372 si
368 3333 428 3371 non
442 3315 572 3388 physica,
587 3322 619 3372 at
632 3314 898 3388 supernaturaliter
922 3322 953 3372 ct
965 3314 1074 3385 divine,
1098 3317 1236 3374 Itanihil
1250 3317 1393 3390 supponit
1407 3318 1440 3374 in

232 3392 363 3462 homine,
378 3410 438 3465 quo
453 3393 581 3465 recipere
603 3392 729 3465 gratiam
752 3393 854 3466 possit,
869 3400 899 3450 et
922 3411 959 3449 ex
983 3393 1133 3451 resistibili
1157 3397 1302 3453 efficacem
1323 3396 1440 3453 reddat.

235 3471 383 3537 Quaenam
397 3469 477 3526 enim
490 3469 644 3542 dispositio
657 3468 689 3524 in
703 3477 824 3526 mortuo
838 3471 877 3528 ad
891 3471 1063 3540 vivendum,
1075 3472 1106 3528 in
1121 3492 1197 3530 caeco
1212 3475 1250 3530 ad
1265 3472 1441 3542 videndum,

234 3549 266 3606 in
280 3546 380 3620 lapide
394 3547 433 3600 ad
457 3546 645 3602 sentiendum
670 3547 735 3602 dari
758 3551 878 3620 potest?
920 3547 960 3604 Et
974 3553 1009 3604 ut
1027 3551 1065 3606 ad
1088 3567 1228 3608 sensuum
1252 3550 1441 3624 operationes

235 3625 357 3700 quaudo
371 3629 516 3696 corruptae
531 3630 612 3693 sunt,
626 3641 687 3679 non
708 3625 815 3682 sufficit
829 3626 938 3698 objecti
951 3627 1123 3700 propositio,
1138 3631 1188 3686 sed
1209 3627 1373 3702 requiritur
1386 3645 1442 3686 an-

234 3702 401 3760 tecedenter
422 3699 572 3757 facultatis
585 3699 677 3773 ipsius
692 3701 803 3760 vitiatas
817 3703 941 3773 mantio,
954 3710 990 3759 ut
1001 3704 1150 3778 objectum
1162 3706 1216 3764 rite
1228 3706 1442 3780 apprehendat,

233 3788 263 3840 et
277 3787 376 3838 actum
388 3777 593 3846 suumeliciat,
605 3784 739 3851 utsupra
751 3781 809 3848 Qu.
829 3780 868 3836 iv.
888 3788 1050 3850 ostensum,
1073 3782 1123 3840 Ita
1133 3785 1163 3841 in
1172 3783 1368 3842 facultatibus
1376 3784 1443 3842 ani-

234 3880 289 3918 mse
301 3857 451 3916 rationalis
459 3874 512 3930 per
519 3861 674 3931 peccatum
679 3859 834 3933 corruptis,
841 3876 901 3915 non
911 3859 1130 3934 sufficitohjecti
1138 3861 1301 3937 propositio
1310 3863 1446 3934 moralis,

192 4005 209 4028 .
234 3937 395 4014 requiritur
409 3935 530 4010 insuper
543 3933 694 3992 facultatis
708 3945 853 4012 corruptae
864 3936 1018 3994 renovatio
1027 3939 1129 3998 efficta
1143 3941 1265 4016 physica
1278 3940 1327 3997 vel
1339 3940 1444 4014 potius

234 4013 460 4092 hyperphysica.
1398 4061 1405 4070 .

438 4141 458 4166 ·.
534 4089 595 4150 IX.
620 4093 656 4149 .2.
673 4092 702 4149 A
714 4093 806 4154 Parta
816 4093 877 4154 Dei
889 4097 1082 4156 convasatis.
1107 4099 1188 4166 Quia
1201 4117 1268 4156 eam
1281 4097 1444 4157 efficaciam

248 4141 304 4187 Μ
317 4142 389 4185 Parte
401 4141 457 4258 Ita,
474 4177 504 4227 ct
523 4171 690 4244 potentiam
704 4175 827 4233 adhibet
839 4175 871 4232 in
881 4177 939 4232 hoc
949 4193 1045 4247 opere,
1061 4195 1127 4251 quse
1136 4179 1225 4252 plane
1239 4180 1279 4234 sit
1287 4177 1444 4250 insupera-

235 4247 393 4335 bilis,·quee
405 4247 482 4335 'ideo
503 4251 659 4324 phrasibus
680 4259 885 4319 supramissa,
901 4260 931 4310 ct
950 4271 1018 4326 quae
1039 4255 1100 4312 vim
1120 4256 1258 4313 invictam
1280 4261 1311 4312 et
1330 4270 1446 4313 sucoes-

235 4343 302 4382 sum
316 4322 505 4382 infallibilem
519 4327 689 4402 importent,
705 4332 890 4401 describitur,
906 4337 940 4386 ut
954 4347 1050 4404 quum
1064 4334 1318 4392 diciturhomines
1332 4351 1441 4402 errare,

236 4400 398 4492 Psa131i.,2
411 4399 477 4458 Cor.
503 4423 530 4461 v.
556 4405 601 4475 17,
625 4407 701 4483 Eph.
723 4409 753 4465 ii.
770 4409 826 4477 10;
847 4428 1027 4484 regenerare,
1049 4411 1121 4469 Joh.
1136 4412 1175 4468 i1i.
1191 4411 1219 4481 5,
1239 4411 1299 4468 ¹Tit.
1321 4411 1362 4468 iii.
1379 4410 1440 4482 5,1

236 4478 300 4536 Pet.
312 4497 331 4534 1.
347 4477 382 4548 33
403 4482 582 4552 resuscitare,
605 4484 681 4558 Eph.
695 4485 714 4542 i.
732 4485 777 4555 19,
793 4487 840 4555 20,
855 4488 926 4544 etii.
941 4488 968 4561 4,
982 4487 1009 4558 ὃ,
1023 4489 1086 4547 Col.
1097 4489 1145 4560 ii.;
1161 4511 1209 4548 eor
1230 4489 1376 4564 lapideum
1388 4509 1443 4546 au·

228 4559 314 4632 seres
334 4566 359 4647 ct
379 4578 515 4618 connum
536 4563 618 4630 ctare,
641 4562 726 4620 Ezec.
747 4564 870 4634 xxxvi.;
901 4569 1026 4637 trahere,
1057 4567 1129 4626 Joh.
1151 4569 1189 4625 vi.
1212 4568 1259 4624 44.
1303 4567 1348 4625 Ut
1368 4585 1443 4641 ergo

236 4641 358 4706 erana,
371 4638 535 4710 generanti,
551 4640 715 4712 suscitanti,
730 4659 818 4699 nemo
839 4643 972 4704 resistere
993 4652 1109 4722 potest;
1133 4646 1183 4704 Ita
1197 4665 1250 4704 nce
1265 4646 1330 4704 Deo
1344 4645 1445 4703 hami-
