3202 5194
142 365 258 417 ocnsr.
273 342 374 428 mu]
654 363 694 404 nn
708 363 785 406 naen
799 361 861 405 nur.
1292 348 1349 405 1³7

186 507 317 568 XXIX.
339 505 531 565 Tabernaculi
544 523 706 583 congnrens
720 525 772 584 per
785 503 988 566 commissuras
1005 513 1034 563 et
1048 525 1202 583 compages
1216 525 1283 565 suas
1304 527 1352 566 co·

143 587 330 666 agmentatio,
347 587 487 646 Ecclesiae
502 586 612 663 Corpus
627 605 664 645 ex
679 587 794 646 Christo
809 585 918 664 Capite,
934 592 963 642 et
982 584 1117 644 fidelibus
1131 587 1195 662 ejus
1215 587 1352 646 membris

142 667 397 762 cernemus-seipsa
411 675 440 726 et
454 664 833 764 eopdspassipcncsufigurabat‚
845 665 919 757 Eph:
935 665 974 722 iv.
983 667 1030 726 16.
1072 666 1146 743 Ejus
1160 665 1190 758 ln
1201 666 1355 760 Templum

142 744 1040 902 ttttutttdttttlttrttt“limittit
1052 747 1353 904 tttttttttt?

144 929 232 988 quam
246 909 408 987 Templum,
423 907 623 966 Tabemaculo
637 906 753 984 quidem
767 906 897 985 partibus
911 914 941 964 et
960 905 1159 965 instrumentis
1173 907 1233 964 suis
1254 906 1352 966 analo·

144 1011 224 1082 gum,
240 989 292 1047 sed
314 987 480 1080 stabilitate,
496 987 657 1064 splendore,
674 996 703 1080 et
724 987 875 1080 majestate
888 985 976 1062 longe
995 985 1155 1078 augustius,
1171 987 1352 1080 designabat.

144 1067 787 1222 tttlttttttlttttttuttltt
796 1066 1353 1223 ttttttttttrtttlttaentt

145 1229 241 1302 fianae,
257 1237 319 1287 tum
334 1227 473 1286 Ecclesiae
487 1227 699 1305 triumphantis.
743 1226 814 1285 Ideo
835 1226 866 1284 in
880 1225 930 1284 illo
954 1225 1008 1284 soli
1022 1225 1043 1285 J
1045 1225 1129 1302 udaei,
1145 1227 1176 1284 in
1189 1226 1245 1285 isto
1267 1227 1353 1286 etiam

146 1309 288 1383 Gentiles,
304 1309 386 1385 Tyrii
399 1316 429 1367 et
445 1307 565 1382 Sidonii,
581 1327 697 1384 operam
710 1315 862 1366 naverunt.

584 1387 812 1462 “t’'
828 1465 1354 1543 r,

143 1546 282 1621 operculo
302 1566 390 1605 aureo
405 1487 647 1624 Propitiatsirioi
667 1546 840 1606 cherubinis
860 1486 946 1621 tilio,
966 1545 1148 1623 significabat
1163 1552 1190 1606 l.
1202 1488 1352 1624 Giriimm,

146 1643 332 1720 superquam
348 1627 429 1721 Deua
442 1628 577 1686 thronum
591 1627 808 1722 gratissemxit,
823 1626 903 1720 IIeb.
918 1625 958 1717 iv,
975 1629 1021 1719 Iti,
1037 1625 1067 1683 in
1081 1645 1138 1720 quo
1153 1645 1184 1685 se
1197 1628 1353 1705 propitium

144 1707 371 1863 iibirfiiiii
379 1707 1353 1863 ttettttthttttfftttttttltth‘ttttttlt

145 1868 176 1942 3,
191 1875 220 1926 et
233 1867 353 1926 Tabulis
368 1867 457 1944 Legis
471 1867 612 1943 repositae,
628 1887 718 1944 quum
740 1867 804 1924 Lex
818 1865 875 1924 Dei
894 1865 925 1923 in
949 1865 1013 1941 ejus
1026 1865 1186 1924 visceribus
1210 1866 1356 1945 insculpta

145 1945 209 2021 fuit,
223 1946 271 2006 Ps.
283 1947 324 2004 xl.
336 1949 364 2022 8,
380 1947 411 2005 in
424 1967 482 2024 quo
497 1947 579 2018 λέγων
591 1947 646 2006 Dei
657 1947 811 2022 invenitur,
824 1945 901 2023 quia,
916 1955 949 2006 ut
958 1946 1031 2017 nipe
1044 1945 1147 2019 Patris,
1164 1946 1280 2004 oracula
1290 1947 1355 2025 ejus

145 2024 249 2102 fundit,
271 2035 301 2085 et
321 2027 501 2086 voluntatem
525 2029 588 2105 ejus
612 2027 697 2085 nobis
720 2026 847 2101 revelat;
870 2025 917 2084 eui
938 2025 1049 2102 Angeli
1071 2024 1243 2101 ministrant,
1266 2027 1356 2087 etad

146 2107 230 2182 cujus
244 2106 366 2183 gloriam
381 2115 410 2165 et
423 2108 561 2183 mysteria
573 2107 700 2184 penitius
711 2104 933 2183 contemplanda
943 2104 1099 2164 Cherubini
1111 2105 1313 2187 segusima,
1325 2116 1356 2167 et

147 2205 212 2244 sese
236 2185 398 2260 demittunt,
427 2190 441 2243 l
459 2187 522 2246 Pet
541 2187 560 2245 i.
578 2190 624 2246 12.
667 2191 695 2246 2.
710 2187 876 2260 Ecclesiam,
898 2185 929 2242 in
950 2205 1008 2262 qua
1024 2185 1104 2243 Deus
1117 2185 1252 2245 thronum
1271 2207 1355 2246 suum

148 2265 251 2338 erexit,
263 2273 293 2324 et
301 2265 426 2324 Tabulas
441 2286 537 2326 sacrm
545 2265 664 2326 recondi
674 2267 781 2340 voluit3
796 2266 848 2324 ubi
858 2274 1028 2343 praesentem
1039 2285 1070 2323 se
1081 2265 1200 2326 exhibet
1211 2267 1240 2325 iu
1252 2268 1353 2345 grstia,
1457 2280 1459 2288 ’

147 2353 179 2403 et
192 2344 337 2421 placatum
357 2345 388 2402 in
401 2346 515 2405 Christo
529 2365 600 2405 vero
613 2346 826 2424 propitiatorio;
848 2346 900 2405 ubi
914 2345 1030 2404 oracula
1043 2345 1138 2404 fundit
1151 2347 1354 2426 perverbum

148 2422 201 2481 ubi
216 2423 326 2500 Angeli
349 2431 484 2502 tanquam
500 2426 625 2504 Spiritus
647 2425 845 2485 ministratorii
867 2425 984 2484 adstant
1003 2434 1142 2502 perpetuo
1167 2426 1310 2504 fidelibus,
1327 2437 1356 2488 et

149 2521 250 2562 eorum
264 2503 350 2562 saluti
364 2503 536 2582 invigilant;
560 2506 611 2566 ubi
624 2507 707 2582 virga
728 2505 888 2582 disciplina
912 2513 942 2564 et
962 2506 1064 2580 erucis,
1080 2525 1138 2582 qua
1157 2526 1211 2566 nos
1230 2517 1355 2586 exercet,

148 2583 337 2660 conjungitur
350 2604 415 2644 cum
428 2606 534 2644 manna
548 2585 753 2646 consolationis
767 2594 796 2645 et
809 2586 887 2660 vitae,
903 2605 961 2662 quo
974 2605 1028 2643 nos
1043 2593 1194 2646 sustentat.

170 2707 204 2753 Al
269 2709 284 2752 d
317 2709 326 2753 1
450 2665 581 2725 XXXI.
593 2668 694 2724 Altare
708 2665 826 2742 duplex,
841 2666 995 2724 holocausti
1007 2666 1162 2741 etsuffitus,
1173 2667 1246 2726 duas
1259 2676 1356 2745 partes

205 2711 259 2754 Μ
285 2723 366 2767 Μ’
409 2743 495 2803 officii
519 2745 713 2806 Sacerdmalis
736 2745 843 2804 Christi
866 2746 1093 2823 representavit,
1108 2765 1173 2822 quar
1196 2747 1226 2808 iu
1247 2747 1356 2825 duplici

148 2821 212 2897 ejus
225 2829 303 2880 statu
316 2821 430 2900 impleri
444 2824 625 2888 debuerunt:
649 2826 876 2900 satisfactionem,
899 2825 930 2882 in
945 2825 1080 2901 Corporis
1099 2825 1145 2884 sui
1159 2826 1305 2886 oblatione
1326 2836 1356 2888 et

148 2901 298 2978 sauguinis
322 2902 434 2963 fusione
458 2904 489 2962 iu
512 2913 589 2964 statu
609 2905 791 2980 humilitatis,
807 2913 837 2964 et
851 2906 1070 2962 intercessionem
1090 2904 1120 2962 in
1135 2905 1216 2962 coelis
1233 2905 1263 2962 in
1278 2916 1356 2966 statu

147 2981 332 3040 exaltationis
345 3002 397 3058 per
410 2984 509 3042 vivam
524 2993 553 3043 et
573 2985 739 3044 continuam
762 2983 895 3044 sacrificii
916 2983 960 3042 sui
977 2984 1267 3060 repraesentationem,
1290 3005 1355 3062 quoe

144 3060 294 3120 thuribulo
304 3081 400 3138 aureo,
407 3083 464 3139 quo
473 3064 663 3141 thymiamata
673 3065 825 3124 adolentur
835 3083 922 3140 super
932 3063 1043 3138 Altsre,
1056 3062 1251 3137 adumbratur,
1260 3064 1354 3141 Apoc.

147 3139 208 3198 viii.
218 3143 247 3198 3.
264 3141 440 3202 “Habemus
451 3143 584 3220 Altare,''
597 3145 691 3222 inquit
702 3143 816 3220 Apost,
830 3143 907 3220 Heb.
916 3143 978 3201 xiil.
987 3145 1033 3216 10,
1043 3145 1105 3200 “ex
1116 3161 1173 3220 quo
1182 3151 1355 3219 potestatem

127 3219 253 3288 ,edendi
266 3240 325 3279 non
348 3222 458 3281 habent
481 3223 532 3300 qui
557 3224 687 3284 serviunt
700 3223 928 3283 Tabernaculo.”
972 3222 1021 3280 Ab
1043 3241 1102 3280 uuo
1122 3221 1160 3280 ad
1174 3223 1255 3282 aliud
1267 3223 1356 3284 fiebat

146 3299 303 3358 transitus:
325 3301 357 3358 iu
371 3301 470 3361 AEneo
483 3302 576 3379 primo
590 3303 762 3364 sacrificium
785 3301 881 3362 offerri
902 3302 1003 3362 debuit
1024 3311 1178 3380 antequam
1197 3303 1357 3380 thymiama

146 3377 311 3456 offerretnr3
334 3380 376 3439 sic
389 3381 554 3442 Satisfactio
568 3383 769 3460 premittenda
782 3383 837 3442 fuit
848 3382 1061 3457 intercessioni,
1073 3382 1141 3458 quia
1153 3383 1214 3442 sine
1225 3384 1355 3444 satisfac·

146 3458 226 3517 tione
240 3479 340 3536 preces
354 3478 455 3522 omnes
469 3463 586 3522 inutiles
601 3472 677 3522 sunt.
719 3462 852 3522 Christus
862 3464 963 3520 ditare
976 3471 1125 3521 nostrum:
1148 3463 1184 3520 In
1198 3484 1287 3539 cruce,
1303 3485 1355 3543 per

145 3537 390 3617 immolationem
413 3542 449 3599 In
462 3545 539 3617 ecch),
553 3563 605 3621 per
618 3543 873 3618 intercessionem
896 3543 932 3600 In
952 3561 1057 3618 enema,
1079 3562 1131 3619 per
1149 3562 1354 3604 commemora·

145 3617 263 3678 tionem.

156 3721 379 3826 affin
410 3701 598 3842 cxxiii·
615 3701 1119 3842 ttttsttffuusss
1134 3703 1354 3844 aternu

168 3839 256 3884 ‘mm
267 3841 369 3888 sumtus.
409 3801 522 3937 milii
532 3803 657 3921 luceium
678 3801 935 3936 accendamini?
947 3870 977 3921 et
990 3863 1091 3920 Altare
1108 3829 1223 3937 iuffitus,
1238 3863 1290 3921 ubi
1310 3829 1354 3922 ini

145 3957 263 3996 censum
279 3937 468 4017 adolebatur;
494 3941 600 4017 quibus
624 3941 800 4018 respondent
824 3941 854 3999 in
868 3941 1008 4016 Ecclesia,
1028 3943 1098 4000 Lux
1117 3943 1206 4014 Verbi,
1222 3960 1280 4017 qua
1298 3961 1352 4001 nos

142 4016 298 4092 illuminat,
320 4019 409 4078 Panis
422 4021 493 4096 sita,
509 4040 567 4097 quo
581 4041 634 4080 nos
648 4021 748 4097 pascit,
764 4029 793 4079 et
809 4021 906 4081 Cultus
918 4041 1008 4095 sacer,
1024 4040 1110 4097 quem
1124 4039 1142 4078 a
1155 4020 1239 4079 nobis
1260 4021 1353 4098 exigit

143 4117 196 4175 per
210 4097 385 4156 oblationem
406 4119 524 4176 precum
548 4109 578 4158 et
601 4101 723 4160 aliorum
745 4099 947 4160 sacrificiorum
963 4099 1174 4178 spiritualium:
1199 4101 1268 4158 Lux
1279 4103 1355 4179 fidei

142 4177 290 4316 splendidi]
292 4178 324 4235 in
338 4178 527 4254 Candelabro,
549 4181 613 4238 Vita
626 4180 688 4257 spei
698 4179 785 4239 alitur
797 4180 828 4238 in
842 4179 955 4255 Mensa,
971 4180 1092 4256 etIpnia
1105 4181 1251 4238 maritatas
1270 4181 1349 4241 iove·

140 4267 191 4318 tur
203 4257 234 4315 in
292 4257 356 4318 tari.

449 4337 614 4398 XXXIII.
636 4339 763 4398 Labrum
777 4359 891 4414 ancum
907 4338 937 4396 in
948 4358 1005 4416 quo
1022 4338 1192 4398 Sacerdotes
1210 4339 1347 4398 teneban-

407 4423 455 4476 tur
468 4419 566 4478 lavare
581 4439 683 4478 manus
697 4427 727 4478 et
740 4418 829 4497 pedes
843 4437 920 4492 suos,
935 4427 1089 4495 antequam
1103 4417 1140 4475 ad
1150 4417 1252 4475 Altare
1266 4437 1346 4477 acce-

142 4495 253 4570 derent,
275 4503 306 4554 et
320 4495 410 4554 sacris
431 4507 624 4574 operarentur,
648 4498 762 4576 signum
782 4506 844 4558 erat
865 4497 1076 4557 Purificationis
1097 4495 1260 4572 singularis,
1282 4517 1347 4574 qua

140 4577 300 4654 requiritur
313 4575 344 4632 iu
358 4575 394 4632 iis
408 4577 459 4651 qui
472 4578 511 4635 ad
525 4578 619 4638 Deum
633 4577 783 4653 accedunt,
799 4578 861 4636 sive
877 4578 1016 4654 peculiari
1029 4575 1180 4634 vocatione
1201 4575 1345 4636 ministro-

140 4675 204 4716 rum
221 4655 278 4714 Dei
294 4654 353 4712 sin't
367 4654 508 4732 instructi,
524 4657 586 4716 siva
604 4657 750 4717 communi
769 4656 907 4733 fidelium,
928 4666 962 4716 ut
982 4665 1127 4716 constaret
1146 4655 1289 4714 neminem
1310 4657 1348 4716 ad

153 4389 264 4436 Labrum
275 4403 376 4436 ancum.
