3150 5206
130 343 245 392 ourrsr.
261 321 343 403 rna]
581 341 620 382 nn
635 341 760 382 sarusar
775 341 903 382 enarra.
1275 324 1333 382 209

127 485 278 562 legalium,
289 503 347 541 non
356 482 386 540 vi
397 481 493 559 Lagis,
506 481 557 540 sed
567 479 778 542 Promissionis.
809 482 893 557 Quod
903 482 978 542 ultro
987 481 1119 560 agnoseit
1128 481 1188 558 ipae
1198 481 1327 557 dicendo,

129 567 150 596 “
162 565 265 624 Patres
279 583 338 622 non
352 561 470 620 haesisse
483 561 514 618 in
535 562 598 621 istis
620 562 719 639 signis,
742 563 794 622 sed
808 582 858 622 cor
870 563 984 620 lavasse
998 562 1028 620 in
1042 581 1102 620 rcm
1124 561 1215 640 signis
1229 560 1316 619 adum

127 643 252 720 hrotam,
276 651 309 702 ut
336 641 484 700 Abraham
505 641 555 718 qui
578 641 653 700 vidit
672 641 750 700 diem
772 643 888 717 Christi,
915 641 983 702 Joh.
1012 641 1073 700 viii.
1099 643 1146 714 56,
1177 649 1206 700 et
1231 641 1330 699 Moses

127 723 180 800 qui
193 722 322 800 praetulit
335 719 519 800 opprobrium
535 721 642 790 Christi
656 721 765 780 divitiis
780 722 914 799 AEgypti,
932 721 1009 780 Hah.
1024 721 1064 780 xi.
1080 721 1149 780 26.”

434 801 511 859 XII.
534 800 626 861 Aliud
640 810 684 860 est
698 801 792 860 Vetus
806 800 916 860 Foedus
937 801 1035 861 stricte
1057 808 1203 878 sumptum
1217 798 1331 858 differre

392 880 583 940 essentialiter
596 901 613 939 a
628 881 721 954 Novo,
737 881 816 958 quod
830 881 990 958 Apostolus
1003 880 1135 955 intendit,
1152 879 1218 938 Gal.
1230 880 1269 938 iv.
1282 883 1330 955 24,

391 953 422 1018 in
433 959 571 1037 allegoria
581 961 659 1020 Sarae
674 969 704 1020 et
714 959 830 1038 Agraria,
842 961 921 1020 illius
932 961 1096 1038 generantis
1106 959 1144 1019 ad
1157 958 1329 1033 libertatem,

126 1039 214 1100 istius
238 1037 276 1096 ad
300 1038 476 1110 servitutem,
502 1039 553 1099 ubi
576 1039 704 1118 disputat
728 1049 828 1100 contra
852 1041 1096 1118 Pseudapostolos
1123 1038 1332 1098 confundentes

128 1119 241 1196 Legem
261 1125 291 1176 et
312 1118 514 1195 Evangelium,
536 1119 615 1197 quod
634 1119 751 1197 respicit
772 1120 890 1179 etiam2
907 1121 971 1180 Cor.
986 1120 1026 1179 iii.
1042 1124 1069 1196 6,
1090 1123 1118 1194 7,
1143 1119 1173 1176 iu
1195 1119 1332 1178 antithesi

128 1200 148 1231 “
161 1198 267 1256 Literae
281 1206 310 1256 et
326 1197 459 1274 Spiritus,
482 1199 637 1259 Ministerii
655 1199 909 1259 Condemnationis
923 1208 952 1260 et
966 1200 1094 1260 Justitiae
1105 1200 1132 1258 :”
1155 1197 1248 1256 Aliud
1262 1218 1331 1256 vcro

127 1278 186 1336 latc
198 1285 359 1355 spectatum
370 1278 466 1355 quoad
476 1279 673 1355 oeconomiam,
686 1299 749 1338 esse
760 1281 923 1356 oppositum
938 1279 1033 1357 quoad
1045 1278 1243 1353 substantiam,
1253 1277 1332 1355 quod

127 1377 164 1416 ne
187 1377 277 1416 amus.
1076 1405 1080 1414 .

166 1378 266 1495 itur.
289 1435 326 1494 Id
339 1436 417 1514 quod
431 1445 475 1496 est
496 1438 712 1515 antiquandum,
735 1459 793 1498 non
814 1439 912 1498 atatim
926 1437 1022 1498 differt
1042 1437 1233 1498 essentialiter
1247 1436 1283 1495 ab
1297 1457 1331 1495 cc

128 1517 209 1592 quod
222 1524 379 1594 permanet,
402 1517 427 1576 si
440 1516 600 1594 antiquatio
614 1517 664 1577 fiat
685 1527 797 1578 tanturn
832 1519 907 1577 ucad
928 1519 1044 1578 modum
1059 1526 1088 1577 et
1102 1517 1332 1576 circumstantias

128 1595 361 1673 disponsationis,
383 1615 441 1654 non
461 1597 558 1674 quoad
580 1617 640 1656 rem
664 1598 765 1674 ipsam.
808 1539 902 1657 ictus
926 1598 1143 1657 Testamentum
1167 1596 1253 1655 etiam
1274 1597 1332 1654 late

129 1685 277 1754 sumptum
296 1675 351 1734 fuit
365 1676 573 1754 antiquandum
589 1677 684 1754 quoad
708 1679 793 1754 σχίσιν
812 1677 1029 1754 Evangelicam
1044 1696 1102 1735 non
1117 1685 1249 1752 respectu
1268 1677 1332 1752 ejus

128 1755 210 1895 hh?
223 1755 279 1893 {ll
292 1754 348 1894 ‘tl
361 1755 1004 1896 aesitrtusttsulurt‘‘ta
1020 1755 1333 1911 ltffltltlttlti

202 1879 209 1892 ·
278 1879 286 1894 ·
1249 1879 1256 1908 r

129 1914 279 1974 obscurior
299 1880 337 1973 et¹
348 1914 447 1974 durior
466 1855 521 1974 siit
541 1924 659 1993 propter
678 1915 839 1974 infantilem
856 1915 995 1974 Ecclesia
1016 1855 1139 1974 amiam.
1182 1913 1232 1971 Ad
1246 1934 1332 1991 quern

128 1993 218 2054 etiam
231 1994 356 2072 pertinet
369 1994 464 2054 cultus
478 1996 609 2066 carnalis,
625 1996 675 2073 qui
690 1995 814 2055 obtinuit
828 1996 858 2053 in
873 1995 910 2052 V.
926 1995 969 2071 Τ.,
985 1995 1037 2072 qui
1049 1994 1234 2071 abrogandas
1249 1993 1311 2053 fuit.

172 2073 263 2132 XIV.
285 2073 370 2148 Quod
379 2074 520 2134 sancitum
531 2075 586 2134 fuit
595 2085 707 2135 tantum
719 2075 859 2151 sanguine
870 2074 1022 2152 pecudum,
1035 2073 1131 2132 differt
1141 2073 1334 2132 essentialiter

129 2153 168 2212 ab
182 2172 226 2228 eo,
241 2153 320 2230 quod
334 2154 474 2212 sancitum
490 2163 534 2212 est
548 2155 688 2232 sanguine
703 2155 819 2214 Christi.
863 2155 922 2214 Sed
935 2155 1069 2232 quamvis
1080 2154 1148 2214 Vct.
1160 2155 1238 2213 Test.
1253 2153 1332 2212 dica·

129 2241 179 2293 tur
188 2233 330 2292 sancitum
340 2234 480 2310 sanguina
495 2234 645 2311 pecudum,
658 2235 753 2294 Exod.
768 2235 851 2293 xxiv.
866 2239 894 2310 3,
911 2239 938 2310 4,
955 2234 1018 2310 dcc,
1034 2242 1063 2296 et
1078 2234 1155 2292 Heb.
1171 2235 1211 2291 ix.
1224 2236 1269 2309 18,
1284 2236 1331 2308 19,

129 2313 187 2370 hoc
200 2311 421 2390 intelligendum
442 2321 554 2372 tantum
568 2315 664 2391 quoad
683 2315 816 2391 litaram3
839 2335 905 2373 nam
923 2315 1019 2391 quoad
1040 2334 1155 2374 sensum
1177 2315 1332 2390 mysticum

129 2391 272 2469 sanguine
287 2391 394 2451 Christi
408 2393 494 2452 etiam
515 2394 656 2454 sancitum
671 2393 733 2469 fuit,
756 2394 898 2472 siquidem
915 2393 1055 2471 sanguine
1070 2394 1120 2452 illo
1134 2393 1232 2470 typico
1246 2413 1334 2452 verus

130 2471 251 2548 sanguis
265 2471 371 2531 Christi
385 2471 573 2532 adumbratus
587 2473 649 2548 fuit,
666 2475 771 2532 hlatth.
787 2475 869 2534 xxvi.
884 2476 932 2551 28,
949 2474 1032 2551 cujus
1054 2474 1143 2532 solius
1157 2473 1284 2532 efficacia
1304 2483 1334 2532 et

129 2551 235 2610 merito
248 2551 370 2610 Veteres
384 2561 538 2630 potuerunt
552 2553 670 2612 servari.

172 2629 245 2688 XV.
268 2631 333 2689 Non
348 2631 447 2691 eadem
461 2652 513 2710 per
526 2633 622 2691 omnia
636 2639 680 2692 est
701 2633 843 2710 oppositio
864 2633 938 2693 inter
951 2633 990 2692 V.
1005 2640 1035 2691 et
1049 2632 1085 2691 N.
1100 2632 1180 2691 Test.
1203 2653 1268 2710 quse
1289 2641 1334 2692 est

128 2711 206 2770 inter
220 2709 329 2788 Legem
343 2721 372 2770 et
393 2710 595 2789 Evangelium.
637 2713 712 2770 Nam
733 2714 869 2789 oppositio
883 2713 966 2790 Leqis
988 2722 1015 2771 ct
1027 2712 1180 2788 Euanpclir'
1191 2721 1333 2788 quatenus

126 2790 243 2868 proprie
258 2799 287 2850 et
301 2791 398 2850 stricte
413 2799 564 2850 sumuntur
575 2811 630 2869 pro
643 2791 750 2851 foedere
765 2793 891 2870 Operum
911 2803 941 2852 at
955 2791 1064 2852 Gratim
1081 2799 1110 2850 et
1124 2799 1290 2868 spectantur
1303 2791 1334 2848 in

127 2889 192 2928 esse
218 2890 270 2930 suo
295 2871 427 2930 absoluto
452 2879 496 2930 est
509 2872 664 2948 contrario,
679 2871 748 2948 quia
772 2881 955 2950 opponuntur
975 2881 1008 2930 ut
1022 2871 1120 2930 Litera
1138 2870 1282 2944 occidens,
1303 2878 1333 2929 et

129 2949 255 3026 Spiritus
271 2949 430 3025 vivificans,
445 2959 477 3010 ut
491 2950 574 3028 Agar
588 2952 712 3029 gignens
726 2951 763 3010 ad
778 2952 954 3028 servitutem,
970 2961 999 3010 et
1013 2959 1046 3010 nt
1058 2951 1129 3009 Sara
1143 2969 1284 3026 generans
1295 2950 1333 3007 ad

126 3029 301 3106 libertatem,
316 3029 385 3089 licet
400 3030 463 3090 Lex
477 3030 563 3089 latius
577 3040 692 3110 sumpta
706 3039 734 3090 et
748 3030 779 3089 in
799 3051 862 3090 esse
877 3049 929 3090 suo
951 3030 1073 3089 relativo
1088 3029 1250 3105 Evangelio
1265 3029 1332 3088 sub·

127 3107 296 3168 ordinetur:
320 3109 379 3168 Sed
392 3110 535 3187 oppositio
549 3110 587 3170 V.
603 3119 632 3169 et
646 3111 682 3169 N.
698 3110 776 3169 Test.
797 3111 856 3169 late
873 3110 993 3187 spectati
1015 3117 1059 3168 est
1081 3109 1209 3182 relative,
1233 3116 1332 3186 quate·

127 3208 184 3292 nus
194 3189 290 3249 Vetus
300 3189 466 3249 continebat
476 3190 593 3249 umbras
607 3210 702 3250 rerum
716 3188 884 3265 futurarum,
901 3189 977 3248 Heb.
991 3209 1023 3248 x.
1041 3193 1066 3264 l,
1083 3189 1199 3247 Novum
1210 3207 1279 3246 vcro
1292 3191 1334 3250 ris

129 3293 217 3328 ΙΜΙΙ.

170 3347 260 3407 XVI.
283 3349 341 3408 Illa
354 3369 412 3407 non
427 3349 602 3408 conveniunt
616 3349 786 3424 substantia,
798 3368 919 3427 quorum
932 3349 1118 3408 Sacramenta
1131 3348 1188 3406 alia
1197 3355 1265 3408 sunt
1274 3349 1332 3426 sig·

127 3427 277 3488 nificativa
291 3437 320 3487 et
333 3429 495 3488 exhibitiva
509 3429 604 3504 simul,
619 3429 677 3488 alia
690 3449 760 3488 vcro
774 3438 886 3488 tantum
901 3428 1110 3506 significativa:
1128 3428 1186 3487 Sed
1200 3428 1230 3486 in
1244 3427 1282 3486 V.
1298 3429 1332 3487 T.

130 3507 318 3566 Sacramenta
331 3528 389 3566 non
403 3507 520 3568 suenmt
539 3517 651 3568 tantum
672 3509 881 3586 significatira3
904 3509 956 3568 sed
976 3528 1029 3568 suo
1043 3509 1129 3568 modo
1150 3507 1235 3568 etiam
1251 3508 1332 3566 exhi-

128 3587 222 3646 bitiva
236 3588 279 3646 rei
292 3587 479 3665 signifieatae;
511 3588 574 3663 Quo
596 3609 682 3648 sensu
696 3588 866 3648 circumcisio
887 3587 993 3647 dieitur
1011 3589 1132 3666 sipillum
1138 3588 1336 3668 justitiaefidei

130 3667 310 3742 Abrahamo,
326 3668 411 3725 Rom.
426 3667 465 3726 iv.
483 3670 529 3744 13,
545 3675 574 3726 et
588 3667 690 3727 Patres
704 3669 839 3727 dicuntur
852 3668 960 3727 bibisse
975 3668 1130 3744 Christum,
1148 3672 1162 3728 1
1179 3668 1244 3728 Cor.
1259 3689 1288 3726 x.
1304 3673 1333 3726 4.

130 3747 193 3806 Nec
207 3747 304 3806 obstat
317 3746 395 3825 quod
410 3747 542 3806 Christus
555 3746 683 3806 nondum
698 3756 774 3808 esset
788 3749 961 3823 incarnatus,
976 3767 1010 3806 ac
1028 3749 1148 3826 proinde
1162 3768 1219 3807 non
1234 3755 1334 3825 potue·

130 3827 168 3885 rit
182 3826 333 3903 exhiberi,
350 3827 441 3904 ,Quia
462 3827 531 3886 licet
544 3847 602 3886 non
623 3827 708 3887 fuerit
724 3827 838 3904 physice
850 3847 902 3905 per
920 3828 1153 3902 incarnationem,
1169 3827 1224 3886 fuit
1237 3837 1335 3885 tamen

128 3907 277 4010 moraliter
300 3907 331 3964 in
354 3907 543 3984 promissione
567 3927 619 3985 per
642 3907 710 3967 fidei
734 3907 935 3986 receptionem,
959 3927 1023 3986 quse
1048 3917 1092 3968 est
1111 3910 1157 3966 uir
1178 3906 1335 3982 ἰλπιζομίιοι

128 4011 277 4052 monam.

170 4066 280 4126 XVII.
303 4065 402 4124 Moses
415 4073 446 4125 et
459 4065 591 4125 Christus
605 4074 726 4144 possunt
739 4065 815 4125 inter
828 4085 859 4126 se
873 4065 995 4126 conferri
1006 4065 1162 4125 trifariam:
1179 4068 1204 4122 1.
1220 4065 1335 4123 relatis-e

127 4155 161 4208 ut
174 4155 264 4224 typus
279 4153 309 4204 et
321 4153 502 4224 prototypus,
512 4147 581 4222 quia
595 4147 741 4205 Christum
754 4147 785 4204 in
799 4147 888 4206 variis
904 4147 1002 4204 Moses
1016 4143 1160 4222 figuravit,
1172 4164 1258 4220 quom
1269 4144 1335 4202 idco

129 4228 308 4304 Prophetam
330 4224 391 4284 fore
405 4225 461 4284 sibi
484 4225 606 4284 similam
626 4225 765 4303 praedicit,
782 4226 869 4286 Dent.
891 4225 973 4284 xviii.
999 4227 1055 4296 15;
1077 4228 1105 4281 2.
1120 4233 1283 4298 comparate
1303 4231 1336 4282 ut

128 4308 224 4366 minor
237 4304 384 4364 confertur
406 4305 517 4382 majori,
532 4314 562 4364 et
583 4324 684 4365 servus
699 4306 833 4380 Domino,
851 4305 928 4363 Heb.
944 4303 983 4361 iii.
999 4307 1027 4379 4,
1044 4307 1071 4378 5,
1088 4305 1125 4378 6,
1148 4305 1175 4361 3.
1190 4303 1335 4377 disparare

127 4397 157 4447 at
171 4385 313 4464 opposite,
329 4394 472 4461 quatenus
495 4404 547 4462 per
568 4385 681 4444 Mosam
704 4385 767 4445 Lex
782 4386 849 4445 data
870 4384 933 4460 fuit,
949 4391 978 4442 et
999 4383 1092 4460 gratia
1115 4389 1144 4440 et
1158 4381 1265 4439 veritas
1286 4402 1336 4458 per

127 4467 234 4526 Jeeum
256 4464 413 4540 Christum,
435 4464 505 4523 Joh.
527 4465 546 4524 i.
563 4467 610 4522 17.
655 4465 761 4525 Gratia
785 4465 938 4543 opponitur
963 4461 1052 4539 Legis
1070 4460 1186 4520 moralis
1200 4460 1336 4519 maledic·

127 4545 209 4622 tioni,
227 4553 258 4605 et
277 4545 388 4602 Veritas
402 4543 491 4621 Legis
506 4544 712 4603 caeremonialia
729 4545 839 4604 umbris
852 4552 882 4603 et
901 4540 1010 4618 figuris,
1027 4542 1074 4600 rel
1092 4540 1197 4600 Gratia
1211 4561 1278 4598 cero
1293 4539 1336 4598 di·

125 4627 209 4700 citur,
226 4633 260 4683 ut
273 4623 381 4700 typicis
395 4631 425 4690 ct
439 4623 602 4683 carnalibus
617 4623 717 4700 figuris
732 4643 789 4682 non
805 4621 947 4684 obvelata.

229 4721 306 4760 raas
320 4720 352 4760 11.
1158 4719 1176 4757 c

167 867 259 913 Fontes
274 867 343 914 Solu·

198 927 302 971 tionum.
