3108 5198
488 439 656 487 arlssonn
683 439 935 488 nsnrcnronm.
1248 427 1303 491 xix

141 619 204 682 Sed
220 623 346 700 praeter
362 618 426 682 baec
440 619 565 682 nomina
591 619 725 704 publica,
753 639 820 699 quse
846 640 914 683 cum
929 618 1129 701 popularibus
1144 621 1231 705 meis,
1248 623 1300 704 qui

93 718 249 781 Generam
267 715 405 780 Matrem
423 724 600 798 agnoscunt,
617 737 667 781 me
684 717 783 781 Vobis
800 717 1019 800 obstringunt3
1038 717 1120 783 Alia
1134 719 1211 784 mibi
1228 729 1302 784 sunt

95 815 265 894 peculiares
284 835 387 878 caussa
404 834 466 877 non
480 815 573 891 leves,
591 837 658 896 qnae
674 817 732 880 boc
755 817 887 880 officinm
908 817 979 896 jure
1003 819 1133 898 quodam
1149 839 1204 882 sno
1220 839 1301 884 ame

96 919 287 993 exposcunt3
316 912 501 995 singularem
527 913 597 979 dico
623 916 759 977 favorem
773 921 807 978 et
820 914 1071 992 benevolentiam,
1090 937 1180 997 qnam
1198 917 1299 1000 Avus,

93 1012 272 1090 Parcnsque
289 1031 388 1088 mens,
403 1011 586 1075 felicissimas
612 1011 842 1088 recordationis,
873 1013 956 1077 inter
982 1011 1047 1077 Vos
1073 1015 1193 1095 experti
1216 1029 1299 1098 snut,

91 1115 220 1190 totaque
235 1129 311 1173 cum
328 1109 404 1190 ipsis
418 1109 535 1174 familia
551 1115 666 1174 nostra.
694 1109 770 1173 (lum
787 1111 868 1174 enim
883 1111 1075 1176 Franciccus
1096 1113 1300 1178 Tarrettc'nus

93 1208 179 1270 Asns
210 1227 303 1270 meus
322 1206 560 1284 colendissimus,
582 1209 634 1288 qni
649 1208 759 1272 relicta
775 1209 869 1272 Italia
885 1216 918 1273 et
934 1207 1068 1274 Ciuitate
1083 1209 1215 1275 Lucensi
1238 1213 1301 1275 Pa-

92 1306 152 1369 tria
178 1325 237 1370 sua
265 1306 354 1370 circa
381 1325 495 1369 annum
524 1303 593 1372 157
598 1307 631 1388 5,
662 1307 795 1388 purioris
820 1307 993 1389 Religionis
1011 1307 1124 1391 studio,
1143 1309 1299 1374 Genavam

93 1405 196 1484 primo,
213 1412 340 1485 etpost
357 1403 474 1486 aliquot
490 1424 585 1468 annos
603 1405 811 1486 Antuerpiam
829 1413 1031 1482 concesserat,
1058 1408 1125 1495 (ubi
1155 1407 1229 1472 licet
1244 1408 1300 1472 ad-

92 1503 149 1567 buc
161 1503 283 1584 junior,
302 1502 441 1567 Senioris
458 1503 608 1568 tamenin
627 1501 767 1568 Ecclesia
782 1503 911 1586 Gallica,
930 1524 997 1585 qnae
1016 1505 1059 1569 ibi
1076 1512 1144 1569 tum
1161 1509 1299 1583 florebat,

94 1603 130 1664 ob
145 1601 294 1664 eximiam
322 1621 410 1665 suam
439 1601 587 1682 pietatem
615 1603 802 1683 llmgebatur
827 1602 949 1686 officio)
970 1624 1009 1667 cx
1026 1604 1194 1670 Civitates
1211 1605 1300 1670 Duce

94 1699 251 1764 Parmensi
281 1702 421 1777 obsessa,
446 1701 595 1764 excedere
618 1708 743 1766 coactus
768 1701 879 1765 fnisset
907 1723 968 1764 non
999 1701 1064 1766 sine
1089 1723 1200 1785 magno
1227 1703 1300 1767 uita

94 1799 287 1872 discrimine;
318 1801 351 1862 et
375 1818 436 1862 non
450 1800 548 1862 multo
565 1805 637 1879 post
653 1799 686 1861 in
704 1798 858 1878 Inclytam
875 1799 1023 1862 Vestram
1040 1801 1213 1876 Civitatem,
1231 1807 1300 1863 tan-

96 1917 180 1977 quam
195 1898 229 1960 in
248 1896 433 1962 securitatis
458 1897 576 1978 asylum
590 1904 623 1961 ct
640 1895 876 1976 tranquillitatis
892 1903 1015 1977 portum
1030 1917 1097 1961 sese
1112 1898 1279 1978 recepisset
1292 1920 1300 1973 ;

96 2015 207 2058 summa
223 2016 297 2060 cum
315 1995 508 2060 humanitate
523 1997 563 2059 ab
589 1995 795 2075 Amplissimo
820 1993 1008 2076 Magistratu
1025 2003 1173 2077 exceptus
1191 2004 1248 2079 est,
1268 2004 1300 2061 et

97 2113 150 2172 per
164 2101 269 2158 totum
285 2093 541 2175 quinquennium,
560 2113 623 2174 quo
638 2093 682 2157 ibi
700 2101 840 2157 versatus
857 2101 916 2176 est,
934 2094 1204 2174 propensissimam
1221 2115 1298 2160 sem·

96 2211 147 2272 per
160 2194 241 2256 vidit
257 2213 338 2274 erga
355 2211 388 2256 sc
404 2193 471 2274 ejus
488 2192 741 2269 beneiolentiam
759 2199 796 2255 ut
815 2192 999 2274 singularem
1016 2194 1113 2257 sensit
1129 2190 1189 2258 Dei
1205 2195 1300 2259 bene-

97 2291 257 2356 dictionem
269 2313 281 2376 3
320 2290 360 2353 In
402 2311 439 2356 eo
479 2311 553 2355 vero
584 2290 787 2372 potissimum,
823 2291 903 2372 qnod
933 2291 1118 2356 Lectissima
1150 2291 1299 2370 Foemina,

97 2389 234 2453 camilla
259 2389 512 2464 Barlamocbio,
544 2411 584 2454 ex
606 2387 712 2478 Nobili
742 2389 1025 2454 Burlamacbiorum
1051 2390 1183 2454 Familia
1206 2393 1299 2456 etiam

97 2487 235 2565 Lucensi,
261 2488 383 2568 conjux
411 2491 478 2569 ejus
504 2488 693 2574 charissima,
722 2489 930 2552 Benedictum
955 2487 1176 2554 Turrcttc'nom
1203 2490 1298 2554 filium

98 2585 346 2668 primogenitum,
360 2586 523 2650 Potentem
533 2607 633 2650 meum
646 2587 949 2668 desideratissimum,
965 2585 1050 2650 intra
1066 2587 1300 2664 moeniavcstra,

98 2703 174 2748 anno
203 2686 316 2761 1588,
350 2685 397 2749 illi
426 2686 558 2766 peperit,
589 2706 678 2766 quem
708 2706 796 2750 sacro
818 2685 1021 2766 Baptismatis
1046 2688 1132 2750 sonte
1156 2688 1299 2762 tinctum,

99 2781 201 2846 Nobili
216 2783 300 2848 Viro
320 2783 362 2848 D.
379 2784 524 2847 chrc'co
545 2783 778 2868 Wcrdncyllcro
804 2783 997 2864 Susceptore,
1014 2791 1047 2848 et
1062 2805 1082 2848 a
1098 2787 1215 2849 teneris
1231 2778 1300 2849 Deo

99 2891 322 2958 consecratum,
338 2889 371 2945 ct
388 2903 509 2963 semper
524 2881 730 2965 benedictum,
748 2903 809 2945 non
825 2883 890 2946 sine
906 2903 1024 2946 summo
1038 2883 1150 2964 gaudio
1166 2890 1199 2947 et
1219 2883 1302 2946 sola-

99 2979 150 3060 tio,
166 2981 244 3045 vidit
261 2988 377 3063 postea
393 3003 433 3044 ex
449 2987 522 3044 voto
540 3001 594 3044 suo
612 2981 715 3044 Sacris
730 2982 898 3058 admotum,
914 2988 947 3042 et
963 2981 1101 3042 Pastoris
1118 2981 1151 3043 in
1167 2989 1300 3060 utraque

101 3077 244 3157 Ecclesia
263 3079 390 3143 Gallica
407 3087 439 3142 et
457 3078 580 3161 Italica,
599 3086 631 3143 et
646 3079 833 3143 Professoris
850 3097 962 3140 munus
977 3077 1109 3141 feliciter
1123 3079 1298 3142 obeuntem.

102 3174 145 3238 b‘t
169 3199 239 3242 sero
263 3180 337 3259 ipse
366 3177 523 3259 Tignrnm,
549 3177 603 3240 ubi
627 3177 729 3258 primo
754 3175 852 3240 lucem
881 3175 1010 3256 viderat,
1028 3183 1174 3257 tanquam
1190 3177 1301 3240 almum

103 3273 230 3340 Patriam
256 3297 348 3341 snam
371 3275 509 3357 impense
537 3296 658 3358 semper
674 3275 784 3338 dilexit
810 3281 842 3338 ct
857 3274 970 3339 coluit:
996 3275 1049 3338 Ita
1065 3275 1119 3339 illa
1135 3295 1167 3340 se
1184 3297 1301 3340 summe

102 3373 276 3439 sessorem
305 3395 378 3456 erga
405 3375 505 3456 ipsum
530 3383 679 3455 tanquam
706 3373 860 3437 alumnum
884 3394 972 3438 snum
1000 3375 1212 3439 charissimum
1230 3395 1299 3439 con·

102 3471 184 3536 tinno
199 3473 352 3554 praebnit.
402 3471 506 3554 Cujus,
523 3494 563 3537 nc
593 3473 653 3536 alia
678 3475 818 3548 referam,
847 3493 908 3535 non
932 3474 1094 3536 obscumm
1120 3481 1192 3536 sunt
1210 3473 1302 3537 docu-

103 3579 233 3634 mentum
265 3571 504 3636 Testimonicles
533 3572 648 3635 Literac
678 3571 723 3634 illi
748 3573 787 3633 ab
818 3570 1019 3651 Amplissimo
1035 3571 1151 3634 Senatu
1176 3572 1302 3634 traditas

103 3671 397 3749 nucleosque
423 3689 517 3750 penes
545 3690 595 3733 me
622 3670 722 3732 adbuc
742 3670 849 3745 babeo,
867 3676 900 3732 et
923 3675 959 3736 ut
975 3669 1183 3750 gratissimum
1200 3677 1302 3733 tener·

104 3766 168 3830 nmi
184 3769 216 3830 in
227 3768 333 3848 ipsum
349 3768 494 3832 Affectus
519 3765 628 3831 Vestri
652 3768 763 3850 pignus
780 3768 916 3831 studiose
933 3787 1029 3842 serro,
1047 3769 1251 3848 quibuscum,
1267 3774 1304 3829 nt

104 3864 133 3925 in
148 3866 217 3928 sinu
242 3873 350 3930 restro
378 3873 495 3942 natum,
525 3887 583 3946 pro
609 3873 713 3931 restro
730 3867 879 3947 agnoscit,
898 3873 930 3929 et
946 3873 1094 3946 tanquam
1120 3865 1302 3945 'ligurinum

104 3971 133 4024 et
148 3962 328 4028 Helvetium
345 3964 384 4028 de
400 3965 519 4028 meliori
535 3971 609 4027 nota
624 3965 827 4028 commendat.
890 3963 958 4028 Nec
975 3963 1018 4026 ibi
1037 3963 1177 4026 substitit
1202 3963 1305 4026 Favor

106 4057 224 4140 Vester,
243 4062 301 4127 sed
323 4063 356 4126 in
385 4063 532 4126 familiam
548 4069 647 4126 totam
664 4083 731 4126 sese
748 4062 880 4138 diffudit,
899 4083 966 4142 quta
984 4083 1045 4123 non
1061 4061 1188 4142 indigna
1203 4061 1303 4126 Vobis

107 4157 168 4221 uisa
183 4169 232 4224 est
247 4168 356 4224 vestra
384 4161 600 4225 recordatione
624 4169 658 4225 ct
681 4160 864 4241 patrocinio.
924 4159 1018 4240 Cujus
1043 4159 1109 4240 ipse
1127 4180 1195 4242 ego,
1213 4167 1249 4222 ut
1266 4160 1304 4224 de

108 4255 169 4319 aliis
184 4267 317 4340 taceam,
336 4279 397 4322 non
412 4279 512 4339 pauca
527 4258 705 4322 indubitata
727 4258 820 4321 babni
846 4265 1035 4339 argumenta,
1054 4279 1121 4337 quae
1138 4258 1213 4320 mihi
1227 4258 1305 4320 nihil

108 4353 165 4418 tale
179 4358 291 4420 merito
306 4357 417 4436 quavis
441 4358 515 4420 data
531 4345 690 4420 occasione
715 4358 789 4420 dare
814 4357 963 4420 voluistis.
1014 4354 1089 4434 Quae
1114 4375 1186 4418 sane
1204 4354 1307 4415 omnia

110 4451 179 4514 talia
202 4462 285 4531 sunt,
308 4463 344 4517 nt
358 4456 477 4537 indigni
495 4456 600 4531 simus,
625 4456 651 4519 si
674 4476 712 4519 ea
725 4455 852 4536 perenni
868 4455 955 4541 cultu
969 4475 1031 4519 non
1047 4450 1305 4533 recognoscimus,

110 4547 228 4630 ingrati,
246 4554 273 4615 si
290 4573 352 4616 non
368 4555 450 4616 omni
466 4555 534 4619 loco
559 4561 592 4617 et
620 4560 758 4634 tempore
783 4553 999 4635 praedicamus
1026 4551 1073 4614 Ut
1088 4569 1159 4613 cum
1173 4547 1306 4625 impares

112 4647 200 4714 simus
226 4651 420 4716 dissolvendo
448 4653 562 4729 debito,
580 4652 713 4716 animum
736 4653 843 4718 saltem
875 4649 1092 4716 beneficiorum
1110 4651 1306 4722 acceptorum
