3192 5206
142 403 252 452 QUAEST.
268 379 349 460 xlta]
530 395 716 435 Defensores
732 395 768 432 ET
784 395 876 436 s'rATU
892 399 1019 438 CHRISTI.
1290 391 1347 446 307

141 563 218 602 novo
233 542 344 599 discere
358 536 507 615 potnerit?
548 537 632 610 Quod
645 535 789 592 Pontifieii
800 535 949 612 affirmant,
966 540 1037 597 11111.
1051 549 1118 597 tom.
1134 544 1158 598 1.
1172 543 1269 600 Contr.
1282 566 1348 621 gon.

142 629 168 681 2.
185 623 221 682 de
237 623 268 680 C.
286 623 312 692 1,
337 623 364 693 2,
409 616 650 675 “Catholieornm
671 615 831 674 communis
854 619 996 676 sententia
1021 640 1134 696 semper
1152 621 1214 695 fnit,
1242 625 1349 684 Christi

141 703 266 761 animam
281 700 318 758 ab
333 699 397 775 ipsa
411 717 463 755 sue
477 697 620 754 creatione
640 695 778 772 repletam
801 696 921 755 scientia
943 708 973 757 et
987 700 1088 774 gratia,
1114 710 1147 758 ut
1161 701 1233 758 nihil
1248 714 1348 779 postca

140 781 284 854 didicerit,
301 778 377 856 quod
394 789 478 834 antea
493 777 645 833 nesciret.''
689 776 751 833 Nos
771 795 841 833 vero
865 797 1014 853 negamus.
1060 779 1099 837 Et
1123 780 1270 840 Christum
1285 785 1347 860 qui·

140 863 205 921 dem
221 881 278 938 que
295 861 386 917 Deum
403 857 573 915 omniscium
587 854 780 932 agnoscimus
797 855 848 913 sed
862 876 919 933 qua
936 858 1081 916 hominem
1097 861 1224 934 scientia,
1240 882 1348 939 magua

139 942 256 1018 quidem
271 959 358 1015 supra
372 947 490 996 caeteras
504 955 604 994 omncs
628 944 781 1008 creaturae,
806 935 857 993 sod
878 937 959 996 finita
973 947 1070 997 tamen
1093 949 1121 998 ct
1136 952 1238 1016 creata,
1255 952 1284 1000 et
1298 945 1344 1002 cui

139 1020 250 1097 aliquid
264 1019 332 1078 addi
346 1017 479 1095 potuerit,
493 1026 522 1074 et
532 1035 633 1073 revera
646 1013 777 1072 additum
792 1015 837 1089 sit,
853 1017 1005 1093 praeditum
1018 1019 1197 1078 confitemur.

441 1097 496 1154 IV.
519 1095 658 1153 Rationes
683 1103 768 1153 sunt:
791 1098 817 1152 1.
834 1096 908 1169 Quia
931 1097 1062 1157 Christus
1077 1099 1182 1158 dicitur
1191 1102 1344 1176 profecisse

140 1179 261 1248 Probatur
280 1177 378 1222 Sontes·
400 1176 537 1250 supientia
551 1185 578 1234 et
590 1183 708 1248 statere,
723 1175 793 1232 Luc.
809 1175 838 1233 ii.
861 1179 919 1235 52:
962 1176 1004 1236 At
1019 1179 1069 1236 ubi
1083 1187 1127 1236 est
1142 1180 1289 1256 perfectio,
1305 1182 1346 1240 ibi

166 1236 380 1344 11ξῶᾞῖῗῇ
400 1256 498 1315 nullus
512 1264 556 1313 est
578 1254 731 1331 profectus.
774 1255 834 1312 Nee
857 1255 915 1314 dici
937 1266 1032 1333 potest
1055 1259 1208 1335 profecisse
1232 1271 1346 1319 tantum

401 1336 528 1411 opinione
539 1335 687 1408 hominurn,
700 1342 732 1392 ut
744 1334 807 1392 vult
817 1333 953 1394 Bellarm.
965 1338 1058 1413 capite
1068 1342 1105 1412 5.,
1116 1340 1183 1414 quie
1195 1343 1289 1416 magis
1303 1342 1345 1398 in·

138 1421 199 1478 dies
214 1419 361 1497 aperiebat
376 1415 544 1493 sapientiam
561 1435 659 1472 suam:
682 1413 755 1487 Quia
770 1423 802 1472 ut
825 1435 894 1473 vere
908 1416 1028 1491 profecit
1056 1420 1150 1476 aetatis
1174 1440 1300 1496 accessu,
1317 1431 1347 1480 ct

138 1500 235 1577 quoad
245 1508 399 1572 staturam3
412 1498 452 1554 ita
463 1505 492 1553 et
513 1495 623 1552 dotium
638 1494 822 1552 incrementis
833 1504 862 1553 et
876 1495 972 1571 quoad
987 1497 1165 1573 sapientiam,
1178 1508 1211 1557 ut
1225 1501 1346 1560 'l'oletns

139 1581 211 1638 bene
221 1580 332 1656 probat.
345 1576 429 1636 Unde
441 1575 576 1632 Ambros.
589 1573 624 1631 de
637 1573 751 1630 Incam.
761 1593 822 1650 cap.
833 1575 892 1650 vii,
907 1579 924 1606 “
933 1576 1014 1634 Sicut
1022 1578 1191 1653 proficiebat
1200 1587 1284 1638 aetate
1293 1581 1344 1638 ho·

138 1661 232 1732 minis,
246 1661 287 1717 sic
298 1656 465 1735 proficiebat
477 1654 617 1732 sapientia
628 1652 780 1727 hominis,’'
793 1654 870 1728 quod
882 1655 1012 1728 agnoscit
1024 1657 1162 1734 Staplcto.
1177 1658 1208 1714 in
1224 1657 1344 1718 Antido.

140 1741 253 1816 Eveng.
266 1738 303 1796 ad
318 1739 345 1796 h.
360 1738 380 1794 l.
397 1734 588 1794 Confinnatur
599 1754 636 1791 ex
647 1753 681 1791 eo
696 1732 840 1808 quodnon
855 1733 960 1792 dicitur
976 1743 1087 1794 tantum
1096 1737 1252 1813 profecisse
1267 1739 1344 1815 apud

106 1821 116 1842 ¹
137 1820 278 1892 homines,
295 1817 347 1876 sed
367 1816 453 1874 etiam
474 1817 555 1889 apud
572 1816 673 1886 Deera,
689 1811 768 1889 quod
792 1812 829 1870 ad
850 1813 1013 1890 opinionem
1038 1836 1146 1874 meram
1171 1837 1228 1875 uon
1249 1829 1345 1895 potest

138 1899 247 1972 referri,
265 1898 316 1956 sed
331 1900 371 1956 rei
386 1896 537 1953 veritatem
553 1895 695 1970 importat.

138 2023 152 2060 2
178 2017 215 2061 Ex
234 2017 300 2061 „w
326 2016 370 2060 xiii
440 1975 477 2032 V.
501 1978 528 2031 2.
552 1973 626 2046 Quia
649 1974 739 2029 Filius
754 1971 860 2030 dicitur
880 1973 1012 2047 fpnorare
1027 1975 1100 2031 diem
1115 1977 1227 2050 judieii,
1251 1977 1343 2036 Marc.

155 2048 160 2059 ’
255 2050 308 2123 31;’
373 2048 378 2058 ’
411 2053 471 2112 xiii.
488 2057 535 2111 32.
571 2053 635 2110 Non
651 2053 905 2128 ntiquequatenns
927 2053 1174 2124 ulyasml'ilius
1198 2056 1262 2132 Dei,
1279 2058 1347 2134 quia

398 2154 455 2191 non
466 2142 562 2210 potest
576 2133 707 2207 ignorare
722 2132 807 2204 diem,
823 2153 909 2208 quem
920 2132 981 2210 ipse
995 2134 1149 2210 praefinivit
1164 2157 1228 2195 eum
1245 2137 1339 2212 Patre,

137 2213 203 2272 Aet.
219 2214 292 2272 xvii.
308 2217 355 2288 31,
372 2222 408 2287 11,
425 2223 456 2271 ut
470 2222 583 2289 ternpus
598 2212 673 2284 fecit,
690 2233 742 2270 nec
761 2212 932 2288 principium
955 2234 1007 2271 nee
1021 2214 1107 2272 finem
1133 2217 1197 2293 ejus
1212 2217 1344 2292 ignorare

131 2295 245 2370 potuit;
277 2293 335 2352 Sed
346 2302 488 2370 qnatenus
501 2294 588 2349 homo
603 2301 632 2350 et
650 2301 782 2367 respectu
797 2299 905 2350 naturae
924 2293 1056 2352 humanae
1071 2303 1191 2368 tantum,
1208 2307 1241 2354 ut
1256 2297 1342 2355 Vete-

136 2393 182 2431 res
197 2395 228 2431 se
243 2374 279 2430 ab
296 2374 469 2430 Arianornm
479 2372 640 2448 objectione
652 2372 718 2428 inde
733 2372 823 2447 petita
837 2373 1274 2433 111111111111111111111111111111
1290 2377 1341 2434 oli-

134 2463 180 2511 ter
194 2453 414 2529 expediverunt.
437 2453 501 2509 Nou
517 2459 638 2523 tanturn,
651 2451 788 2527 quianon
799 2452 908 2510 sciebat
923 2451 959 2510 ad
971 2453 1125 2512 dicendum
1136 2455 1209 2530 aliis,
1225 2467 1258 2515 ut
1268 2457 1343 2514 Bell.

136 2533 224 2590 Bcoe.
241 2533 310 2590 Tiri.
326 2533 417 2591 etalii
434 2533 550 2605 vellent,
566 2531 644 2606 quod
662 2531 919 2606 aequivocationem
944 2533 1120 2592 Jesuiticam
1135 2545 1256 2611 saperet,
1273 2537 1344 2610 Quis

135 2615 213 2670 enim
228 2613 300 2671 citra
319 2612 461 2670 mendacii
486 2612 600 2687 culpam
614 2619 710 2687 potest
734 2611 865 2670 absolute
890 2633 997 2688 negare
1012 2634 1042 2671 sc
1064 2615 1137 2672 scire
1152 2635 1216 2690 quae
1231 2616 1293 2690 scit,
1309 2636 1344 2673 1ο

134 2693 214 2768 quod
228 2713 286 2750 non
301 2693 405 2750 debeat
419 2691 484 2748 aliis
498 2690 648 2749 revelare?
690 2690 803 2749 Deinde
827 2692 882 2748 hoc
897 2712 983 2750 sensu
1004 2693 1076 2750 nihil
1092 2695 1150 2751 fere
1164 2703 1249 2767 esset,
1265 2695 1343 2770 quod

134 2792 193 2829 non
209 2782 307 2850 posset
321 2773 379 2830 diei
394 2771 525 2829 Christus
546 2771 679 2846 ignorare
704 2770 772 2846 quia
786 2790 843 2828 non
862 2771 973 2829 revelat
990 2773 1128 2847 mysteria
1142 2793 1194 2830 sua
1209 2773 1343 2832 Ethnicis

135 2862 164 2909 et
179 2852 300 2926 ancis3
317 2853 381 2910 Imo
397 2851 484 2909 Pater
498 2851 559 2927 ipse
574 2849 713 2907 dicendus
729 2859 805 2908 esset
825 2851 958 2925 ignorare
973 2850 1049 2908 diem
1061 2852 1173 2928 judicii,
1198 2872 1263 2909 curn
1278 2872 1342 2911 eum

134 2931 208 2990 nulli
219 2931 338 2990 revelet.
380 2932 447 2989 Non
461 2939 573 2989 tantum
588 2929 656 3004 quia
669 2937 789 2987 noverat
808 2929 924 3005 quidem
939 2931 1104 3006 theoretice,
1121 2931 1172 2988 sod
1187 2951 1340 3009 1111111111-

134 3011 190 3070 tice
206 3020 235 3070 et
249 3011 407 3069 secundum
422 3009 646 3087 experientiam
672 3009 720 3066 Sic
735 3008 810 3066 enim
826 3029 878 3066 1111
894 3009 981 3067 Ρ1111
1005 3011 1066 3085 ipse
1086 3030 1152 3069 curn
1167 3011 1258 3084 novit,
1275 3033 1340 3070 curu

133 3091 264 3150 nondum
279 3090 437 3149 advenerit.
481 3089 539 3148 Sed
548 3088 723 3163 simpliciter,
739 3089 808 3164 quia
821 3088 951 3145 Verbum
963 3089 1017 3146 hoc
1026 3089 1069 3146 illi
1080 3110 1138 3148 non
1152 3091 1341 3149 revelaverat.

135 3171 234 3247 Atque
246 3171 287 3228 ita
307 3171 438 3228 Christus
462 3170 527 3227 vult
549 3168 745 3226 curiositatem
767 3167 974 3243 discipulorum
1002 3189 1191 3244 compescere,
1216 3171 1343 3229 neultra

133 3270 221 3326 quam
236 3258 350 3328 oportet
363 3257 512 3328 penetrare
527 3248 673 3322 auderent,
698 3267 751 3304 nee
769 3247 805 3305 dc
815 3247 920 3324 judicii
934 3249 1011 3306 illius
1026 3257 1153 3325 ternpore
1168 3251 1343 3327 quaestiones

134 3330 318 3407 scrupulosas
342 3337 498 3404 necterent,
524 3327 660 3404 quoniam
684 3327 813 3384 membra
834 3347 897 3385 eam
918 3329 1112 3404 coguitionem
1136 3329 1270 3389 affectare
1284 3351 1343 3389 non

134 3409 250 3484 debent,
266 3429 331 3486 quae
345 3429 381 3468 ne
396 3409 452 3486 ipsi
474 3408 591 3485 quidem
606 3406 700 3484 Capiti
725 3427 861 3465 concessa
883 3417 928 3466 ost
952 3408 1107 3466 seeundum
1134 3410 1342 3469 humanitatem

134 3487 234 3564 ipsius.
278 3489 339 3547 Nec
353 3498 504 3566 propterea
519 3486 663 3545 statuendi
678 3496 745 3544 sunt
759 3487 816 3546 duo
841 3488 956 3562 Christi,
980 3508 1102 3564 quorum
1125 3510 1200 3548 nnus
1215 3490 1341 3565 sciverit,

134 3568 207 3628 alter
221 3569 400 3646 ignoraverit
414 3568 489 3626 diem
507 3567 619 3643 judicii,
644 3566 695 3624 sed
722 3566 787 3624 dnae
811 3575 923 3625 tantum
946 3579 1065 3641 noturae,
1089 3571 1119 3628 in
1134 3591 1192 3628 uno
1218 3571 1340 3644 Christo,

134 3667 198 3724 quae
213 3658 246 3708 ut
260 3650 422 3725 conjunctae
438 3647 548 3706 suntin
563 3647 701 3704 unitatem
716 3666 855 3723 personae,
881 3648 922 3705 ita
947 3658 976 3708 et
990 3651 1179 3726 proprietates
1195 3669 1261 3708 suas
1276 3650 1341 3708 reti·

134 3737 204 3786 nent
217 3728 401 3803 inconfusas;
423 3736 455 3785 ut
479 3727 571 3785 multa
593 3726 628 3783 de
654 3735 709 3784 toto
736 3728 847 3784 Christo
863 3748 913 3785 scu
927 3748 1050 3803 persona
1065 3731 1208 3803 dicuntur,
1225 3750 1289 3805 quae
1304 3729 1341 3787 ad

135 3815 220 3866 totum
237 3809 350 3882 carisii,
367 3827 418 3866 seu
433 3806 470 3864 ad
484 3815 634 3881 utramque
649 3813 780 3863 naturam
795 3827 853 3863 non
877 3808 1030 3883 pertinent,
1057 3809 1108 3867 scd
1122 3808 1160 3866 ad
1174 3810 1341 3867 alterutram

134 3895 255 3946 tantum.
300 3889 369 3945 Istae
382 3907 453 3962 ergo
477 3885 687 3963 propositiones
707 3896 828 3960 possunt
842 3907 904 3944 esse
927 3888 1012 3945 simul
1023 3909 1108 3960 verae,
1130 3888 1343 3946 111111τά111

134 3971 271 4038 utalaae,
289 3967 421 4025 Christus
432 3966 546 4042 ignorat
560 3965 636 4023 diem
648 3965 760 4042 judicii,
776 3974 806 4023 et
815 3966 946 4024 Christus
957 3987 1015 4025 non
1040 3967 1154 4043 ignorat
1176 3967 1252 4023 diem
1263 3966 1342 4043 judi-

135 4046 180 4120 cii,
197 4049 266 4122 quia
279 4047 312 4105 fit
327 4046 468 4123 oppositio
483 4045 558 4104 iuter
579 4051 697 4102 naturas
721 4045 981 4121 conjunctissimas,
1005 4065 1126 4121 quarum
1145 4065 1203 4102 una
1225 4065 1283 4102 non
1298 4044 1340 4102 in-

136 4126 264 4186 cluditur
278 4127 308 4184 111
322 4135 463 4200 conceptu
477 4123 604 4182 alterius.
649 4123 706 4182 Sed
721 4124 778 4182 alia
791 4125 864 4182 ratio
878 4134 923 4183 cst
939 4125 1174 4201 propositionum,
1191 4144 1256 4200 qnae
1270 4125 1342 4182 fiunt

134 4203 171 4263 de
186 4206 230 4280 iis,
247 4226 312 4282 quae
326 4226 384 4262 non
399 4205 583 4263 distinctione
598 4205 676 4278 reali,
693 4204 743 4262 sed
758 4211 870 4262 tantum
885 4203 998 4262 formali
1020 4203 1164 4277 differunt,
1181 4213 1210 4260 et
1223 4224 1288 4279 quae
1302 4204 1343 4261 ita

136 4302 167 4342 se
181 4285 298 4360 habent,
314 4293 347 4344 ut
361 4305 450 4343 unum
466 4284 668 4342 subordinetur
678 4283 769 4357 alteri,
786 4292 815 4341 ct
824 4282 987 4341 includatur
1000 4282 1030 4340 iu
1044 4282 1145 4341 altere.
1189 4283 1275 4341 Unde
1284 4302 1342 4339 non

134 4369 230 4439 potest
255 4365 405 4424 commode
431 4364 497 4438 diei,
527 4363 604 4438 quod
631 4364 718 4420 horno
746 4363 855 4438 aliquid
880 4364 992 4437 ignoret
1012 4363 1169 4420 secundum
1191 4382 1253 4420 esse
1281 4363 1341 4419 ani-

133 4444 218 4518 male,
248 4445 326 4521 quod
348 4445 403 4503 soit
417 4443 575 4502 secundnm
596 4463 658 4502 esse
683 4443 831 4516 rationale,
847 4443 914 4518 quia
928 4447 954 4500 τὶ
974 4441 1113 4500 rationale
1141 4441 1298 4499 includitur
1312 4443 1342 4499 in

134 4523 260 4582 animali.

437 4602 492 4659 VI.
516 4603 543 4660 3.
566 4601 641 4676 Quia
661 4602 754 4660 faetus
769 4609 813 4659 est
828 4602 904 4658 nobis
919 4602 1015 4658 11111111
1033 4601 1203 4674 1111111111,
1221 4601 1296 4658 Heb.
1313 4601 1342 4658 ii.

473 4691 586 4758 eecepto
603 4692 729 4758 peccate,
753 4701 814 4756 cap.
841 4681 879 4738 iv.
905 4683 951 4738 15.
995 4683 1095 4759 Neque
1119 4683 1166 4739 hic
1181 4681 1344 4758 ignorantia

130 4658 156 4704 3.
171 4661 208 4707 Ex
219 4663 283 4709 Hel).
300 4663 326 4707 ii.
340 4661 375 4708 17.
400 4686 445 4757 Π,
