3192 5206
203 371 262 430 ast
619 393 710 435 accus
725 393 853 435 nncruos
868 394 1001 434 rasurus.
1237 367 1362 450 [Querar.
1378 388 1409 428 x.

243 530 316 590 VII.
341 533 372 590 Si
387 532 530 607 Quaritur
544 535 702 594 secundum
726 555 813 612 quam
829 535 967 594 Naturam
982 532 1096 592 Christo
1111 528 1289 605 Exinanitio,
1301 538 1331 588 et
1345 530 1407 587 Ex·

203 609 304 669 altatio
327 611 481 670 tribuenda
503 613 563 672 sit?
584 613 787 692 Respondetur
809 616 865 673 hoc
888 613 1002 691 proprie
1027 612 1085 670 diei
1109 611 1145 669 de
1169 609 1304 684 Persona,
1327 617 1357 668 et
1370 609 1409 667 sd

203 699 354 766 utramque
370 693 509 750 Naturam
523 693 631 769 referri,
647 695 699 753 sed
712 713 818 772 magno
838 693 1011 752 discrimine.
1033 691 1083 750 Ad
1098 692 1237 750 Naturam
1251 689 1409 748 humanam

202 768 318 845 quidem
344 771 440 847 quoad
463 773 569 831 realem
593 773 815 850 depressionem,
839 784 868 833 et
890 772 1094 832 exaltationem
1108 771 1138 828 in
1154 789 1193 829 se.
1216 769 1266 827 Ad
1276 768 1408 826 divinam

202 867 272 907 vero
287 859 399 908 tantum
412 852 522 910 ratione
536 854 744 929 occultationis,
759 863 789 913 et
798 852 1045 926 manifestationis,
1057 852 1146 909 relate
1156 849 1191 908 ad
1207 850 1329 908 Carnem
1343 857 1408 907 tan·

202 947 289 1003 qnam
303 929 409 1004 velum,
425 951 483 1007 quo
498 932 657 1008 tegebatur,
673 943 702 992 ct
717 934 793 992 unde
808 953 869 992 sese
884 932 1033 1010 prodebat.
1079 931 1196 989 Natura
1210 930 1344 988 humanae
1355 948 1407 986 ax-

201 1007 322 1067 inenitio
343 1013 457 1088 proprie
472 1011 617 1088 competit,
638 1022 783 1089 quatenus
802 1014 929 1090 suscepit
948 1021 1062 1070 nostras
1075 1010 1264 1082 infirmitates,
1280 1018 1309 1066 et
1322 1028 1410 1086 passa

203 1096 247 1145 est
268 1107 302 1146 ac
326 1097 448 1148 mortue.
491 1091 638 1150 Exaltatio
663 1112 733 1151 vero
757 1101 899 1170 quatenus
922 1090 1098 1168 resurgendo
1113 1109 1212 1148 omnes
1226 1087 1408 1146 infirmitates

203 1167 344 1242 deposuit,
361 1177 390 1228 et
404 1169 525 1246 gloriam
539 1172 702 1248 assumpsit,
712 1192 798 1249 quam
813 1191 871 1229 non
885 1171 1010 1230 habebat
1023 1179 1117 1228 antea.
1141 1169 1199 1228 Sed
1212 1167 1309 1246 quoad
1323 1166 1408 1224 Divi·

203 1267 279 1321 nam,
294 1248 374 1307 nulla
388 1249 414 1306 ei
429 1250 505 1308 facta
528 1260 573 1308 est
586 1251 748 1310 imminutio
762 1252 792 1309 in
807 1251 1021 1324 Exinenitione,
1037 1250 1118 1308 nulla
1130 1249 1257 1307 accessio
1271 1249 1301 1304 in
1316 1247 1408 1304 Enal-

202 1325 320 1385 taticne.
344 1328 402 1386 Sed
424 1329 581 1388 exinanitio
604 1331 647 1388 illi
661 1331 804 1405 tribuitur,
819 1331 915 1407 quoad
929 1329 1150 1388 occultationem
1164 1337 1193 1387 et
1206 1327 1409 1385 inhibitionem

202 1406 303 1482 gloriae
318 1409 575 1485 etmajestatissub
584 1410 766 1469 formaservi.
784 1410 931 1469 Exultatio
941 1411 1085 1468 veromel
1096 1407 1232 1488 purigans,
1244 1406 1409 1484 sichuoad

202 1485 463 1546 manifestationem
485 1499 515 1547 et
536 1489 737 1565 assertionem,
763 1489 879 1566 quando
902 1499 1012 1547 remoto
1037 1489 1102 1548 velo
1126 1487 1325 1546 infirmitatum
1345 1505 1408 1544 cer-

202 1565 257 1639 nis,
281 1565 374 1642 gloria
397 1568 456 1642 illa,
480 1588 565 1644 quam
587 1568 727 1628 habuerat
751 1570 788 1627 ab
810 1577 925 1642 aterno,
949 1577 978 1627 et
1002 1586 1066 1644 quie
1080 1567 1118 1627 ad
1136 1576 1249 1644 tempus
1263 1566 1409 1624 occultata

202 1643 295 1780 fuelrat
319 1647 375 1782 sui]
395 1647 446 1704 illo
470 1648 545 1724 velo,
560 1647 672 1708 refulsit
685 1649 715 1706 in
740 1649 868 1708 Persona
889 1647 1058 1708 Mediatoris
1072 1647 1192 1706 exaltati
1207 1665 1293 1724 supra
1306 1663 1408 1704 omnes

203 1743 247 1782 eoe
260 1744 300 1798 os,
316 1725 356 1784 Jo
379 1770 386 1784 .
402 1727 472 1784 xvii.
488 1729 515 1786 5.

243 1804 334 1863 Vlll.
351 1806 444 1865 Filius
459 1807 514 1864 Dei
528 1807 633 1866 dicitur
647 1827 709 1867 sese
721 1808 924 1883 exinanivisse,
940 1807 1016 1866 Phil.
1031 1807 1062 1866 ii.
1077 1809 1104 1881 6,
1117 1810 1144 1881 'l;
1156 1825 1214 1863 non
1225 1805 1409 1864 abdicatione

204 1882 382 1959 Divinitatis‚
389 1886 494 1945 mansit
500 1887 577 1945 enim
583 1907 695 1964 semper
703 1907 755 1964 per
764 1887 837 1964 Deo,
844 1889 865 1948 J
867 1890 914 1947 oh.
925 1908 954 1946 v.
964 1891 999 1945 17
1002 1933 1009 1964 ,
1024 1889 1070 1962 18,
1081 1887 1132 1944 sed
1146 1883 1337 1945 occultatione
1351 1884 1408 1942 snb

203 1961 294 2020 forma
309 1965 424 2040 servili;
447 1967 486 2024 Et
500 1986 609 2043 pauper
622 1967 714 2026 factus
730 1977 782 2042 est,
803 1971 821 2026 2
844 1969 908 2028 Cor.
931 1967 992 2024 viii.
1008 1968 1035 2041 9,
1051 1985 1109 2024 non
1123 1965 1277 2024 amissione
1291 1962 1409 2022 divitia·

202 2061 265 2100 rum
280 2044 449 2118 caelestium,
465 2065 537 2121 quas
551 2066 639 2122 penes
650 2065 680 2104 se
695 2065 808 2123 semper
821 2047 930 2120 habuit,
946 2066 1012 2105 cum
1026 2045 1175 2123 plenitudo
1190 2043 1314 2102 Deitatis
1328 2043 1359 2100 in
1373 2063 1410 2100 ec

202 2119 296 2195 fuerit,
318 2131 347 2181 et
367 2123 495 2182 thesauri
509 2125 657 2200 sapientire
671 2134 700 2182 et
724 2126 898 2202 cognitionis
919 2127 950 2184 in
964 2126 1027 2202 ipso
1042 2127 1099 2184 sint
1113 2123 1282 2197 absconditi,
1299 2122 1361 2180 Col.
1377 2121 1409 2181 ii.

203 2202 230 2274 3,
243 2201 271 2274 9,
284 2201 335 2260 sed
346 2203 537 2262 occrdtatione
549 2204 602 2262 sub
615 2205 729 2264 infirma
743 2216 772 2264 et
786 2205 886 2283 indiga
899 2225 993 2280 carne,
1005 2205 1109 2264 Matth.
1117 2203 1177 2262 viii.
1184 2207 1232 2278 20,
1243 2203 1317 2280 Eph.
1327 2203 1368 2262 iv.
1378 2204 1409 2260 9.

676 2444 869 2518 cumerio
890 2447 932 2504 x.

550 2621 589 2660 ns
604 2621 751 2662 rmncrrro
767 2623 844 2660 sura
857 2621 1057 2662 curreremus.

405 2761 573 2836 errssuerit
582 2765 689 2839 Annus,
701 2763 805 2821 Mensis
819 2783 854 2820 ac
869 2764 938 2822 Dies
951 2763 1067 2822 Natalis
1082 2761 1207 2822 Christi!

384 2978 390 2990 ,
507 2920 532 2978 Ι.
555 2921 695 2996 Quamvis
709 2921 796 2979 veriae
811 2921 915 2980 dentur
929 2921 1055 2998 Epcchse
1076 2929 1136 2980 tum
1152 2939 1249 2994 sacra,
1264 2927 1325 2977 tum
1339 2938 1408 2997 pro-

381 3067 387 3079 ,
424 2991 445 3025 '⁹
465 2997 548 3076 fauce,
577 3001 683 3079 quibus
710 3011 840 3078 tempora
861 3001 968 3078 signari
983 3001 1095 3076 solent;
1118 2999 1207 3059 Nulla
1232 3009 1329 3058 tamen
1350 3009 1408 3072 est,

462 3097 527 3156 qua
555 3081 593 3139 ad
621 3083 703 3140 AErae
728 3082 897 3140 Christianae
919 3080 1090 3157 dignitatem
1111 3079 1237 3138 accedat.
1262 3078 1408 3137 Nativitas

200 3151 359 3212 Saloutaria
373 3154 557 3233 Epocharum
581 3162 707 3220 omnium
731 3169 777 3220 cst
790 3161 874 3220 facile
891 3161 1033 3238 princeps.
1056 3159 1124 3218 Huc
1145 3159 1241 3217 omnia
1254 3177 1319 3235 quae
1332 3177 1407 3234 prce-

200 3243 347 3290 cesserunt
361 3243 498 3312 tempora,
513 3248 546 3297 ut
556 3239 728 3299 adfanstum
743 3249 772 3298 et
785 3240 857 3299 felix
868 3260 952 3299 sunm
967 3248 1096 3298 centrum
1111 3247 1249 3315 spectant,
1265 3245 1295 3296 et
1309 3237 1409 3296 omnia

199 3310 366 3384 posteriora,
380 3313 457 3388 hinc,
474 3326 506 3375 ut
520 3338 537 3374 a
551 3318 629 3377 fonte
638 3319 670 3376 in
678 3319 766 3377 finem
778 3320 867 3378 seculi
882 3320 1045 3378 decurrunt.
1069 3323 1087 3352 “
1098 3318 1253 3376 Generatio
1269 3317 1406 3391 Christi,”

199 3385 293 3478 inquit
308 3389 377 3464 Leo,
394 3394 412 3424 “
423 3402 467 3453 est
481 3395 562 3472 origo
579 3399 676 3474 populi
690 3397 854 3474 Christiani,
868 3400 907 3457 Et
920 3397 1024 3457 natalis
1039 3398 1148 3475 Capitis
1159 3407 1203 3456 est
1217 3395 1321 3455 natalis
1335 3397 1407 3454 Cor·

199 3484 289 3558 poris,
298 3476 328 3560 et
338 3468 407 3574 d¹¹¹,¹,¹
424 3471 583 3532 Salvatcris
593 3475 746 3534 adoramus
760 3485 863 3554 ortum,
879 3478 1042 3536 invenimur
1055 3497 1108 3536 nos
1121 3485 1251 3536 nostrum
1261 3475 1407 3535 celebrare

219 3563 290 3603 rinei
311 3565 380 3605 rum.

199 3563 317 3714 Ραωξο
333 3669 441 3726 auperti.
505 3632 547 3692 ΙΙ.
570 3633 652 3693 Licet
666 3653 734 3693 vero
748 3643 837 3694 tante
851 3637 889 3696 sit
904 3637 985 3695 AErae
1009 3635 1093 3694 istius
1107 3635 1272 3712 praestantia
1284 3647 1314 3694 et
1326 3635 1408 3694 utili·

213 3782 220 3797 ⁸
462 3719 525 3786 tes3
548 3713 664 3772 Certum
689 3722 786 3773 tamen
808 3725 860 3790 est,
886 3736 944 3775 non
958 3716 1053 3775 minus
1073 3735 1160 3792 quam
1178 3717 1291 3791 mirum,
1307 3715 1406 3774 Chris-

199 3793 293 3843 tranos
308 3787 399 3846 serius
413 3788 449 3847 de
473 3811 508 3849 ea
522 3793 722 3852 constituenda
744 3803 772 3853 et
795 3795 961 3873 usurpanda
973 3795 1125 3872 cogitasse.
1148 3795 1222 3852 Nam
1237 3803 1303 3855 ante
1317 3795 1407 3872 septi·

198 3883 278 3921 mum
287 3867 424 3944 seculum,
435 3870 531 3930 nullus
538 3872 670 3931 Natalem
678 3873 795 3932 Domini
804 3875 842 3932 ad
847 3876 995 3952 negotium
1002 3875 1092 3933 ullum
1102 3893 1152 3933 sen
1161 3875 1247 3932 civile
1256 3875 1407 3934 seueccle-

198 3943 346 4003 siasticum
360 3945 571 4026 designandum
585 3953 747 4030 applicasse
760 3953 875 4030 legitur.
890 3955 912 4014 J
914 3953 1074 4014 ustinianus
1089 3963 1173 4028 certe,
1189 3953 1238 4030 qui
1260 3957 1319 4014 500
1339 3966 1408 4032 post

199 4023 345 4084 Christum
372 4030 456 4088 aunis
478 4032 619 4108 regnavit,
642 4031 755 4106 Edicto,
781 4033 860 4109 quod
874 4033 909 4092 de
931 4033 1078 4092 notatione
1097 4043 1267 4109 temporum,
1283 4043 1313 4094 et
1336 4054 1406 4094 con-

198 4102 360 4179 signatione
375 4109 516 4168 Actorum
531 4111 710 4189 publicorum
736 4112 860 4171 Novella
876 4117 924 4187 47,
952 4112 1099 4172 veteribus
1123 4121 1284 4190 temporum
1308 4113 1406 4192 desig-

198 4183 362 4242 nationibus
384 4187 420 4246 ab
443 4189 481 4248 U.
507 4191 548 4265 0.,
571 4210 589 4248 a
609 4191 765 4249 Consulum
786 4192 959 4268 nominibus,
979 4192 1016 4250 ab
1035 4191 1255 4268 Indicticnibus,
1270 4203 1406 4270 quartum

197 4261 291 4322 voluit
304 4263 372 4322 addi
386 4268 588 4345 characterem,
604 4270 640 4328 ab
663 4269 896 4348 Imperatoribus.
927 4271 985 4330 Sed
1003 4271 1086 4330 AErae
1100 4271 1270 4331 Christiania
1284 4273 1407 4334 verbum

199 4342 310 4399 nullum
325 4342 402 4405 facit.
445 4348 506 4406 Nee
529 4349 606 4426 apud
629 4351 730 4408 Patres
752 4358 781 4409 et
806 4351 935 4409 Consilia
950 4350 1093 4428 prioribus
1114 4351 1172 4410 illis
1186 4353 1291 4411 seculis
1305 4352 1406 4412 habita

198 4420 259 4478 ulla
272 4421 336 4498 ejus
350 4427 467 4486 mentio.
490 4428 604 4487 Primus
619 4430 772 4506 Dionysium
785 4431 910 4506 enipeus,
922 4432 1039 4490 natione
1056 4431 1165 4508 Scytha
1180 4432 1340 4490 Monachus
1354 4434 1407 4492 vel

200 4497 302 4559 Abbas
314 4502 408 4579 Rom,
424 4506 591 4582 indignatus
606 4529 658 4566 suo
673 4517 702 4567 et
715 4509 858 4586 prioribus
873 4511 986 4586 seculis,
1001 4511 1032 4568 in
1042 4511 1139 4586 Cyclis
1155 4511 1343 4571 Paschalibus
1352 4513 1405 4589 qni

199 4587 328 4655 tempora
357 4583 507 4644 Paschatis
534 4595 563 4645 et
587 4587 724 4646 festorum
749 4589 950 4666 indigitabant,
974 4609 992 4647 a
1016 4590 1190 4649 Diocletiani
1204 4591 1404 4668 persecutione

198 4675 289 4716 annos
310 4659 450 4738 imprimis
464 4665 618 4741 designari,
633 4675 777 4742 expuncto
798 4667 853 4726 hoc
877 4669 1040 4728 charactere
1062 4669 1116 4728 viri
1132 4671 1249 4730 Ethnici
1264 4681 1293 4731 et
1305 4691 1403 4748 perse·
