3146 5210
115 411 320 493 auruspicia]
474 431 512 471 ns
534 433 651 474 orricio
672 433 789 472 curtrsrr
812 431 1009 471 uurnauomo.
1046 419 1049 430 '
1267 413 1325 472 409

117 582 319 651 argumentum
342 573 426 631 Pauli
440 593 497 651 quo
512 593 549 632 ex
563 573 679 634 datione
701 574 817 647 Christi,
840 572 952 650 colligit
971 572 1098 631 omnium
1120 571 1326 631 beneficiorum

117 655 286 713 salutarium
307 654 498 729 collationem,
524 654 610 729 “Qui
630 656 746 733 proprio
768 655 845 713 Filio
866 673 923 713 non
944 653 1094 731 perpercit,
1112 653 1161 709 sed
1177 674 1228 729 pro
1243 654 1327 712 nobis

119 735 254 792 omnibus
277 734 357 792 illum
381 734 506 810 tradidit,
531 736 675 811 quomodo
690 737 747 794 non
762 735 902 812 largietur
915 735 1012 792 omnia
1026 751 1090 791 cum
1107 733 1217 808 ipso?''
1242 734 1326 792 Rom.

119 815 182 872 viii.
198 817 246 872 32.
283 814 369 872 Ratio
383 815 490 891 petitur
504 835 521 872 a
534 815 636 893 majori
651 816 688 874 ad
702 816 805 890 minus,
821 814 965 890 nimirum,
983 814 1038 887 Qui
1053 813 1103 870 dat
1118 813 1234 888 Filium,
1250 813 1329 890 quod

120 895 216 972 majus
230 902 274 952 est
288 894 349 952 sine
364 894 461 970 dubie,
474 895 618 972 quomodo
632 917 688 954 non
705 896 786 954 daret
800 895 895 969 tidem,
911 903 941 953 et
955 903 1058 952 caetcra
1072 894 1169 950 omnia
1183 893 1258 951 dona
1273 895 1328 951 sal·

120 975 215 1048 vitica,
238 974 316 1051 quod
335 974 432 1033 minus
446 978 514 1034 est?
542 995 633 1052 eoque
650 977 752 1053 magis,
768 975 855 1052 quod,
871 983 903 1032 ut
914 975 1034 1052 jamjam
1050 973 1198 1050 probaturi
1219 993 1327 1048 sumus,

121 1055 254 1112 Christus
276 1055 401 1131 seipsum
417 1075 467 1130 pro
482 1056 566 1114 nobis
579 1056 729 1132 tradendo,
750 1057 845 1113 omnia
859 1055 914 1113 ista
928 1054 1004 1113 dona
1018 1073 1082 1111 cum
1098 1053 1189 1113 salute
1211 1055 1331 1113 meritus

120 1143 174 1193 est.
205 1134 290 1192 Unde
305 1135 537 1194 concludendum
552 1145 603 1211 est,
617 1137 674 1195 Vel
689 1136 818 1213 reprobis
832 1135 928 1193 omnia
942 1135 1004 1192 dari
1019 1155 1084 1192 cum
1100 1133 1223 1210 Christo,
1240 1135 1264 1192 si
1278 1154 1330 1211 pro

121 1215 157 1272 iis
176 1223 379 1290 mortuusest;
400 1216 456 1273 Vcl
473 1216 497 1274 si
512 1235 569 1274 non
589 1217 701 1291 dentur,
721 1225 754 1275 ut
768 1215 804 1274 de
819 1235 853 1273 eo
872 1214 947 1274 inter
966 1234 1066 1273 omnes
1090 1223 1211 1289 constat,
1237 1235 1331 1291 ncquc

121 1294 208 1353 etiam
224 1295 369 1353 Christum
384 1315 435 1372 pro
449 1297 508 1353 illis
523 1316 586 1355 esse
600 1297 747 1356 traditum.
789 1295 851 1354 Nee
866 1294 941 1353 solvi
954 1303 1050 1372 potest
1064 1294 1157 1352 nodus
1172 1295 1196 1352 si
1211 1294 1329 1370 dixeris,

122 1375 171 1452 agi
186 1374 221 1432 de
236 1374 390 1433 traditione
412 1376 537 1452 speciali,
564 1397 628 1454 quae
643 1376 718 1435 faeta
733 1376 771 1434 sit
793 1394 844 1452 pro
864 1375 1063 1433 Credentibus.
1107 1373 1189 1449 Quia,
1214 1383 1331 1452 praeter·

123 1474 211 1531 quam
238 1454 316 1530 quod
347 1457 437 1532 gratis
460 1457 631 1534 supponitur
650 1457 712 1514 deri
732 1455 917 1515 traditionem
943 1455 1049 1513 Christi
1073 1454 1276 1529 universalem,
1300 1465 1333 1515 ut

124 1543 209 1593 autea
222 1535 349 1610 dietum;
373 1537 445 1594 Cum
460 1537 533 1595 fides
547 1537 585 1596 sit
599 1537 709 1595 fructus
729 1537 808 1594 illius
828 1534 938 1610 mortis,
957 1555 1015 1592 non
1029 1542 1125 1611 potest
1139 1534 1182 1590 illi
1196 1536 1333 1612 preemitti

124 1621 158 1674 ut
182 1615 309 1674 conditio
331 1616 527 1692 praeccdanea.
580 1616 667 1675 Adde
687 1616 764 1693 quod
780 1635 845 1674 cum
860 1635 896 1674 ex
912 1615 1011 1673 ordine
1033 1613 1110 1692 apud
1124 1614 1213 1672 Viros
1232 1614 1334 1673 doctos

125 1703 240 1772 recepto
265 1695 412 1754 decrerum
438 1698 538 1756 mortis
564 1696 671 1756 Christi
694 1696 846 1755 antecedat
867 1695 1014 1753 decretum
1029 1694 1064 1752 de
1080 1693 1175 1751 danda
1188 1693 1254 1770 fide,
1275 1714 1334 1752 non

125 1783 221 1851 potest
235 1776 356 1853 concipi,
376 1777 520 1853 quomodo
536 1777 621 1835 simul
632 1785 661 1835 et
675 1776 764 1834 semel
778 1777 807 1833 in
822 1775 924 1834 eodem
939 1783 1005 1835 actu
1020 1773 1233 1850 simplicissimo
1250 1783 1334 1851 potu·

127 1854 182 1912 erit
196 1855 270 1913 tradi
284 1875 336 1933 pro
350 1857 492 1930 omnibus,
509 1866 537 1916 et
551 1877 603 1935 pro
617 1856 791 1933 quibusdam
805 1863 927 1915 tantum.

430 1937 538 1995 XXV.
566 1937 682 2011 Quinto,
694 1939 747 1994 Ex
759 1957 868 1994 summa
879 1935 1023 1994 dilectione
1036 1934 1148 1993 Christi.
1162 1933 1219 1992 Pro
1230 1935 1337 2011 quibus

391 2018 522 2075 Christus
537 2026 667 2075 mortuus
681 2025 726 2075 est
740 2037 790 2074 cos
804 2023 952 2092 tantopere
968 2015 1080 2090 dilexit,
1095 2021 1127 2072 ut
1141 2015 1233 2092 major
1247 2014 1335 2072 dilcc-

390 2097 431 2155 tio
446 2097 507 2155 dari
522 2118 579 2154 non
593 2096 694 2174 possit.
731 2099 749 2129 “
759 2097 901 2174 Majorem
916 2095 1114 2167 charitatem,”
1130 2093 1224 2171 inquit
1239 2095 1336 2152 Chris·

128 2184 184 2251 tue,
208 2177 279 2235 Joh.
293 2198 344 2236 xv.
362 2181 408 2251 13,
425 2181 536 2236 “nemo
558 2177 654 2251 habet,
671 2197 756 2254 queen
773 2177 877 2252 siquis
899 2177 1023 2233 animam
1048 2183 1136 2253 ponat
1160 2195 1212 2251 pro
1237 2175 1337 2233 amicis

128 2257 216 2314 suis.''
246 2257 285 2316 Et
301 2258 418 2333 Paulus,
430 2257 513 2316 Rom.
529 2279 557 2316 v.
571 2261 598 2332 7,
614 2259 642 2333 8,
658 2256 841 2316 dilectionem
857 2257 940 2314 istam
956 2257 997 2314 ita
1011 2254 1201 2330 commendat,
1223 2264 1256 2314 ut
1277 2275 1338 2312 rem

129 2336 214 2413 plane
229 2338 329 2395 miram
344 2347 373 2396 et
387 2338 545 2397 inauditam
567 2338 641 2396 inter
661 2337 801 2412 homines,
822 2337 910 2394 “Vix
924 2345 977 2410 cst,
992 2344 1025 2395 ut
1039 2335 1104 2413 quis
1128 2336 1266 2394 moriatur
1286 2355 1339 2412 pro

126 2417 217 2493 justo,
230 2418 282 2475 sed
292 2417 363 2476 forte
378 2438 429 2495 pro
441 2418 503 2476 viro
518 2418 609 2496 probo
623 2417 728 2493 aliquis
743 2416 896 2475 sustinebit
911 2425 1059 2494 oppetere;
1076 2415 1258 2474 commendat
1269 2435 1339 2473 vero

130 2496 299 2555 charitatem
320 2517 400 2556 suam
421 2495 545 2557 Dcn'sin
561 2517 594 2556 eo
610 2497 767 2574 quodcum
788 2505 954 2574 peccatores
975 2517 1111 2571 essemus,
1136 2495 1266 2554 Christus
1288 2516 1339 2572 pro

129 2577 214 2635 nobis
238 2585 368 2636 mortuus
392 2579 466 2637 est.’'
509 2578 552 2637 At
569 2579 625 2636 hoe
647 2577 683 2636 de
711 2577 845 2635 omnibus
862 2585 892 2636 et
915 2576 1037 2653 singulis
1061 2577 1118 2635 dici
1140 2577 1249 2652 nequit,
1274 2596 1339 2634 curn

131 2657 207 2734 apud
223 2677 322 2716 omnes
337 2666 457 2732 constet,
471 2659 588 2717 Petrum
603 2658 697 2734 magis
707 2679 724 2715 a
734 2657 849 2716 Christo
860 2656 997 2715 dilectum
1012 2655 1109 2730 fuisse,
1123 2677 1209 2733 quam
1221 2655 1339 2715 Judanr.

131 2737 192 2796 Nec
206 2738 271 2814 capi
284 2746 389 2814 potest,
412 2738 555 2815 quomodo
571 2757 680 2796 summe
696 2737 833 2795 dilexisse
849 2737 906 2794 dici
919 2737 1020 2813 possit,
1046 2757 1119 2812 quos
1133 2744 1270 2812 tanquam
1296 2755 1340 2792 se·

131 2837 218 2875 verus
237 2818 338 2877 Judex
359 2827 495 2877 aeternum
517 2817 692 2894 torquendos
706 2817 768 2895 jarn
785 2817 899 2876 Satanae
914 2815 1081 2890 tradiderat,
1096 2815 1144 2874 vel
1158 2814 1341 2872 irrecusabili

134 2898 258 2957 Decreto
277 2899 436 2957 traditurus
455 2906 525 2956 erat.
568 2897 630 2956 Nee
644 2897 702 2956 dici
716 2905 811 2974 potest
826 2897 874 2973 agi
889 2894 925 2954 de
939 2896 1051 2954 actibus
1067 2895 1194 2954 externis
1209 2893 1341 2952 dilectio·

132 2977 192 3053 nis3
207 2979 276 3055 quia
286 2987 476 3056 praeterquam
486 2977 564 3055 quod
573 2986 655 3036 actus
664 2977 776 3036 externi
786 2985 951 3054 supponunt
960 2976 1102 3050 internos;
1116 2975 1139 3031 si
1150 2974 1281 3032 Christus
1290 2993 1342 3050 pro

133 3058 266 3116 omnibus
277 3068 306 3116 et
318 3058 440 3135 singulis
455 3067 550 3116 ectum
566 3058 652 3116 istum
667 3056 839 3116 exteriorem
854 3055 975 3130 exeruit,
989 3074 1046 3130 quo
1058 3055 1150 3131 major
1160 3054 1220 3111 dari
1232 3053 1341 3129 nequit,

134 3138 263 3214 sequitur
276 3139 348 3196 nihil
363 3138 456 3216 magis
470 3139 600 3214 praestari
614 3157 698 3215 posse
710 3157 728 3195 a
739 3136 854 3195 Christo
868 3154 920 3212 pro
936 3135 1054 3209 Electis,
1067 3155 1152 3211 quam
1164 3154 1216 3212 pro
1232 3134 1342 3210 Repro-

133 3218 186 3292 bis,
202 3217 280 3296 quod
291 3239 376 3277 nemo
390 3237 448 3276 non
463 3218 543 3276 videt
557 3239 619 3276 csse
635 3217 800 3276 absurdum.
837 3216 897 3274 Noc
913 3215 937 3272 si
952 3215 1069 3274 Electus
1084 3215 1156 3272 alios
1171 3213 1235 3272 aliis
1249 3213 1343 3289 magis

134 3296 245 3375 diligat,
261 3299 357 3376 quoad
372 3299 544 3357 charismata
558 3299 670 3356 interna
687 3297 819 3374 Spiritus,
836 3315 957 3373 quorum
972 3295 1126 3354 diversitas
1138 3293 1292 3372 requiritur
1306 3292 1343 3351 ad

135 3377 269 3456 Corporis
285 3379 328 3438 sui
343 3379 459 3456 mystici
474 3378 691 3456 perfectionem
711 3378 766 3435 hoc
781 3378 895 3436 obstare
910 3383 1014 3453 potest,
1030 3375 1184 3452 quominus
1199 3373 1343 3433 maximus

135 3459 242 3536 gradm
251 3458 422 3533 dilectionis,
439 3479 496 3528 uua
510 3467 647 3534 utrosque
661 3465 831 3535 prosecutus
842 3465 894 3531 est,
908 3457 945 3515 sit
959 3455 1063 3533 positio
1079 3456 1181 3514 animm
1197 3475 1248 3532 pro
1263 3454 1344 3532 ipsis.

440 3538 565 3597 XXVI.
590 3539 688 3612 Sexto,
707 3538 753 3594 Ex
768 3546 874 3595 notura
888 3536 1051 3613 sponsione
1068 3537 1175 3596 Christi
1193 3535 1269 3594 idem
1285 3535 1343 3592 col-

133 3602 377 3690 ⁶·E¹¹¹⁸.‘¹¹l²²,sp⁰¹¹'
399 3619 509 3696 ligitur.
553 3620 625 3677 Cum
640 3619 716 3676 enirn
732 3617 966 3676 substitutionem
982 3617 1090 3676 Christi
1104 3617 1134 3675 in
1158 3617 1255 3675 locum
1277 3635 1343 3672 nos·

215 3678 304 3718 sums,
398 3707 475 3758 trum
490 3699 633 3776 importet,
648 3705 753 3756 utnon
768 3705 879 3756 tantum
894 3705 1025 3756 mortuus
1037 3698 1075 3756 sit
1084 3697 1160 3756 bono
1170 3705 1278 3770 nostro,
1292 3695 1344 3753 scd

135 3777 199 3834 loeo
213 3787 321 3854 nostro,
335 3788 369 3839 ut
383 3789 468 3838 antea
482 3779 600 3853 dictum,
616 3786 646 3837 et
659 3788 759 3836 contra
776 3777 963 3836 Socioruanos
978 3777 1069 3836 solide
1084 3797 1100 3834 a
1112 3777 1226 3835 Nostris
1240 3775 1343 3852 proba-

137 3862 198 3913 tum
213 3856 274 3932 tuit,
290 3859 330 3917 ita
344 3869 376 3918 ut
393 3860 553 3938 Sponsione
576 3879 629 3918 sua
653 3877 737 3916 omne
760 3877 858 3916 eorum
883 3857 1021 3932 debitum,
1047 3877 1168 3934 quorum
1193 3875 1346 3932 personam

140 3935 283 4011 sustinuit,
299 3937 329 3994 in
344 3959 374 3997 se
389 3940 576 4014 transtulerit,
593 3947 621 3998 ct
635 3939 672 3996 ab
684 3939 719 3996 iis
728 3937 887 4012 abstulerit,
900 3947 930 3996 et
940 3945 1075 4014 tanquam
1087 3956 1169 3994 suum
1179 3933 1345 4010 plenissime

139 4017 320 4092 expunxerit,
343 4037 402 4076 non
415 4021 511 4078 minus
525 4039 611 4097 quarn
627 4020 652 4076 si
666 4019 721 4096 ipsi
736 4018 778 4075 illi
793 4017 1021 4095 pcccatorcshoc
1030 4017 1124 4093 ipsum
1133 4013 1344 4092 prestitisscnt,

139 4094 251 4171 concipi
266 4115 323 4152 non
337 4106 432 4173 potest
446 4099 591 4177 quomodo
605 4099 648 4157 illi
659 4119 711 4176 pro
726 4097 831 4174 quibus
852 4106 983 4156 mortuns
1008 4103 1052 4153 cst
1076 4103 1105 4152 ct
1130 4093 1269 4152 satisfecit
1290 4092 1346 4149 hoc

138 4184 233 4252 pacto,
249 4175 359 4250 possint
373 4178 467 4236 adhuc
482 4189 595 4238 aeternac
609 4178 804 4237 maledictioni
820 4177 932 4255 subjici,
949 4186 977 4234 et
992 4174 1028 4232 ad
1042 4192 1143 4251 poenas
1164 4171 1346 4230 commeritus

138 4253 272 4314 ferendas
285 4255 389 4314 iterum
403 4257 543 4336 obligari3
566 4259 644 4336 quod
659 4257 812 4316 dicendum
837 4267 882 4316 cst
905 4265 1011 4327 tamen,
1038 4254 1062 4312 si
1085 4273 1137 4330 pro
1162 4253 1235 4327 aliis,
1259 4269 1346 4328 quam

138 4355 192 4413 pro
207 4335 326 4410 Erectis,
341 4345 386 4395 est
399 4347 537 4414 mortuus,
554 4359 619 4398 cum
632 4339 688 4396 hoc
702 4338 785 4397 bonae
799 4337 868 4396 fidei
882 4344 911 4395 et
921 4335 1042 4414 justitiae
1059 4333 1114 4392 Dei
1128 4339 1226 4410 aperte
1240 4351 1308 4408 rcpu
1313 4349 1346 4408 g·

138 4425 197 4476 net.
240 4415 315 4472 Nam
330 4417 355 4474 si
369 4416 496 4476 debitum
512 4419 657 4494 peristam
675 4417 864 4496 Sponsionem
886 4415 915 4473 in
939 4415 1085 4474 Christum
1107 4413 1278 4473 translatum
1293 4419 1346 4485 cst,

138 4505 167 4556 ct
182 4503 369 4573 expunctum,
385 4517 470 4556 nemo
484 4517 542 4556 nen
557 4499 646 4572 videt,
663 4499 703 4557 ita
713 4497 882 4576 aprimariis
893 4494 1072 4554 debitoribus
1087 4513 1150 4552 csse
1165 4493 1301 4566 ablatum,
1315 4497 1348 4548 ut

137 4577 175 4637 ab
191 4577 249 4635 illis
265 4576 370 4636 solutio
386 4577 448 4654 ejus
463 4578 586 4655 amplius
600 4578 680 4656 exigi
694 4599 754 4637 non
767 4577 868 4656 possit,
885 4575 937 4635 sed
950 4575 1034 4633 liberi
1049 4583 1079 4634 ct
1093 4573 1220 4634 exsoluti
1234 4572 1271 4630 ab
1286 4591 1346 4628 orn-

138 4660 167 4716 ni
182 4677 269 4736 poena
283 4657 313 4715 in
333 4666 481 4734 posterum
506 4667 648 4717 maneant.
692 4659 756 4734 Quo
779 4657 926 4734 pertinent
948 4656 1014 4714 loca
1040 4655 1204 4732 Scriptura,
1230 4673 1294 4730 quae
1319 4651 1348 4708 iu

138 4739 285 4798 Christum
300 4737 342 4796 ita
355 4738 495 4797 translata
511 4737 599 4798 fuisse
613 4749 731 4816 peccata
755 4747 853 4796 nostra
876 4743 1016 4812 asserunt,
1043 4743 1074 4794 ut
1093 4733 1245 4812 castigatio
1269 4731 1350 4810 pacis

128 1999 150 2044 5.
166 1999 203 2044 Ex
222 2014 317 2046 summa
334 2004 369 2048 dt-

148 2059 252 2104 icetione
264 2059 354 2107 Christi
363 2078 369 2116 ;
