3150 5206
123 403 239 455 cuusr.
256 383 317 465 un]
507 403 546 442 aa
561 403 693 444 raasoux
708 404 746 443 nr
763 403 858 445 sraru
873 403 1000 445 crrnrsrr.
1284 387 1342 444 26?

123 546 241 606 caeteris
256 544 407 618 Tuuissus,
418 545 468 622 qui
477 546 532 604 hoc
541 566 660 624 operose
670 546 792 624 probare
803 546 914 607 nititur.
959 545 1016 605 Sed
1027 565 1085 605 non
1097 543 1249 604 defuerunt
1260 545 1347 604 etiam

126 647 169 688 ex
192 626 331 684 Patribus
345 633 375 683 et
391 625 585 701 Scholasticis,
602 627 652 704 qui
673 628 747 686 hanc
761 628 961 686 necessitatem
976 635 1177 704 agnoverunt;
1204 625 1346 686 Athenas.

127 709 161 767 iu
175 715 259 766 tract.
272 706 308 764 de
318 705 410 764 Verbi
420 706 544 782 lucam,
561 707 719 766 Auselmus
730 708 760 765 iu
771 707 822 766 lib.
839 707 922 766 “Cur
938 707 1017 766 Deus
1031 707 1147 781 homo,'’
1164 706 1301 764 Ambros.
1317 707 1348 763 ln

128 786 210 847 Heb.
225 787 266 845 ix.
310 785 422 861 Quibus
435 786 647 865 adstipulantur
657 787 785 866 plerique
801 807 838 846 ex
853 787 975 862 Nostris,
991 786 1116 860 maxime
1135 793 1200 864 post
1215 793 1348 845 exortum

130 869 282 943 Socinum,
298 885 419 944 quorum
435 867 614 944 sententiam,
630 875 662 926 ut
676 869 817 927 veriorem
838 877 868 928 et
887 869 1023 926 tutiorem
1037 868 1122 926 etiam
1138 867 1347 944 amplectimur.

175 947 266 1006 XVI.
290 947 430 1006 Rationes
445 953 519 1024 suut,
538 951 564 1007 1.
580 948 654 1023 Quia
674 956 707 1007 ut
723 949 803 1007 Deus
822 949 965 1024 justitiam
981 967 1062 1007 suam
1077 948 1221 1026 abnegare
1235 948 1346 1024 nequit,

129 1047 191 1088 non
205 1027 301 1106 potuit
314 1027 446 1086 homines
459 1027 589 1105 liberare,
616 1029 687 1106 quia
713 1028 792 1106 prius
816 1028 858 1086 illi
873 1027 1050 1088 satisfactum
1066 1038 1151 1087 esset.
1174 1027 1240 1085 Non
1254 1027 1349 1104 potuit

131 1107 269 1168 satisfieri
280 1107 402 1184 justitiae
417 1107 536 1167 infinita
550 1109 607 1167 nisi
627 1129 679 1186 per
699 1110 787 1189 λῦτςοι
800 1108 918 1186 aliquod
938 1108 1090 1182 infinitum,
1106 1127 1162 1167 neo
1174 1106 1261 1188 λῖπςοι
1275 1107 1349 1166 illud

132 1188 281 1248 inlinitum
294 1188 390 1265 potuit
409 1189 522 1266 uspiam
536 1189 662 1266 reperiri,
685 1209 772 1266 quam
793 1189 823 1246 iu
838 1189 894 1247 Dei
910 1189 995 1248 Filio.
1010 1189 1139 1249 Justitiae
1154 1198 1250 1248 autem
1264 1187 1349 1246 istius

133 1269 306 1328 exercitium
321 1269 514 1327 necessarium
529 1289 601 1343 esse,
616 1289 674 1328 nou
688 1269 809 1329 liberum
826 1289 877 1328 seu
891 1269 1081 1344 arbitrarIum,
1097 1268 1176 1346 quod
1190 1289 1207 1326 a
1221 1267 1283 1327 solo
1293 1268 1349 1326 Dei

133 1349 318 1428 beneplacito
332 1348 464 1426 pendeat,
479 1350 666 1427 prohavaus
681 1350 714 1408 P.
731 1350 755 1408 I.
771 1351 840 1408 Loc.
857 1349 926 1426 111,
943 1350 979 1408 de
995 1349 1067 1424 Deo,
1080 1349 1114 1424 Q.
1131 1348 1227 1408 XIX.

179 1429 288 1487 XVII.
311 1435 339 1486 2.
355 1428 430 1504 Quia
444 1430 468 1488 si
489 1447 535 1489 res
555 1430 640 1488 aliter
658 1429 721 1489 fieri
736 1431 838 1508 potuit,
855 1429 921 1488 Non
943 1429 1081 1488 credibile
1103 1438 1147 1489 est
1163 1430 1257 1489 Deum
1272 1429 1348 1506 sapi-

135 1508 318 1570 entissimum
339 1517 368 1567 et
388 1511 536 1586 optimum,
553 1511 705 1569 consilium
718 1511 774 1569 hoc
795 1511 933 1569 initurum
954 1509 1051 1584 fuisse,
1067 1509 1146 1587 quod
1166 1529 1267 1587 parum
1282 1529 1349 1568 con-

136 1591 240 1650 venire
264 1589 419 1648 videbatur
443 1591 591 1668 sapientiae
612 1591 675 1668 qius
696 1600 726 1650 et
754 1589 887 1649 bonitati.
930 1591 1004 1648 Nam
1026 1589 1050 1684 pi
1066 1590 1127 1648 solo
1151 1590 1241 1647 verbo
1256 1589 1351 1666 potuit

136 1671 272 1730 homines
285 1670 427 1746 liberare;
450 1671 500 1729 An
521 1671 691 1748 sapientiam
713 1671 857 1730 decuisset
877 1677 957 1729 tanto
972 1669 1119 1728 molimine
1133 1687 1193 1726 rem
1207 1677 1267 1727 tam
1281 1667 1350 1726 faci-

136 1752 197 1810 lem
222 1757 367 1827 praestare,
393 1758 422 1809 et
443 1751 548 1810 coelum
572 1771 605 1809 ac
630 1759 735 1810 terram
751 1749 963 1828 quodammodo
978 1751 1182 1807 commovere?
1223 1747 1272 1806 An
1301 1767 1352 1824 per

136 1832 225 1910 plura
238 1830 362 1906 fecisset,
378 1831 457 1908 quod
481 1831 573 1891 faeere
596 1831 691 1908 potuit
714 1833 766 1908 pe'r
789 1831 948 1908 pauciora?
990 1829 1029 1887 Et
1043 1829 1108 1906 quls
1123 1827 1221 1886 credat
1237 1829 1351 1886 Patrem

137 1910 250 1970 Filium
266 1929 349 1969 suum
374 1911 601 1988 dilectissimum,
617 1912 647 1970 ia
674 1931 732 1988 quo
757 1912 851 1969 omnis
872 1911 936 1988 ejus
963 1907 1061 1968 scissia
1074 1909 1199 1986 reposita
1213 1917 1265 1983 est,
1282 1909 1354 1966 citra

136 1991 342 2051 necessitatem
362 1992 490 2052 voluisse
502 1991 574 2051 coelo
589 1991 747 2068 demittere,
764 2009 848 2050 carne
862 1999 961 2050 nostra
971 1990 1098 2064 induere,
1115 1997 1144 2047 et
1157 1988 1236 2047 mille
1251 2007 1352 2046 aarum·

136 2073 196 2148 nis,
212 2079 241 2130 et
265 2071 381 2130 taudem
406 2072 557 2131 dirissima
578 2073 663 2132 morti
688 2093 739 2150 pro
763 2071 848 2130 nobis
872 2074 1041 2148 exponere?
1063 2071 1138 2129 Sanc
1156 2069 1302 2146 Sapientia
1326 2077 1356 2126 et

139 2153 265 2212 Bonitas
281 2152 336 2210 Dei
350 2171 408 2210 non
422 2153 578 2230 patiuntur,
593 2161 626 2212 ut
641 2153 791 2212 credamus
804 2153 860 2210 hoc
874 2151 917 2209 illi
930 2152 1053 2209 liberum
1068 2149 1165 2226 fuisse,
1182 2149 1233 2208 sed
1247 2149 1276 2207 N
1277 2167 1356 2208 eces-

139 2235 259 2294 sitatem
272 2232 418 2310 quandam
431 2233 646 2294 ineluctabilem
660 2232 707 2292 hic
721 2233 918 2292 intercessisse
933 2251 1005 2310 opus
1020 2240 1072 2291 est.

184 2312 310 2371 XVIII.
333 2313 395 2371 Neo
408 2315 568 2392 putandum
582 2333 636 2372 uos
649 2313 704 2372 hoe
720 2313 873 2373 statuendo
887 2313 994 2372 limites
1008 2331 1113 2389 ponere
1128 2309 1204 2370 velle
1219 2309 1355 2389 Omnipo-

140 2393 243 2453 teutiae
255 2393 320 2468 Dei,
332 2393 381 2452 vel
391 2395 461 2470 quid
474 2413 586 2453 summo
601 2395 673 2453 Jure
688 2395 780 2472 possit
794 2395 825 2452 in
839 2395 1005 2453 Creuturam
1019 2392 1147 2451 definire.
1172 2390 1230 2450 Sed
1244 2399 1356 2450 tautum

140 2474 325 2534 ostendimus
339 2491 376 2531 ex
400 2473 548 2552 Scriptura
558 2473 629 2553 quid
639 2475 731 2552 possit
742 2474 789 2533 rel
813 2493 872 2533 uon
897 2473 990 2551 possit
1006 2474 1086 2532 Deus
1096 2474 1184 2546 juxta
1198 2472 1356 2549 potentiam

141 2554 315 2628 ordinatam,
331 2561 361 2612 et
370 2554 421 2631 jus
431 2555 589 2615 virtutibus
602 2561 802 2633 temperatum.
845 2555 963 2630 Caetera,
980 2572 1045 2630 qum
1059 2555 1117 2611 huc
1131 2554 1283 2630 pertinent,
1299 2560 1357 2610 tra-

142 2635 250 2694 dentur
264 2634 295 2692 in
309 2634 505 2711 sequentibus,
521 2655 609 2713 quum
625 2635 820 2713 disputabitur
833 2635 869 2693 de
884 2635 1064 2693 Necessitate
1079 2632 1299 2692 Satissaationis.

143 2753 231 2800 M,
244 2753 388 2812 Proposita,
449 2715 544 2776 XIX.
566 2716 665 2775 Tertia
680 2715 861 2793 Propositio:
885 2717 953 2774 Noa
962 2715 1057 2790 potuit
1070 2733 1139 2789 opus
1149 2711 1359 2802 Redemptr'oais

175 2813 242 2871 opus
258 2813 345 2857 ruatis
354 2827 392 2857 ra-
408 2797 520 2874 perqqi,
535 2797 651 2872 aisiper
665 2797 818 2878 indulgens
832 2797 881 2872 qui
891 2815 947 2872 per
957 2794 1186 2852 Iacarnatr'ouem
1207 2793 1358 2848 bauzanum

175 2872 290 2930 qaimbat
322 2873 388 2920 Μ*
408 2885 543 2936 naturam
562 2877 664 2936 divinia
687 2876 871 2935 indissolubili
888 2875 997 2933 vinculo
1018 2875 1145 2931 sociaret.
1189 2871 1261 2928 Cum
1283 2871 1358 2928 enim

172 2941 263 3004 “m''
408 2957 445 3016 ad
467 2978 521 3017 nos
535 2956 719 3016 redimendos
743 2957 800 3014 duo
821 2954 1003 3032 potissimum
1025 2953 1246 3028 requirerentur,
1262 2951 1360 3026 aequi-

143 3042 213 3104 sitio
227 3042 339 3115 salutis,
355 3047 385 3099 et
405 3037 534 3116 ejusdem
555 3037 718 3115 applicatio,
734 3035 834 3094 mortis
855 3033 1002 3111 perpessio
1024 3032 1061 3090 ad
1082 3030 1315 3104 satisfactionem,
1331 3039 1360 3089 ct

143 3123 278 3203 ejusdem
291 3120 415 3179 victoria
428 3118 466 3177 ad
478 3119 547 3177 vitae
559 3117 722 3176 fruitionem
735 3139 742 3193 ;
765 3115 911 3174 Mediator
931 3121 1029 3170 noster
1042 3111 1142 3170 debuit
1157 3129 1220 3168 esse
1240 3111 1359 3191 &adsten-

144 3227 191 3269 a«
205 3212 237 3262 ut
250 3204 314 3260 haec
339 3207 536 3276 exequeretur,
560 3198 658 3256 Homo
679 3197 730 3274 qui
750 3201 904 3274 pateretur,
932 3193 1012 3252 Deus
1034 3193 1085 3269 qui
1108 3191 1245 3266 vinceret,
1263 3191 1360 3249 Homo

145 3285 198 3362 qui
217 3301 320 3360 poenas
340 3280 425 3339 nobis
449 3279 561 3338 debitas
582 3279 676 3354 ferret,
701 3277 781 3335 Deus
809 3275 859 3352 qui
886 3295 935 3333 eus
963 3272 1100 3351 perferret
1128 3279 1157 3330 et
1185 3271 1358 3347 exhauriret,

148 3365 247 3423 Homo
262 3362 312 3440 qui
327 3360 475 3419 moriendo
500 3359 621 3418 salutem
647 3357 731 3416 nohis
746 3356 914 3434 acquireret,
933 3355 1012 3413 Deus
1037 3353 1087 3431 qui
1110 3351 1254 3410 vincendo
1274 3352 1360 3411 nohis

146 3463 213 3504 eam
228 3441 393 3520 applicaret,
410 3441 508 3498 Homo
522 3440 572 3517 qui
586 3447 685 3498 noster
698 3438 780 3497 fieret
793 3455 845 3516 per
855 3435 951 3494 carnis
963 3432 1198 3512 assumptionem,
1216 3432 1295 3491 Deus
1310 3433 1362 3511 qui

144 3543 202 3584 nos
217 3523 272 3583 sihi
287 3521 395 3582 similes
409 3519 541 3579 redderet
554 3539 606 3598 per
618 3519 742 3597 Spiritus
757 3517 948 3576 collationem.
991 3515 1076 3590 Quod
1089 3533 1142 3572 nec
1153 3514 1239 3572 homo
1254 3532 1360 3588 merus,

146 3625 203 3663 nec
218 3603 299 3662 Deus
314 3602 393 3661 solus
406 3607 528 3678 poterat.
557 3598 619 3657 Nec
634 3599 710 3658 enim
727 3605 849 3656 mortem
873 3597 952 3656 solus
978 3596 1058 3654 Deus
1073 3595 1187 3670 sentire,
1213 3614 1266 3654 uec
1282 3595 1361 3653 solus

146 3687 236 3744 homo
260 3701 395 3761 superare
413 3681 527 3760 potuit;
560 3680 639 3739 solus
661 3679 749 3738 homo
779 3678 874 3756 potuit
901 3697 953 3756 pro
975 3676 1142 3736 hominibus
1168 3675 1250 3748 mori,
1281 3675 1360 3734 solus

148 3767 233 3824 Deus
254 3763 348 3841 potuit
370 3769 491 3820 mortem
513 3760 638 3819 vincere.
681 3760 812 3836 Utraque
827 3778 896 3834 ergo
917 3765 1019 3816 natura
1033 3757 1136 3816 sociari
1160 3755 1268 3831 debuit,
1283 3755 1360 3814 utin

146 3853 272 3922 utraque
297 3842 473 3920 conjunctim
498 3849 527 3900 et
551 3859 663 3898 summa
683 3839 835 3897 infirmitas
859 3837 1047 3897 humanitatis
1071 3837 1108 3896 ad
1135 3835 1307 3912 passionem,
1331 3843 1361 3892 et

149 3945 264 3986 summa
277 3923 371 3982 virtus
385 3931 415 3981 et
430 3923 570 3999 Majestas
591 3919 752 3978 divinitatis
767 3917 804 3977 ad
818 3917 970 3977 victoriam
985 3937 1048 3977 sese
1063 3923 1222 3975 exererent.

191 4004 269 4063 XX.
294 4007 320 4062 1.
344 4003 499 4061 Hominem
514 4019 578 4059 esse
600 3999 698 4058 decuit
721 3999 832 4057 ratione
855 3999 979 4057 Justitiae
993 3997 1057 4071 Dei,
1070 4015 1134 4073 quae
1148 3991 1312 4070 requirebat
1326 4001 1359 4050 ut

146 4093 300 4166 peccatum
314 4084 345 4141 in
359 4083 459 4142 eadem
473 4087 576 4140 natura
589 4081 746 4157 puniretur,
761 4080 792 4136 in
816 4098 874 4157 qua
888 4079 1070 4137 commissum
1085 4073 1187 4146 furerat,
1196 4073 1284 4148 juxta
1297 4091 1358 4130 ora-

149 4167 249 4226 culum
264 4165 351 4223 Erec.
376 4163 459 4222 xviii.
484 4165 512 4236 4,
538 4161 635 4220 aniate
659 4179 722 4237 quta
737 4160 866 4236 peccauit
886 4159 1022 4217 moriebar
1031 4179 1044 4230 ,·
1067 4154 1124 4214 Sed
1144 4161 1173 4211 ct
1189 4152 1292 4228 Deum,
1309 4151 1359 4228 qui

147 4245 335 4328 passionibus
350 4245 409 4303 suis
422 4242 551 4302 valorem
566 4240 686 4299 adderet
698 4240 852 4298 infinitum.
895 4243 923 4297 2.
936 4237 1059 4295 Ratione
1077 4234 1168 4306 Officii
1182 4231 1294 4307 Christi,
1310 4231 1359 4289 de·

147 4327 215 4387 buit
230 4324 401 4385 Mediatoris
415 4341 533 4382 munere
547 4321 638 4398 fungi,
654 4329 687 4379 ut
700 4320 832 4378 homines
848 4319 911 4377 Deo
926 4315 1143 4376 reconciliaret:
1166 4313 1246 4388 Ergo
1260 4311 1361 4370 debuit

148 4408 265 4468 medius
280 4423 344 4464 esse
368 4404 443 4464 inter
463 4411 609 4480 utrosque,
628 4409 657 4460 et
670 4402 762 4459 instar
786 4399 870 4458 scalae
893 4397 998 4458 Jacohi
1021 4395 1124 4454 coelum
1140 4400 1285 4453 ettenam
1309 4409 1361 4467 per

146 4490 301 4566 utriusque
321 4493 430 4544 naturae
443 4482 692 4562 participationem
717 4481 902 4558 conjungere.
946 4477 987 4537 Ut
1012 4475 1164 4552 Propheta,
1190 4471 1362 4548 debuitque

148 4567 249 4630 Homo
264 4567 378 4625 desumi
392 4583 429 4624 er
443 4563 578 4623 fratribus
603 4563 671 4638 suis,
693 4571 726 4621 ut
740 4560 918 4620 familiariter
932 4577 995 4617 cum
1010 4555 1175 4614 hominibus
1188 4559 1360 4625 versaretur,

148 4659 179 4711 et
192 4649 286 4709 libere
301 4645 338 4704 ad
352 4665 418 4704 eum
432 4643 568 4703 accedere
582 4661 751 4720 possemus3
776 4639 835 4701 Sed
849 4639 950 4698 debuit
963 4645 996 4697 ut
1011 4637 1091 4696 Deus
1105 4634 1242 4712 Spiritum
1257 4632 1287 4690 iu
1299 4651 1360 4690 cor·

147 4731 186 4791 da
199 4737 303 4789 nostm
315 4726 438 4801 mittere,
453 4732 483 4784 et
504 4724 612 4801 Legem
623 4723 779 4782 inscribere
790 4721 820 4779 in
831 4719 935 4779 salmis
949 4717 1063 4794 nostris,
1075 4725 1108 4776 ut
1118 4715 1224 4775 faceret
1233 4709 1362 4771 θιοδιδιίι·
