3152 5198
158 405 327 485 comeam]
591 425 629 465 ns
650 423 922 466 sarcrrrroerrors.
1299 412 1357 470 613

157 565 270 624 Ibidem
282 563 393 640 Corpus
406 569 436 622 et
451 562 576 640 Sanguis
596 564 770 624 exhibentur
783 573 815 624 ut
829 563 965 623 alimenta
978 565 1046 625 vitae
1061 565 1225 644 spiritualis,
1248 585 1312 643 quae
1327 564 1357 624 in

156 643 382 704 sanctificatione
396 643 534 716 consistit,
553 643 645 702 lCor.
660 665 690 701 x.
707 647 753 702 16.

197 723 292 781 XXI.
315 721 397 781 Licet
412 722 522 780 Fidelis
531 723 706 798 justificatus
725 721 835 782 incidat
857 722 887 780 in
909 723 990 780 varia
1012 732 1139 802 peccata,
1154 731 1195 796 et
1218 743 1294 802 saepe
1316 724 1358 782 ita

156 803 265 880 gravia,
285 809 318 860 ut
339 800 383 858 illi
405 800 639 859 sanctificationis
660 820 830 879 progressus
854 801 905 860 diu
927 802 1158 880 interrumpam,
1180 802 1239 861 imo
1252 811 1282 862 et
1295 803 1359 881 ipsa

157 900 215 939 non
233 899 333 956 parum
348 886 494 956 atteratur,
511 879 578 938 Non
600 881 729 957 seqnitur
743 880 996 939 sanctificationem
1012 882 1103 958 ipsam
1117 882 1218 940 divelli
1232 901 1250 940 a
1262 882 1357 942 Justi-

157 960 298 1033 ficstione,
314 958 389 1032 Quia
409 959 433 1016 si
455 958 643 1018 sanctificatio
658 960 779 1017 actualis
793 959 912 1034 tollitur,
929 979 987 1018 non
1001 969 1097 1020 tamen
1124 961 1289 1037 habitualis,
1305 979 1359 1019 nec

157 1057 254 1098 semen
268 1038 323 1096 Dei
338 1057 465 1113 unquam
479 1038 613 1112 aufertur,
636 1038 687 1097 sed
708 1047 804 1097 manet
819 1057 931 1116 semper
944 1039 975 1096 in
987 1040 1079 1115 nohis,
1104 1044 1119 1097 1
1136 1040 1157 1100 J
1159 1040 1205 1099 oh.
1219 1040 1260 1098 iii.
1276 1042 1303 1115 9,
1326 1045 1360 1098 ut

157 1136 243 1194 supra
256 1116 292 1174 de
308 1116 526 1175 Perseverantia
538 1116 607 1175 fidei
621 1117 772 1194 probatum
789 1125 842 1176 est.
885 1117 941 1192 Qui
962 1127 1063 1195 peccat
1084 1139 1143 1177 non
1167 1119 1229 1196 agit
1250 1126 1357 1194 sancte,

156 1197 208 1255 sed
228 1203 323 1273 potest
342 1203 440 1253 tamen
460 1197 511 1272 qui
531 1197 690 1255 sanctitatis
711 1204 807 1255 sctum
820 1215 878 1254 non
892 1198 992 1272 exerit,
1013 1199 1119 1258 habere
1134 1197 1294 1258 sanctitatis
1307 1199 1358 1256 he-

155 1275 248 1335 bitum
258 1275 289 1333 in
303 1294 334 1332 se
344 1283 516 1348 manentem,
531 1275 600 1333 licet
613 1275 793 1334 debilitatum
808 1283 837 1333 et
850 1273 1003 1334 infirmum.

197 1353 311 1411 XXII.
333 1352 425 1410 Aliud
439 1361 483 1412 est
497 1354 615 1430 purgari
629 1374 647 1412 a
660 1355 807 1412 veteribus
820 1355 945 1430 peccatis
960 1355 1204 1415 sacramentaliter
1218 1365 1246 1414 ct
1260 1354 1358 1414 condi·

157 1432 274 1507 tionate,
291 1431 383 1491 Aliud
397 1431 492 1509 reipsa
505 1441 535 1491 et
548 1433 687 1492 absolute.
730 1434 780 1491 lili
794 1433 829 1491 de
843 1433 949 1509 quibus
963 1434 1091 1512 loquitur
1100 1435 1212 1505 Petrus,
1228 1439 1245 1492 2
1261 1435 1324 1493 Pet.
1339 1435 1359 1492 i.

158 1514 186 1588 9,
198 1511 313 1589 purgati
324 1519 405 1569 erant
413 1530 431 1568 a
439 1511 565 1588 peccatis
576 1512 664 1589 priori
675 1531 770 1588 sensu,
787 1513 838 1571 sed
852 1532 909 1570 non
918 1513 1077 1589 posteriori,
1089 1522 1206 1590 propter
1217 1513 1360 1572 defectum

158 1591 331 1650 conditionis
331 1589 499 1726 firequisitae,
516 1591 650 1650 nimirum
663 1591 740 1650 fidei.
773 1592 820 1650 lta
840 1611 893 1650 nec
909 1591 1062 1668 justificati
1076 1591 1133 1650 dici
1151 1599 1292 1669 poterant,
1307 1611 1361 1649 nec

157 1689 225 1728 vere
240 1669 332 1728 sancti
353 1669 418 1727 eati.

159 1747 478 1906 Op{idepluradehoc
488 1757 659 1825 argumento
669 1747 905 1827 insequentibus,
919 1747 971 1807 ubi
984 1748 1020 1808 de
1034 1750 1204 1808 necessitate
1220 1749 1360 1806 bonorum

220 1847 284 1887 rum
297 1835 408 1904 agetur.

611 2059 812 2130 QUAESTIO
834 2060 881 2119 II.
959 2142 966 2158 .

474 2232 513 2272 DE
527 2232 732 2274 PERPBC'PIONE
747 2233 1034 2277 seracnsrcfflorrm.

159 2373 212 2429 Aa
227 2371 419 2444 sanctificatio
432 2373 471 2431 sit
489 2372 530 2430 ita
547 2375 675 2446 perfecta
699 2373 729 2430 ιἰι
753 2372 806 2430 hac
829 2375 898 2445 cita,
913 2384 947 2431 ιιι
968 2373 1083 2432 Fideles
1107 2369 1213 2450 Legem
1237 2369 1363 2430 obsolute

375 2449 492 2526 implere
501 2452 639 2526 possint.²
659 2448 736 2526 Neg.
752 2458 856 2509 contra
869 2451 979 2510 Pontii.
995 2458 1025 2509 et
1039 2451 1137 2511 Socin.

200 2603 226 2662 1.
249 2604 333 2663 Inter
343 2606 537 2678 Quaestiones,
547 2625 613 2682 quae
625 2607 662 2664 de
674 2605 910 2666 Sanctificatione
921 2607 1074 2682 agitantur
1083 2606 1161 2663 inter
1173 2604 1364 2664 Orthodoxos

158 2691 189 2741 et
204 2682 380 2758 Pelagianos
393 2691 507 2742 veteres
520 2691 551 2740 et
563 2685 732 2754 hodiernos,
747 2686 815 2743 duce
830 2693 901 2742 sunt
915 2684 1087 2757 Praecipuae,
1103 2682 1204 2739 Prima
1217 2699 1284 2756 quae
1299 2681 1365 2756 ejus
1393 2714 1395 2719 ·

159 2761 307 2838 arigium,
323 2762 431 2819 Altera
444 2780 511 2836 quae
525 2761 590 2834 ejus
606 2762 811 2839 perfectionem
825 2769 946 2836 spectat.
989 2759 1069 2827 Quia
1082 2778 1152 2816 vero
1166 2760 1204 2815 de
1224 2757 1278 2814 illa
1297 2757 1365 2816 fuse

158 2846 259 2897 actum
272 2845 325 2910 est,
337 2857 432 2914 quum
445 2836 658 2896 devocatione
671 2839 791 2898 Efficaci
804 2838 1029 2913 disputavimus,
1043 2835 1089 2894 Ida
1109 2837 1206 2906 missa,
1219 2837 1258 2893 ad
1273 2835 1365 2893 aliam

158 2916 318 2991 pergimus,
334 2935 401 2991 quae
423 2933 533 2990 magno
546 2915 663 2974 fervore
685 2924 716 2975 et
734 2917 801 2992 jam
823 2915 894 2974 olim
918 2915 1032 2990 agitata
1052 2919 1105 2984 est,
1121 2919 1151 2970 et
1171 2930 1252 2970 nunc
1273 2911 1365 2970 etism

160 3000 299 3068 agrtatur.

190 3128 265 3182 Origo
280 3123 365 3176 Quaes-

236 3185 319 3230 tionis.

455 3069 501 3129 II.
516 3069 549 3128 N
550 3077 633 3128 otum
644 3078 689 3129 est
701 3072 779 3130 inter
788 3071 878 3146 plura
887 3069 991 3144 hydrae
1003 3067 1173 3143 Pelagianos
1183 3065 1297 3140 Capita,
1307 3067 1366 3124 hoc

416 3147 507 3205 etiam
520 3149 673 3218 recenseri,
686 3149 776 3217 Quod
790 3149 842 3204 ille
855 3148 973 3204 fidelem
986 3147 1019 3202 in
1031 3147 1089 3204 hac
1097 3146 1160 3202 rita
1172 3143 1236 3202 sine
1244 3150 1364 3218 peccato

417 3225 516 3282 virere
530 3243 614 3300 posse
628 3228 825 3296 contenderet,
835 3226 970 3298 adeoque
982 3223 1110 3298 perfecte
1121 3223 1233 3296 Legem
1241 3220 1365 3294 implere

160 3315 256 3376 P⁰⁵⁸02
268 3297 335 3354 etin
347 3304 426 3359 statu
434 3300 634 3376 impeccantiae
644 3303 792 3361 constitui.
824 3301 914 3360 Unde
925 3302 963 3358 ab
974 3300 1161 3374 Hieronymo
1172 3296 1279 3373 saepius
1286 3317 1366 3372 prae·

161 3375 604 3451 dicatorimpeccaatioerocatur.
613 3376 1366 3454 Augustinus,haeres.88,huncErroremitadescri·

160 3454 224 3512 bit:
246 3459 264 3488 ‘⁴
274 3453 313 3511 In
327 3453 358 3510 id
381 3457 471 3514 etiarn
483 3458 716 3531 progrediuntur
730 3456 894 3531 Pelagiani,
909 3461 945 3512 ιιι
957 3455 1058 3513 dicant
1070 3455 1164 3513 vitam
1172 3453 1366 3528 justorumin

159 3533 217 3591 hoo
228 3530 328 3590 seculo
339 3533 459 3590 nullum
468 3534 577 3591 habere
590 3541 754 3609 peccatum,
764 3540 795 3592 et
804 3553 841 3591 ex
849 3534 895 3591 his
903 3533 935 3589 in
943 3533 1000 3590 hac
1007 3531 1190 3590 mortalitate
1204 3529 1367 3590 Ecclesiam

161 3607 271 3670 Christi
285 3609 393 3682 perfici,
408 3617 443 3668 ut
456 3611 494 3667 sit
508 3610 627 3668 omnino
641 3613 703 3668 sine
717 3629 792 3686 ruga
805 3618 835 3668 et
855 3611 917 3668 sine
937 3611 1064 3680 macula,
1078 3609 1164 3688 quasi
1182 3627 1244 3666 non
1258 3608 1296 3665 sit
1310 3607 1367 3666 Ec·

160 3687 250 3745 clesia
264 3685 383 3758 Christi,
393 3706 460 3762 quae
471 3689 503 3745 in
511 3694 576 3745 toto
590 3689 662 3746 orhe
676 3689 784 3746 clamat
794 3689 833 3746 ad
847 3687 1020 3759 Dominum,
1032 3687 1157 3746 Dimitte
1169 3686 1256 3743 nobis
1266 3686 1367 3743 debita

160 3764 291 3821 nostra.''
324 3764 381 3824 cui
396 3765 499 3824 Emori
511 3764 628 3823 fortiter
638 3783 667 3822 se
682 3772 885 3841 opposuerunt
895 3764 1007 3837 Patres,
1018 3773 1049 3822 et
1060 3765 1138 3822 inter
1148 3763 1224 3820 alios
1233 3763 1366 3833 Hieron,

160 3838 254 3914 Epist.
264 3842 303 3898 ad
318 3840 457 3916 Ctesiph,
466 3849 497 3900 et
509 3842 604 3900 tribus
613 3843 697 3900 libris
707 3850 810 3900 contra
820 3842 1004 3916 Pelagianos,
1016 3841 1212 3915 Augustinus,
1227 3838 1278 3895 lib.
1287 3839 1318 3895 ii.
1329 3838 1368 3896 de

162 3923 350 3991 peccatorum
362 3920 475 3978 meritis
489 3927 520 3977 et
532 3920 714 3992 remissione,
729 3920 785 3994 Ep.
800 3919 847 3977 89.
859 3921 911 3978 lib.
925 3920 984 3975 xiv.
1000 3921 1037 3976 de
1052 3917 1084 3976 Ο.
1100 3917 1138 3974 D.
1152 3934 1215 3990 cap.
1231 3915 1258 3990 9,
1271 3923 1302 3972 et
1313 3915 1366 3974 lib.

162 3994 200 4050 de
234 3991 392 4052 erfectione
402 3997 539 4069 justitiae,
556 3995 675 4056 Enchir.
690 4015 713 4055 c.
729 3998 776 4074 64,
792 4004 823 4054 et
835 3995 908 4054 alibi
921 3994 1058 4070 pluribus
1070 3993 1102 4049 in
1114 3993 1196 4050 locis.

224 4068 270 4126 ΙΙ.
293 4069 448 4129 Renovate
461 4079 506 4130 est
518 4074 621 4130 eadem
635 4075 761 4149 quaestio
774 4077 832 4132 hoc
846 4072 946 4130 seculo
960 4088 979 4129 a
992 4071 1024 4129 N
1025 4068 1253 4144 eo-Pelagianis,
1264 4069 1368 4128 Ponti·

162 4145 245 4215 ficiis,
270 4145 443 4221 Socinianis,
458 4156 488 4206 et
510 4149 724 4226 Anabaptistis,
739 4153 792 4227 qui
815 4158 850 4208 ut
871 4149 952 4207 viam
972 4147 1029 4206 sibi
1048 4147 1180 4206 iacerent
1201 4149 1241 4206 ad
1261 4147 1369 4205 merita

162 4241 296 4298 operum,
311 4224 423 4299 Legem
436 4244 455 4284 a
467 4226 578 4285 renatis
589 4229 719 4302 perfecte
739 4228 856 4304 impleri
876 4243 962 4302 posse
982 4232 1155 4284 sanxerunt.
1197 4224 1368 4282 Hincinter

163 4301 337 4360 Pontificios
349 4303 430 4378 ipsos
443 4311 590 4362 certamen
604 4321 693 4380 super
705 4307 762 4364 isto
776 4306 903 4364 articulo
911 4321 971 4362 non
985 4304 1051 4362 lere
1065 4301 1278 4360 excitatumest
1291 4301 1369 4359 inter

162 4375 184 4434 J
186 4377 350 4437 ansenistas
363 4387 394 4438 et
411 4379 432 4437 J
433 4381 558 4452 esuitas;
579 4382 622 4440 ita
635 4388 671 4439 ut
683 4400 721 4439 ex
734 4383 867 4458 quinquo
877 4380 998 4439 famosis
1008 4379 1030 4440 J
1031 4379 1144 4438 ansenii
1155 4378 1369 4514 Propositioni-

163 4455 221 4512 bus
234 4455 382 4514 damnatis
396 4459 434 4515 ab
449 4458 625 4516 Innocentio
640 4459 679 4518 X.
688 4462 753 4518 haec
766 4461 857 4518 etiam
866 4458 976 4517 fucrit:
998 4465 1017 4494 “
1027 4458 1142 4534 Aliqua
1150 4457 1207 4516 Dei
1243 4462 1370 4530 raecepta

163 4533 335 4592 hominibus
354 4535 454 4608 justis,
476 4537 645 4594 volentibus
668 4546 699 4595 et
721 4538 904 4609 conantibus,
925 4534 1090 4594 seeundum
1109 4541 1270 4611 praesentes
1293 4551 1369 4608 quas

164 4609 275 4668 habent
288 4611 375 4683 vires,
390 4619 461 4670 sunt
480 4612 688 4688 impossibilia;
711 4617 794 4673 deest
812 4615 872 4672 illis
893 4631 1012 4689 quoque
1025 4613 1129 4689 gratia,
1145 4631 1205 4688 qua
1218 4611 1370 4688 possibilia

163 4687 266 4745 fiant.”
307 4689 392 4748 Licet
405 4707 476 4748 vero
489 4691 635 4748 distinctis
660 4692 873 4765 quaestionibus
895 4693 989 4767 possit
1009 4689 1059 4765 agi
1081 4691 1118 4748 de
1142 4689 1370 4766 Imperfectione
