3202 5194
174 353 288 402 eumer.
304 335 363 417 un]
599 359 777 400 sermonen
797 361 924 402 esuris.
1314 340 1370 398 165

470 495 512 554 11.
536 499 562 556 1.
579 497 707 558 Oooditio
721 499 851 577 sumitur,
864 500 912 560 vel
924 502 1117 560 antecedenter
1129 508 1158 558 ct
1171 517 1191 556 o
1200 497 1303 573 priori,
1318 515 1370 572 pro

276 558 341 661 off
435 594 470 634 es
482 595 547 653 qun
568 577 654 636 hebet
675 578 736 636 vim
748 597 843 638 ceusae
861 579 1013 638 meritoris
1040 586 1070 637 et
1082 577 1244 654 impulsivae
1261 575 1298 634 ad
1320 573 1369 632 ob-

329 648 336 660 '
434 654 553 713 tinends
566 656 705 714 beneficis
717 656 841 732 foederis,
856 677 921 735 quse
934 658 1062 735 praeetite
1074 656 1185 716 homini
1199 655 1250 732 jus
1262 652 1314 711 det
1333 652 1371 711 sd

173 736 332 812 premium,
343 734 391 793 vel
405 734 620 793 mecenitanter
632 745 659 793 et
671 745 866 812 cemequcnter
878 757 898 795 a
907 737 1067 812 posterffl,
1082 755 1134 813 pro
1154 754 1190 794 eu
1202 753 1267 810 quse
1283 730 1371 790 hebet

173 814 315 872 rationem
328 815 415 872 medii
426 821 453 871 et
465 813 650 889 dispositione
663 815 692 872 in
704 817 832 890 mffiecto,
847 835 912 892 quse
925 816 1080 892 requiritur
1098 815 1129 872 in
1142 811 1298 872 inderetis.
1339 814 1367 868 2.

175 892 305 951 Condito
317 893 368 951 vel
381 901 426 951 est
438 893 585 967 nemroth,
597 891 689 951 fluens
703 912 740 951 ex
753 893 876 971 propriis
889 901 999 952 neturae
1012 894 1132 970 viribus,
1147 892 1196 951 vel
1202 898 1367 966 rope-rmn-

172 971 246 1029 rotis
260 981 289 1030 et
303 969 411 1046 divina,
426 989 444 1028 s
457 971 551 1047 grstia
568 970 705 1047 pendens
747 975 775 1032 3.
791 973 947 1032 Promissio
966 973 1112 1032 foederalis
1125 981 1169 1032 est
1187 970 1305 1047 duplex,
1320 967 1369 1026 vel

171 1049 285 1127 dejice,
300 1051 349 1108 vel
368 1049 404 1108 de
423 1049 528 1124 medici,
549 1049 587 1107 id.
602 1049 651 1109 vel
663 1049 700 1108 de
719 1051 819 1128 sulute,
840 1051 888 1110 vel
902 1051 938 1110 de
957 1051 1013 1111 fide
1034 1061 1063 1112 et
1080 1049 1285 1128 resipiscentia,
1300 1047 1369 1123 quin

173 1135 294 1206 utreque
309 1135 353 1186 est
366 1127 473 1186 donum
489 1128 553 1187 Dei.
576 1131 604 1188 t.
627 1129 736 1187 Foedus
750 1138 845 1206 potest
859 1131 991 1207 spectari,
1006 1131 1055 1190 rel
1068 1130 1179 1190 ratione
1193 1127 1368 1187 institutionis

167 1226 188 1264 s
203 1208 275 1281 Deo,
289 1207 461 1300 rel-ratione
477 1207 581 1282 prime
600 1209 795 1283 applicationes
813 1207 1009 1283 infideli,ch
1027 1209 1138 1269 ratione
1151 1206 1284 1285 perlectae
1301 1225 1365 1264 con·

214 1365 275 1424 111.
298 1365 354 1424 His
367 1365 478 1442 positis,
494 1365 625 1426 Dicimus
641 1367 745 1444 Primo,
763 1368 795 1428 Si
808 1369 935 1429 conditio
950 1378 1078 1430 sumatur
1092 1368 1294 1430 antecedenter
1307 1372 1367 1424 ets

171 1443 260 1520 priori
273 1463 325 1520 pro
345 1463 432 1502 causa
450 1444 594 1504 meritoris
613 1455 642 1505 et
658 1447 820 1523 impulsiva,
840 1457 870 1507 et
888 1468 939 1525 pro
960 1449 1124 1512 conditione
1142 1445 1275 1520 naturali,
1290 1451 1366 1502 recte

169 1521 916 1676 trtsrlttiffifltttttttttttttltt
929 1539 1063 1666 titt?
1077 1521 1367 1664 13ἭὲΞᾶ

170 1687 266 1756 potest
279 1621 511 1740 fundori'inpeulls
524 1682 636 1740 actione
650 1693 756 1758 nostra,
775 1684 827 1743 sed
847 1685 877 1742 in
898 1685 959 1743 solu
975 1651 1089 1762 justi'tie
1104 1626 1219 1742 obiisti.
1262 1678 1320 1739 Sed
1342 1679 1366 1736 si

169 1767 301 1816 sumetur
322 1767 530 1836 consequenter
552 1767 582 1819 et
609 1780 626 1817 s
649 1763 800 1838 posteriori
822 1781 874 1839 pro
897 1782 984 1822 ceusu
1005 1760 1225 1833 instrumentali,
1249 1757 1366 1816 sederis

169 1837 389 1914 promissionum
404 1839 557 1915 receptiva,
573 1847 602 1898 et
615 1839 802 1932 dispositione
816 1841 948 1918 subjecti,
960 1841 1039 1916 quod
1052 1841 1083 1898 in
1097 1839 1262 1898 societatem
1276 1835 1364 1894 ioede·

167 1916 208 1974 ris
219 1915 387 1990 admittitur,
402 1936 467 1993 quse
475 1918 512 1976 ab
525 1918 588 1994 ipss
601 1927 695 1994 gretie
705 1929 809 1994 manet,
825 1939 884 1978 non
897 1927 992 1996 potest
1001 1919 1101 1995 negsri
1114 1916 1209 1976 soedus
1221 1935 1284 1974 esse
1296 1934 1362 1973 con·

168 1994 350 2054 ditionstum.
394 1995 419 2053 1.
442 1995 516 2069 Quis
533 2015 599 2055 oum
613 1997 776 2057 conditione
796 2017 933 2075 expressa
946 1998 1122 2076 proponitur,
1137 1998 1159 2058 J
1161 1997 1245 2054 oben.
1260 1994 1301 2052 iii.
1318 1995 1363 2070 16,

168 2075 217 2148 36,
235 2073 319 2132 Rom.
333 2093 363 2132 x.
379 2076 406 2149 9,
423 2073 491 2133 Act.
505 2074 565 2133 viii.
581 2079 629 2151 37,
646 2077 736 2135 Maro.
751 2077 812 2135 xvi.
826 2079 871 2153 16,
887 2085 917 2136 et
930 2077 999 2136 olibi
1013 2077 1129 2154 passim.
1171 2078 1199 2133 2.
1222 2073 1296 2148 Quis
1309 2073 1366 2130 uisi

167 2161 246 2211 esset
259 2151 493 2228 conditionatum,
515 2155 785 2214 comminationibus
809 2175 866 2214 uon
891 2155 964 2214 foret
977 2155 1058 2214 locus
1071 2156 1102 2213 in
1114 2152 1285 2229 Evangelio,
1300 2171 1365 2228 quse

168 2249 226 2288 non
239 2239 361 2307 possunt
375 2231 544 2306 denuntiari,
556 2232 613 2290 nisi
626 2233 764 2293 sdversus
778 2235 889 2311 eosqui
902 2235 1095 2294 conditionem
1106 2231 1301 2310 prescriptam
1314 2249 1364 2288 ne·

167 2309 331 2386 glexerint;
354 2311 511 2386 Negleotus
525 2312 601 2369 euim
614 2311 682 2370 fidei
698 2321 727 2371 ct
740 2313 911 2372 obedieutiae
929 2333 988 2371 non
1005 2321 1100 2389 potest
1117 2331 1181 2371 esse
1202 2310 1363 2388 culpabilis,

168 2389 194 2445 si
208 2406 266 2446 non
279 2388 414 2464 exigitur.
449 2393 478 2448 3.
494 2389 568 2464 Quia
582 2390 653 2448 alise
668 2402 835 2469 sequeretur
849 2392 944 2452 Deum
958 2393 989 2449 in
1002 2393 1057 2450 hoc
1071 2391 1178 2450 ioedere
1193 2389 1364 2449 obstrictum

166 2485 232 2524 esse
245 2467 361 2542 homini,
372 2487 429 2527 non
443 2476 539 2528 sutem
552 2469 697 2528 hominem
712 2471 784 2546 Deo,
794 2470 873 2547 quod
884 2469 1131 2546 absurdissimum,
1147 2478 1176 2530 ct
1189 2469 1364 2529 contrarium

168 2552 279 2603 neturus
294 2545 582 2622 omniumfoederum,
597 2548 747 2624 inquibus
763 2549 849 2608 detur
869 2550 1022 2608 conventio
1043 2559 1152 2624 motus,
1168 2559 1198 2608 et
1219 2549 1364 2624 reciproce

166 2622 314 2700 obligatio,
336 2626 404 2700 quis
421 2626 557 2703 utrinque
577 2635 712 2686 tenentur
730 2636 827 2705 partes
847 2629 1056 2702 contrahentes,
1071 2636 1104 2687 ut
1122 2629 1197 2687 inter
1217 2627 1321 2684 Virum
1335 2633 1364 2683 et

169 2701 306 2778 Uxorem,
323 2704 433 2780 Regem
447 2713 477 2763 et
493 2705 638 2780 Subditos,
655 2703 708 2764 &c

209 2781 263 2840 IV.
288 2782 429 2858 Secundo,
444 2784 476 2841 Si
485 2785 684 2859 pemissionee
697 2784 813 2844 foederis
826 2787 1026 2862 intelligentur
1038 2789 1073 2844 de
1077 2787 1147 2864 fine,
1159 2804 1243 2844 nemo
1257 2801 1363 2858 negare

165 2867 262 2936 potest
276 2880 339 2919 esse
353 2861 569 2937 conditionales,
585 2863 654 2939 quie
666 2863 740 2922 liunt
760 2883 872 2940 semper
892 2866 946 2924 sub
966 2864 1130 2923 conditione
1143 2863 1211 2921 fidei
1225 2871 1254 2921 et
1272 2862 1362 2938 poeni·

165 2939 283 3014 tentis,
301 2939 360 2998 Sed
370 2940 395 2997 si
409 2949 558 3000 sumantur
577 2960 629 3017 pro
643 2942 880 3017 promissionibus
895 2942 930 3001 de
944 2944 1049 3016 medies,
1065 2943 1199 3000 nimirum
1214 2938 1320 2998 deiide
1335 2947 1364 2998 et

165 3019 384 3174 311ὧῖἒὲἓὲ
392 3039 458 3156 0222
469 3020 659 3158 iiiiii&
671 3029 848 3176 {diffiniat
864 3040 985 3158 tec?
987 3039 1157 3176 iiiiii
1158 3019 1360 3155 11116163

1354 3140 1362 3170 1

164 3184 195 3233 ct
209 3175 337 3234 conditio
351 3175 523 3236 conditionis
537 3197 650 3255 semper
660 3143 865 3254 postularetur,
881 3177 958 3254 quod
972 3177 1137 3236 absurdum.

208 3255 245 3311 V.
267 3254 374 3328 Tertio,
392 3255 424 3312 Si
436 3255 530 3314 loedus
545 3263 689 3332 spectetur
702 3257 812 3314 rstionc
825 3258 975 3316 sanctones
995 3257 1094 3333 prime
1115 3257 1145 3314 in
1160 3256 1282 3329 Christo,
1298 3253 1361 3312 nul·

166 3332 226 3388 lam
240 3331 328 3391 habet
342 3333 534 3392 conditionem
548 3335 695 3412 prsevism,
717 3335 769 3394 sed
784 3335 846 3394 sols
860 3336 953 3412 gretie
968 3335 1023 3393 Dei
1038 3343 1067 3394 ct
1081 3335 1188 3394 Christi
1201 3335 1304 3392 merito
1318 3334 1361 3391 ni·

164 3411 245 3469 titur.
283 3409 341 3470 Sed
355 3412 379 3470 si
393 3412 559 3472 attendetur
571 3415 681 3474 rstione
695 3415 891 3491 acceptationes
905 3425 932 3473 et
943 3415 1138 3490 applicationis
1151 3414 1182 3471 in
1196 3412 1283 3483 fideli,
1295 3433 1361 3471 con·

164 3487 305 3549 ditionem
319 3491 406 3550 hebet
419 3490 514 3566 fidem,
530 3511 594 3568 ques
607 3493 753 3552 hominem
767 3495 830 3552 unit
844 3494 966 3568 Christo,
983 3501 1012 3552 et
1033 3494 1075 3552 sic
1089 3494 1119 3550 in
1133 3492 1361 3552 communionem

164 3567 282 3628 foederis
306 3569 413 3644 mittit;
436 3569 461 3628 si
481 3589 552 3629 vero
574 3572 684 3630 ratione
706 3573 955 3647 consummationis,
976 3591 1041 3630 cum
1062 3571 1128 3648 fide,
1149 3571 1312 3631 obedientis
1333 3577 1363 3629 ot

166 3648 328 3706 sanctitatis
352 3648 479 3708 studium
501 3650 589 3708 hebet
612 3650 752 3709 rationem
776 3650 949 3710 conditionis
972 3660 1001 3709 ct
1025 3651 1120 3728 medii,
1136 3651 1204 3728 quis
1228 3651 1290 3710 sine
1312 3649 1363 3708 ills

164 3743 249 3784 nemo
263 3725 374 3786 videbit
388 3728 492 3787 Deum

466 3805 521 3864 VI.
534 3807 673 3882 Quamvis
686 3808 912 3868 conditionatum
927 3818 1069 3869 statuetur
1079 3809 1173 3868 foedus
1185 3809 1295 3886 gratie
1305 3825 1362 3864 non

427 3893 580 3962 propterea
594 3887 809 3946 confunduntur
821 3888 1025 3966 promissiones
1040 3889 1129 3965 Legis
1143 3896 1172 3946 et
1186 3883 1360 3962 Evangelii:

427 3973 523 4024 manet
548 3985 660 4043 semper
683 3966 835 4043 multiplex
859 3967 1020 4042 discrimen,
1044 3971 1070 4024 1.
1092 3967 1127 4024 In
1151 3965 1279 4038 materia,
1294 3963 1363 4038 quin

164 4039 291 4098 conditio
303 4041 421 4118 Legslis
431 4051 476 4102 est
489 4044 602 4120 integre
617 4053 646 4102 et
659 4043 785 4121 perfects
794 4045 882 4121 Legis
896 4045 1067 4119 obedientis,
1085 4045 1206 4102 Roman.
1221 4063 1250 4100 x.
1266 4046 1293 4117 6,
1310 4041 1361 4099 sed

167 4115 345 4196 Euangeliou
358 4124 490 4200 estfides,
507 4123 591 4180 Rom.
607 4143 636 4181 x.
647 4125 674 4194 9,
690 4123 712 4183 J
713 4123 759 4181 oh.
774 4123 815 4182 iii.
827 4126 872 4198 16,
887 4143 945 4184 non
959 4123 1093 4201 perfectu,
1108 4130 1138 4180 ot
1151 4141 1255 4198 expers
1268 4121 1362 4179 omnis

166 4197 250 4269 nevi,
272 4199 324 4257 sed
345 4199 414 4257 vivo
438 4209 467 4260 et
491 4201 611 4276 sincere,
629 4205 644 4260 1
660 4203 734 4260 Tim.
750 4201 768 4260 i.
791 4205 818 4276 5,
833 4202 898 4261 Jec.
920 4202 949 4260 ii.
967 4205 1013 4259 14.
1055 4206 1085 4260 2.
1106 4201 1143 4258 In
1163 4202 1278 4276 origine,
1293 4199 1362 4275 quis

166 4275 293 4334 conditio
307 4277 411 4354 legalis
424 4279 550 4338 debebat
573 4299 636 4340 csse
659 4281 806 4355 netumlis,
821 4281 914 4340 fluens
937 4281 1047 4340 scilicet
1068 4299 1086 4337 n
1106 4279 1229 4357 propriis
1251 4287 1361 4335 naturoe

167 4353 295 4431 viribus3
318 4355 370 4413 sed
385 4357 563 4435 Evangelicn
577 4368 622 4418 est
632 4360 864 4436 supernaturalis,
880 4359 1009 4436 pendens
1023 4378 1041 4416 s
1055 4357 1167 4434 gratis:
1190 4355 1247 4414 Ille
1260 4357 1360 4432 preci·

166 4429 298 4523 piebstur
311 4441 432 4510 tentum,
449 4437 500 4496 sed
514 4456 572 4495 non
586 4437 717 4513 debetur,
733 4438 780 4496 vel
803 4438 1041 4514 promittebatur;
1064 4437 1115 4494 sed
1135 4437 1192 4493 ists
1212 4441 1241 4493 et
1260 4435 1359 4510 prseoi-

165 4517 243 4583 putus·
256 4521 286 4570 et
299 4514 476 4589 promittitur
489 4536 522 4574 ac
537 4515 629 4592 detur,
645 4518 667 4575 J
669 4537 708 4576 er.
721 4517 803 4575 xxxi.
815 4520 862 4591 33,
878 4518 965 4575 Joen.
975 4517 1014 4576 vi.
1024 4519 1071 4590 45,
1089 4515 1162 4590 Eph.
1178 4514 1207 4573 ii.
1217 4516 1244 4572 8.
1287 4516 1315 4571 3.
1326 4513 1361 4570 In

159 4589 235 4663 fine.-
250 4591 378 4650 conditio
394 4593 510 4671 Legslis
523 4597 610 4654 hebet
624 4596 763 4654 rationem
778 4615 871 4654 causeo
891 4595 1051 4669 meritorie,
1068 4594 1168 4653 saltem
1183 4613 1219 4654 ox
1234 4611 1361 4669 congruo

209 3867 299 3915 Fontes
309 3871 377 3916 Solu·

237 3927 341 3975 tionum.
