3108 5198
111 333 214 385 ounsr.
230 313 317 396 run]
621 334 660 374 ns
675 335 751 376 nnus
767 335 827 377 um.
1277 327 1315 383 45

109 475 265 552 ausones,
281 473 430 533 absoluta
450 482 478 533 et
500 473 629 535 relativae
651 475 841 536 differentiam
857 496 915 536 non
929 479 1069 556 agnoscit,
1086 479 1137 540 sed
1150 481 1317 560 religiosam

109 555 303 614 adorationem
320 554 488 632 simpliciter
501 556 555 614 soli
577 556 640 615 Deo
654 556 793 616 vindieat.
835 558 898 616 Nee
913 558 994 618 Deus
1013 561 1171 622 secuudum
1186 562 1317 639 ingenio·

109 655 150 694 sas
163 635 228 694 illas
243 634 300 694 sed
324 653 415 693 vanas
435 635 618 712 praecisiones
638 645 668 695 et
688 637 863 696 intentiones
883 639 1033 699 bominum
1056 641 1317 720 prevaricantium,

108 735 172 792 quas
192 715 264 774 vilis
288 715 425 792 popellus
449 715 571 793 ignorat,
593 715 778 793 judicaturus
802 727 855 794 est,
879 719 932 778 sed
953 720 1111 780 secundum
1134 711 1266 800 regulam
1286 723 1318 780 in

108 795 198 854 Verbo
210 793 426 873 praescriptam.

40 935 42 952 Ι
411 874 468 934 VI.
489 877 518 934 4.
540 875 643 935 Cultus
657 876 706 935 ille
721 877 800 936 mille
814 875 964 937 fraudibus
978 887 1008 939 et
1022 880 1189 958 imposturis
1206 889 1251 941 est
1266 881 1318 940 ob-

39 969 41 1044 4
107 939 350 1043 ‘Egfflffffl'
370 955 493 1029 noxius3
509 954 579 1014 dum
592 975 645 1033 pro
658 957 736 1016 veris
750 957 880 1035 reliquiis
894 959 1000 1018 Christi
1010 969 1039 1020 et
1055 961 1226 1021 Sanctorum
1239 961 1318 1021 mille

370 1034 560 1112 supposititiae
569 1046 599 1094 et
607 1034 776 1096 adulterina
785 1037 987 1113 obtruduntur,
994 1048 1024 1099 et
1032 1060 1153 1118 corpora
1162 1042 1319 1101 multorum

107 1118 236 1176 coluntur
250 1117 284 1175 in
298 1125 385 1192 terra,
397 1134 520 1193 qnorum
534 1116 637 1174 anime
650 1125 822 1194 torquentur
834 1117 864 1175 in
879 1118 998 1194 inferno,
1013 1129 1046 1180 ut
1060 1120 1175 1180 dicebat
1189 1121 1318 1198 August.

108 1197 282 1276 Exemplum
298 1203 381 1256 extat
395 1194 472 1274 apud
488 1195 645 1272 Socratem,
660 1196 710 1255 lib.
726 1197 776 1254 vii.
791 1218 816 1258 c.
834 1201 880 1274 14,
896 1197 932 1257 de
947 1198 1103 1259 Ammonio
1117 1201 1242 1277 quodam
1257 1220 1318 1259 mo-

106 1277 193 1338 nacho
217 1287 249 1337 st
273 1277 397 1351 latrone,
422 1274 472 1351 qui
486 1274 536 1334 diu
550 1293 603 1352 pro
626 1276 732 1336 Sancto
752 1277 847 1337 cultus
862 1285 915 1337 est.
951 1279 1074 1358 Gregor.
1089 1281 1196 1339 Turon.
1211 1281 1262 1339 lib.
1277 1280 1318 1340 ix.

106 1357 169 1416 bist
182 1377 247 1436 cap.
264 1360 295 1432 6,
310 1363 435 1416 testatur
457 1357 475 1388 “
488 1355 520 1413 in
536 1355 635 1415 Sancti
649 1355 799 1434 cujusdem
814 1359 932 1435 capsula
945 1358 1079 1419 iuvemus
1093 1359 1182 1419 fauisse
1196 1359 1317 1436 radices,

107 1436 202 1497 dentes
216 1437 317 1515 talpae,
331 1455 399 1494 ossa
412 1433 545 1511 murium,
561 1443 591 1495 et
601 1435 732 1513 vulpium
746 1456 859 1516 ungues
870 1438 1032 1499 conditoa.''
1074 1440 1177 1517 'ligari
1191 1440 1221 1498 in
1234 1440 1320 1499 theca

107 1517 326 1594 pretiosissima,
340 1516 373 1573 iu
386 1534 445 1592 qna
459 1514 602 1593 Reliquis
618 1515 681 1575 ss.
698 1515 806 1575 Felicis
824 1525 855 1576 et
869 1517 991 1596 Regulae
1006 1519 1169 1598 Martyrum
1183 1519 1318 1598 reposita

107 1597 306 1672 credebantur,
330 1595 458 1654 inventae
472 1603 548 1670 sunt,
574 1614 639 1654 cum
663 1597 821 1675 aperiretur
834 1597 864 1655 in
878 1597 1089 1676 reformatione,
1104 1599 1252 1676 particulae
1267 1598 1319 1656 eli·

98 1687 173 1754 ¹quot
185 1676 222 1736 de
241 1677 338 1736 latere
352 1675 457 1748 coctili,
473 1674 618 1733 fumiculus
638 1675 708 1735 item
725 1679 761 1734 12
776 1676 939 1736 cubitorum
951 1678 1067 1756 longus,
1082 1687 1113 1738 et
1136 1687 1223 1738 costas
1247 1697 1320 1736 non·

108 1757 189 1817 nullae
202 1756 273 1816 ielis
299 1765 351 1814 aut
374 1753 477 1813 similis
491 1754 632 1829 animalis,
655 1764 685 1814 et
697 1755 771 1813 nihil
784 1764 932 1833 praeterea.
974 1757 1002 1815 N
1004 1776 1041 1815 on
1055 1757 1196 1816 absimilis
1210 1756 1320 1816 fraudis

110 1837 225 1896 Genava
238 1844 344 1895 nostra
357 1834 445 1892 iidem
459 1833 553 1894 facere
566 1843 671 1912 potest,
694 1853 759 1911 quae
780 1838 856 1894 eum'
867 1843 934 1894 ante
954 1835 1187 1895 reformationem
1208 1835 1321 1896 duabus

108 1917 247 1995 precipue
271 1913 406 1992 reliquiis
427 1913 605 1990 gloriaretur,
622 1913 740 1973 cerebro
756 1915 844 1990 Petri,
859 1923 889 1973 et
902 1915 1020 1974 brachio
1041 1916 1173 1990 Antonii,
1188 1916 1321 1994 apparuit

108 2007 203 2074 posta
215 1997 367 2074 pumicem
381 2013 445 2052 esse
459 1993 537 2071 quod
551 1994 700 2054 cerebrum
712 1991 792 2053 Petri
802 1995 1014 2072 perhibebatur,
1027 2005 1056 2056 et
1065 1995 1216 2056 brachium
1226 1996 1319 2055 Anto·

108 2076 146 2134 nii
155 2095 217 2136 esse
227 2075 322 2136 Cervi
331 2074 449 2151 inguen.
472 2072 641 2148 Cassander,
654 2073 802 2134 consulta.
813 2093 875 2151 esp.
884 2075 920 2134 de
929 2077 1114 2136 veneratione
1122 2076 1318 2154 reliquiarum,

109 2176 163 2215 non
176 2155 320 2216 diffitetur
343 2156 361 2187 “
375 2153 505 2212 avaritia
519 2171 606 2212 causa
620 2153 658 2212 ad
679 2154 838 2232 simplicem
852 2155 999 2233 popellum
1014 2154 1207 2231 alliciendum,
1230 2155 1319 2214 falsas

110 2236 243 2315 reliquias
257 2233 427 2313 suppositas
441 2251 512 2308 esse,
524 2241 553 2292 et
566 2233 634 2292 fieta
644 2234 782 2293 miracula
796 2235 952 2312 praedicata
964 2243 994 2295 et
1007 2237 1043 2296 iis
1057 2237 1203 2296 miraculis
1217 2235 1316 2294 alitam

111 2315 375 2394 superstitionem,'¹
391 2310 445 2371 dac.
488 2312 573 2386 Quod
587 2313 612 2372 si
626 2313 699 2372 tales
712 2313 828 2374 bsudes
841 2334 990 2375 recensere
1004 2316 1154 2391 vellemus,
1170 2317 1320 2375 innumera

109 2397 213 2472 passim
227 2413 331 2456 eorum
346 2392 480 2470 exempla
494 2401 685 2468 occurrerent,
706 2394 812 2470 quibus
824 2395 936 2473 liquido
951 2405 1095 2456 constaret
1109 2405 1218 2474 quanta
1230 2395 1319 2454 lieen-

110 2477 149 2534 tia
162 2477 266 2537 Clenna
280 2475 395 2533 miserae
408 2471 567 2552 plebecula
587 2471 734 2532 fascinatas
747 2473 867 2534 insultet
880 2483 909 2534 et
929 2476 1052 2552 illudat;
1074 2477 1132 2534 imo
1151 2474 1320 2534 incredibile

109 2575 222 2633 prorsum
247 2554 401 2614 videratur
414 2561 473 2610 tam
496 2569 593 2611 crassa
613 2552 771 2630 impostura
794 2562 824 2612 et
845 2561 905 2613 tam
918 2553 1055 2615 diuturna
1069 2555 1218 2615 seductum
1232 2553 1321 2614 fuisse

110 2635 258 2712 mundum,
273 2634 333 2693 nisi
356 2651 404 2692 ras
427 2631 491 2709 ipss
509 2631 655 2690 clamaret.
697 2632 774 2692 Vide
790 2633 946 2710 Calvinum,
967 2634 1176 2694 Admonitione
1190 2633 1227 2693 de
1242 2633 1322 2692 Reli·

110 2717 191 2794 quiis,
217 2726 250 2776 et
272 2713 454 2790 Hospinian,
476 2711 514 2770 de
538 2711 657 2789 Origine
673 2712 881 2790 Reliqniarnm.
924 2715 1073 2793 Quotquot
1095 2734 1164 2792 ergo
1185 2713 1322 2791 reliquias
1392 2741 1399 2752 ·

111 2797 218 2871 colunt,
230 2795 332 2855 colunt
342 2791 422 2870 quod
433 2790 584 2868 ignorant3
606 2809 673 2849 nam
687 2800 753 2870 post
766 2801 810 2852 tot
823 2793 939 2853 fraudes
954 2804 983 2855 et
996 2795 1170 2872 imposturas
1184 2793 1321 2868 detectas,

110 2895 171 2954 qma
194 2873 344 2935 certitudo
368 2879 464 2950 potest
484 2870 556 2946 deri,
581 2871 717 2948 reliquias
739 2889 802 2932 esse
817 2892 915 2932 sorum
932 2873 1102 2934 Sanctorum
1117 2892 1238 2950 quorum
1260 2891 1323 2930 esse

108 2957 279 3034 Joelmffl
418 3031 492 3090 VH,
514 3033 542 3092 5,
563 3029 785 3113 &Quande
804 3029 905 3108 primis
920 3029 1132 3090 Christimismi
1153 3029 1258 3088 sectilis
1279 3029 1323 3107 ig·

115 3099 137 3146 o.
149 3101 197 3147 Res
219 3097 357 3158 hospitus
379 3118 449 3170 note
467 3109 529 3186 fuit,
545 3112 624 3189 quod
637 3112 686 3169 vel
706 3131 744 3169 ex
764 3130 798 3168 eo
818 3118 916 3205 patere
934 3117 1039 3204 potest,
1055 3109 1140 3182 Q¹¹⁰d
1161 3110 1323 3187 Martyrum

135 3159 214 3206 ’Μ
222 3157 339 3206 mm
380 3199 410 3249 et
432 3191 604 3250 Sanctorum
627 3209 747 3268 corpora
771 3189 992 3268 diligentissrmc
1021 3189 1215 3267 sepeliverint,
1244 3188 1325 3267 quod

116 3291 173 3331 non
196 3269 407 3345 santissimi,
430 3270 455 3329 si
479 3289 514 3328 ea
531 3271 715 3348 putavissent
729 3269 884 3345 adoranda,
899 3278 932 3331 ut
953 3270 990 3328 ab
1005 3269 1138 3329 Ecclesia
1153 3269 1323 3349 smyrnensi

115 3351 222 3413 factm
244 3358 371 3410 tseteurr
386 3349 539 3424 Eusebius,
560 3350 611 3409 lib.
626 3351 666 3409 iv.
688 3369 750 3429 cap.
778 3353 824 3426 15,
847 3349 883 3410 de
905 3349 1020 3410 ossibus
1043 3350 1216 3429 Polycarpi3
1239 3349 1325 3425 Quod

114 3433 180 3492 talis
200 3431 302 3492 cultus
322 3429 465 3506 Reliquiis
486 3430 576 3489 delati
589 3430 670 3489 nulla
683 3430 714 3488 in
732 3431 994 3490 vetustissimorum
1008 3430 1223 3508 Theologorum
1241 3429 1324 3490 libris

113 3513 222 3572 mentio
237 3517 380 3585 occurrat,
395 3509 447 3568 ubi
466 3529 525 3568 non
540 3509 628 3569 modo
642 3519 810 3587 opportune,
826 3509 878 3569 sed
892 3531 965 3588 pene
986 3511 1073 3570 etiam
1092 3511 1255 3570 necessario
1268 3509 1325 3570 boc

114 3592 272 3652 dicendum
287 3597 369 3664 erst3
399 3588 484 3664 Quod
498 3590 610 3667 Psgeni
624 3590 731 3649 nostris
750 3599 816 3649 ante
832 3592 891 3648 300
905 3609 997 3650 annos
1017 3591 1105 3650 talem
1120 3591 1230 3651 cultum
1250 3609 1324 3650 uun·

133 3693 202 3733 uam
216 3669 390 3748 objecerint,
406 3668 485 3748 quod
502 3668 634 3729 lecerunt
647 3679 748 3747 postea
760 3693 767 3746 3
790 3667 876 3744 Quod
888 3670 1062 3748 reliquiaria,
1078 3689 1142 3747 quse
1156 3690 1233 3730 nune
1253 3669 1324 3728 assi-

113 3693 172 3813 due
186 3751 273 3810 velut
287 3767 369 3808 arma
383 3757 412 3808 at
436 3749 571 3826 praesidia
584 3757 766 3828 gestantura
784 3749 932 3826 Romanis,
947 3749 1048 3828 ignota
1061 3759 1131 3810 tuuc
1144 3750 1260 3826 penitus
1281 3769 1325 3808 es-

114 3843 189 3892 sent
212 3833 264 3890 Ex
277 3829 325 3888 bis
338 3847 410 3887 vero
424 3836 454 3887 et
467 3829 532 3888 aliis
547 3828 646 3889 multis
661 3828 784 3908 idgenus
798 3831 984 3907 argumentis,
999 3849 1065 3907 quai
1087 3829 1209 3888 collecta
1222 3825 1324 3885 viden·

114 3923 163 3972 tur
175 3910 257 3990 apud
272 3908 405 3970 celeber.
420 3907 573 3984 Dallaeum,
589 3909 640 3968 lib.
655 3909 695 3968 iv.
710 3909 746 3968 de
767 3908 897 3987 religiosi
910 3911 1006 3969 cultus
1023 3904 1146 3986 objecto,
1160 3907 1226 3966 luce
1240 3906 1325 3965 meri·

116 3993 204 4052 diana
217 3991 328 4051 darius
340 3987 443 4065 liquet,
453 3988 584 4066 ignotum
593 3987 709 4067 penitus
722 3997 752 4049 et
762 3988 924 4048 inauditum
935 3989 1024 4048 fuisse
1034 3987 1134 4065 primis
1148 3986 1207 4045 illis
1221 3987 1327 4046 seculis

116 4072 307 4150 reliquiarum
321 4067 442 4144 cultum,
454 4077 485 4128 et
498 4070 686 4147 sequentibus
700 4069 805 4129 scamis
819 4069 935 4129 demum
949 4067 1154 4144 introductum,
1170 4066 1327 4145 etquidem

117 4152 284 4213 successive
299 4158 331 4209 et
342 4167 397 4228 per
410 4147 527 4225 gradus.

427 4227 518 4287 VIII.
540 4227 638 4288 Primo
652 4229 739 4306 eoepti
754 4237 821 4288 sunt
837 4229 874 4288 ad
889 4229 1042 4308 sepulchra
1055 4227 1220 4305 Martyrum
1234 4233 1327 4286 coetus

120 4296 365 4402 Qssffifflffl
382 4306 581 4367 Ecclesiastici
604 4309 751 4386 celebrari,
788 4317 817 4368 et
841 4309 959 4387 quidem
979 4309 1027 4368 die
1049 4306 1193 4385 passionis
1217 4321 1325 4380 eorum,

360 4383 366 4396 '
387 4405 446 4445 non
465 4387 581 4464 quidem
596 4395 713 4466 propter
726 4389 836 4450 cultum
850 4399 879 4450 et
899 4389 1112 4450 invocationem
1126 4401 1234 4455 eorum,
1250 4381 1329 4456 quod

118 4469 250 4548 Epistola
265 4467 492 4548 smyrnensium
506 4487 641 4545 expresse
655 4477 751 4546 negat,
764 4469 841 4528 sed“
852 4477 885 4529 ut
899 4467 1080 4548 sequentium
1095 4459 1212 4532 animI,”
1224 4459 1327 4534 inquit,

119 4549 174 4610 “ad
181 4565 399 4630 praecessorum
407 4546 485 4606 viem
494 4547 635 4625 exemplis
646 4548 810 4625 insignibus
819 4547 1023 4621 suscitentur,”
1036 4541 1114 4620 quod
1123 4535 1251 4630 Basilius
1260 4555 1328 4594 eon-

116 4629 210 4691 firmat
219 4631 252 4689 iu
262 4625 425 4704 Asoetieis,
435 4647 497 4706 cap.
507 4626 690 4704 xl.,ethomi.
703 4631 749 4688 19.
771 4629 850 4706 Aug.
861 4636 937 4688 cont.
949 4615 1234 4691 E.Manieb.scr1b1t,
1245 4613 1326 4674 “Po
