3202 5194
102 359 236 410 eumer.
252 337 334 420 rna]
660 359 699 399 ns
714 359 791 401 asos
806 359 867 402 cnr.
1272 343 1329 403 109

106 502 216 562 tiones
231 519 343 577 omnes,
359 498 390 557 in
400 497 602 575 contractibus,
617 499 648 557 in
662 500 814 578 mercibus,
830 500 1015 579 ponderibus,
1030 502 1181 578 mensuris,
1196 503 1331 578 nummis,

108 580 307 658 monopoliis,
318 588 348 639 et
361 579 445 638 malae
458 599 558 638 omnes
572 588 649 639 artes
662 589 692 640 et
705 581 835 660 aucupia,
851 583 957 659 quibus
971 584 1066 642 aliena
1079 592 1238 661 captantur.
1268 585 1332 643 Imo

110 662 191 720 furti
206 681 307 720 coram
322 660 387 719 Deo
406 659 448 718 rei
469 667 544 736 sunt,
559 661 610 738 qui
631 661 749 720 desidiae
773 683 807 722 ao
829 663 888 721 otio
903 663 1017 740 vitioso,
1033 663 1112 742 quod
1133 664 1268 742 pulvinar
1289 673 1334 724 est

116 741 256 816 Diaboli,
272 740 366 815 litant,
382 739 490 817 quique
504 740 534 798 in
548 741 1009 818 vocationibus,professionibus,
1024 754 1054 803 et
1074 743 1241 804 ministeriis
1262 745 1331 820 suis,

113 831 192 882 sunt
208 820 395 899 negligentes
408 829 438 878 et
451 819 592 896 infideles,
607 821 658 898 qui
669 821 813 898 stipendia
827 823 898 900 ipsis
917 843 1055 884 concessa
1068 825 1176 902 injuste
1191 824 1332 900 furantur,

115 901 229 980 supine
244 911 274 960 et
287 900 445 960 oscitanter
458 901 538 977 operi
552 900 607 958 sibi
621 901 756 979 imposito
770 902 979 963 incumbentes.

163 981 205 1040 V.
228 980 274 1040 Εο
289 987 402 1058 spectat
414 979 501 1038 etiam
514 979 656 1056 Avaritia,
671 981 812 1040 malorum
826 983 954 1042 omniurn
968 983 1061 1059 radix,
1080 986 1095 1041 l
1108 984 1182 1042 Tim.
1192 983 1231 1042 vl.
1245 985 1272 1060 9,
1285 985 1331 1059 10,

118 1082 191 1140 quae
205 1061 302 1139 posita
316 1067 361 1118 est
380 1059 412 1117 in
432 1059 592 1118 insatiabili
612 1061 741 1121 habendi
764 1061 916 1138 desiderio,
932 1073 963 1123 et
982 1065 1045 1123 anri
1067 1083 1149 1123 sacra
1170 1062 1254 1138 fame,
1271 1065 1334 1123 sive

24 1203 25 1206 ,
119 1161 225 1202 amora
249 1139 414 1199 inordinato
428 1139 605 1218 divitiarum,
621 1141 672 1218 qui
692 1141 832 1207 trinam
854 1151 900 1201 eat
921 1163 986 1202 cum
1007 1163 1104 1202 amore
1118 1163 1204 1221 quem
1219 1144 1283 1202 Deo
1305 1151 1334 1203 et

24 1239 25 1258 ³
118 1222 262 1300 proximo
276 1219 423 1294 debemus,
439 1219 505 1279 Jae.
520 1220 560 1280 iv.
575 1224 603 1298 4,
621 1221 784 1280 “Adulteri
798 1234 827 1281 et
841 1222 1000 1300 Adultera,
1017 1244 1054 1282 an
1067 1224 1241 1300 ignoraretis
1255 1244 1333 1282 amo-

120 1321 187 1360 rem
201 1299 305 1360 mundi
319 1319 383 1358 esse
396 1299 577 1358 inimicitiam
591 1321 656 1360 cum
664 1303 766 1360 Deo?''
789 1302 868 1361 Hinc
883 1304 919 1361 ab
929 1303 1073 1381 Apostolo
1087 1303 1258 1363 detestando
1272 1303 1333 1363 ido·

121 1380 252 1440 lolatriae
266 1379 385 1438 erimine
399 1388 590 1458 nuncupatur,
607 1381 681 1460 Eph.
696 1401 726 1440 v.
741 1384 768 1458 5,
784 1382 853 1460 quia
866 1402 994 1460 peream
1008 1383 1088 1443 litut
1107 1384 1202 1460 bomo,
1217 1383 1334 1461 postha-

121 1463 189 1520 bito
211 1459 313 1518 divino
334 1460 469 1533 Numine,
485 1479 566 1536 spem
589 1480 670 1520 suam
691 1469 783 1521 totam
805 1469 834 1522 et
854 1461 990 1522 fiduciam
1012 1463 1042 1522 in
1066 1463 1177 1524 divitiis
1198 1464 1282 1542 quasi
1304 1465 1335 1522 in

123 1561 242 1600 summo
256 1561 309 1599 suo
323 1538 400 1598 bono
415 1540 546 1600 collocet.

168 1621 227 1680 VI.
250 1619 350 1698 Atque
364 1619 432 1677 hinc
445 1628 528 1697 patet
540 1639 600 1678 non
614 1619 643 1679 in
659 1621 744 1680 Novo
758 1623 838 1681 Test.
853 1621 968 1682 demum
982 1622 1086 1682 vitium
1100 1623 1179 1684 istud
1193 1643 1256 1682 esse
1270 1643 1335 1702 pro-

125 1701 265 1778 hibitum,
289 1710 322 1759 ut
346 1699 456 1758 vellent
483 1700 629 1759 Sociniani
654 1722 720 1759 eum
743 1701 955 1780 Anabaptistis,
979 1704 1063 1780 quasi
1086 1703 1244 1762 anetarIum
1268 1703 1337 1762 inde

128 1782 207 1860 Legi
228 1801 280 1859 per
294 1779 442 1839 Christum
464 1780 595 1839 additum
618 1783 664 1856 sit,
686 1781 717 1838 in
739 1801 773 1840 co
794 1781 873 1858 quod
894 1781 1060 1841 dinitiarum
1082 1783 1227 1860 possessio
1250 1783 1337 1841 etiem

128 1863 210 1922 ultra
231 1859 434 1919 necessitatem
453 1860 534 1919 licita
554 1860 640 1919 fuerit
662 1860 716 1919 sub
730 1861 832 1920 Veteri
853 1861 1048 1938 Testamento,
1064 1871 1095 1920 at
1118 1863 1172 1920 sub
1194 1862 1279 1921 Novo
1292 1882 1336 1920 re·

127 1943 291 2018 stringatur
305 1940 343 1998 ad
357 1959 391 1998 ea
405 1958 469 2016 quae
483 1940 647 1999 necessaria
667 1949 735 2000 sunt
756 1941 925 2018 simpliciter
946 1942 984 2000 ad
997 1942 1066 2000 vite
1088 1942 1337 2016 sustentationem,

126 2031 162 2082 ut
176 2021 266 2080 habet
281 2020 394 2080 Catecb.
409 2021 530 2079 Rabona
545 2020 582 2078 do
597 2021 754 2098 Praeceptis
767 2041 786 2079 a
799 2021 914 2081 Christo
927 2021 1001 2100 Legi
1014 2021 1120 2081 additis
1131 2042 1159 2100 q.
1174 2025 1241 2081 101.
1263 2021 1339 2096 Quia

127 2101 239 2180 passim
253 2101 284 2158 in
292 2100 394 2159 Veteri
407 2100 593 2160 Testamento
607 2101 796 2177 interdicitur,
811 2121 869 2160 non
884 2101 970 2160 modo
990 2103 1046 2161 boc
1059 2111 1202 2180 praecepto
1217 2110 1246 2161 et
1260 2100 1336 2160 deci-

24 2197 25 2216 *
129 2202 188 2256 mo,
205 2180 256 2240 ubi
270 2189 386 2240 vetatur
400 2181 633 2258 concupiscentia
646 2181 787 2240 bonorum
809 2181 943 2260 proximi,
959 2181 1055 2242 sedet
1075 2181 1145 2241 alibi
1165 2183 1336 2258 dannatur,

129 2261 230 2320 Exod.
251 2260 333 2319 xviii.
355 2260 403 2336 21,
426 2270 456 2319 et
476 2260 549 2319 xxii.
564 2263 612 2336 25,
635 2268 664 2320 et
684 2261 768 2320 xxiii.
783 2261 819 2339 83
850 2261 972 2322 Levitic.
994 2264 1055 2321 xix.
1073 2265 1119 2338 13,
1142 2271 1171 2322 et
1190 2281 1263 2320 xxv.
1278 2264 1337 2338 463

24 2365 25 2370 ¹
131 2343 222 2401 Dent.
244 2340 378 2416 xvi.19;
409 2339 515 2400 Psalm.
537 2340 600 2398 lxii.
625 2344 681 2416 10;
715 2341 869 2418 Isa.v.8;
898 2342 961 2402 Jer.
976 2343 1016 2402 vi.
1039 2346 1066 2420 6,
1083 2345 1110 2419 t,
1133 2351 1162 2402 et
1189 2341 1262 2401 xxii.
1280 2345 1337 2418 173

133 2421 243 2480 Psalm.
259 2420 337 2479 cxix.
353 2422 402 2495 36,
414 2417 489 2496 ἂι,
512 2420 574 2478 Nec
588 2420 755 2480 divitiarum
769 2421 914 2498 possessio
935 2443 987 2501 per
1009 2443 1039 2482 se
1062 2431 1107 2482 est
1126 2423 1236 2498 illicita,
1252 2421 1339 2481 modo

131 2499 273 2578 legitimis
286 2500 381 2558 modis
395 2499 588 2576 acquirantur,
604 2509 633 2559 et
646 2501 682 2559 iis
696 2509 812 2560 utamur
833 2511 865 2560 ut
884 2503 996 2577 mediis,
1012 2523 1070 2562 non
1084 2503 1213 2562 fruamur
1226 2511 1259 2561 ut
1272 2502 1339 2578 line,

131 2589 166 2640 ut
179 2580 288 2639 sactum
302 2600 320 2639 a
333 2578 468 2639 fidelibus
482 2580 590 2656 multis,
601 2581 651 2657 qui
665 2578 769 2658 opibus
783 2579 946 2642 abundasse
959 2583 1095 2642 dicuntur
1109 2583 1195 2642 etiem
1210 2582 1240 2640 in
1255 2582 1339 2640 Novo

132 2661 327 2736 Testamenta,
343 2659 438 2737 qualis
459 2659 514 2718 fuit
527 2659 549 2719 J
551 2661 675 2737 osephus
690 2659 938 2737 Arimathaeensis,
962 2663 1048 2722 Matt.
1070 2663 1173 2738 xxvii,
1190 2662 1340 2721 Cornelius

133 2740 280 2815 Centurio,
296 2740 364 2799 Aet.
379 2761 419 2816 x,
435 2739 568 2815 Tabitha,
584 2739 653 2799 Act.
667 2741 718 2815 ix,
734 2749 763 2800 ct
777 2742 841 2800 slm.
883 2740 945 2800 Nee
966 2742 992 2800 si
1011 2741 1119 2802 divites
1135 2742 1273 2801 dicuntur
1286 2741 1339 2799 vix

135 2819 251 2898 ingredi
265 2840 350 2898 posse
363 2819 395 2878 in
408 2839 531 2896 regnum
545 2821 691 2896 coelorum,
708 2821 814 2879 Metth.
828 2821 890 2879 xix.
903 2824 951 2898 23,
966 2822 1022 2880 hoc
1035 2821 1068 2880 fit
1082 2830 1199 2900 propter
1212 2821 1339 2896 divitias,

135 2901 187 2960 sed
201 2899 239 2958 ob
253 2919 423 2978 perversum
437 2918 536 2958 earum
549 2919 642 2976 usum,
650 2900 729 2976 quod
741 2909 822 2977 patet
835 2920 873 2959 ex
888 2901 979 2960 Marc.
994 2921 1025 2959 x.
1037 2905 1085 2974 24,
1100 2901 1151 2960 ubi
1165 2899 1343 2959 confidentes

136 2981 167 3039 in
181 2980 293 3040 divitiis
306 2979 488 3039 damnantur.
518 2973 597 3039 Hine
606 2980 716 3039 divitiae
724 2989 867 3039 vocantur
876 3001 1017 3039 mortemon
1028 2981 1147 3058 iniquus,
1159 2980 1227 3038 Luc.
1241 2981 1302 3037 xvi.
1312 2981 1340 3055 9,

136 3081 197 3120 non
211 3061 325 3138 proprie
339 3060 450 3118 ratione
465 3059 518 3135 sni,
535 3060 586 3118 sed
599 3079 652 3137 per
665 3059 799 3118 accidens
813 3060 924 3119 ratione
937 3058 1231 3138 possidentium‚qnia
1245 3059 1343 3135 saepis·

136 3141 208 3200 sime
223 3141 330 3218 injuste
353 3139 550 3216 acquiruntur,
566 3150 595 3199 et
616 3139 692 3198 male
713 3139 906 3217 possidentur.
949 3141 989 3198 Et
1008 3139 1096 3203 ἄπέπι
1116 3139 1175 3198 illis
1196 3137 1341 3214 tribuitur,

137 3221 345 3296 trientinae,
360 3239 420 3278 non
433 3219 464 3276 in
478 3239 517 3294 se,
534 3220 585 3278 sed
599 3227 731 3297 respectu
745 3220 851 3278 mentis
864 3239 882 3277 a
896 3240 953 3297 qua
966 3221 1168 3297 possidentur;
1184 3238 1241 3295 quo
1256 3237 1343 3278 sensu

135 3301 222 3360 etiam
237 3299 374 3360 tribuitur
387 3300 445 3358 illis
460 3299 624 3358 sollicitudo
639 3307 669 3359 at
681 3299 832 3359 suffocatio
840 3298 941 3375 Verbi,
953 3320 1012 3359 non
1026 3301 1115 3360 relate
1130 3299 1168 3358 ad
1181 3299 1259 3377 ipsas
1268 3298 1342 3357 divi-

137 3382 201 3456 tias,
217 3380 269 3440 sed
283 3379 321 3438 ad
334 3379 462 3439 animum
476 3379 659 3458 possidentis,
675 3379 726 3458 qui
740 3379 934 3439 sollieitudine
948 3381 1053 3440 anxius
1067 3379 1189 3440 suffocat
1202 3380 1232 3437 in
1248 3379 1343 3457 scipso

138 3479 236 3520 semen
250 3460 351 3534 Verbi,
367 3479 421 3519 nec
434 3459 543 3538 patitur
556 3461 668 3519 radices
690 3480 775 3538 agere
796 3461 827 3518 in
849 3460 943 3520 eorde.
986 3460 1121 3520 Avaritia
1143 3480 1212 3538 ergo
1233 3479 1292 3518 non
1314 3459 1343 3517 in

140 3540 252 3614 effectu,
269 3541 365 3599 sedin
379 3539 484 3599 affectu
498 3539 639 3615 consistit,
655 3559 714 3599 non
734 3541 764 3598 in
785 3540 905 3617 divitiis,
921 3540 973 3600 sed
993 3541 1025 3600 in
1045 3561 1143 3601 earum
1157 3540 1302 3600 desiderio
1315 3548 1344 3598 et

139 3641 192 3680 usu
206 3619 320 3680 illicito.

442 3699 516 3759 VII.
538 3699 606 3759 Huc
620 3698 771 3759 referende
784 3707 829 3760 est
841 3699 948 3760 nobilis
963 3701 1091 3776 Quaestio
1105 3701 1141 3761 de
1156 3701 1264 3776 Usar-b,
1279 3720 1345 3777 qua

402 3779 477 3838 inter
498 3779 608 3856 species
629 3778 698 3838 furti
718 3800 736 3838 a
756 3781 929 3858 quibusdam
943 3789 1145 3841 recensentur:
1167 3781 1213 3840 Aa
1235 3780 1345 3840 scilicet

399 3859 498 3936 aliqua
511 3878 600 3918 usura
613 3859 649 3918 sit
663 3861 760 3919 lirim?
782 3860 827 3919 De
849 3881 906 3938 qua
926 3862 1027 3938 paucis
1046 3860 1208 3936 dicendum,
1228 3869 1262 3918 nt
1276 3879 1344 3917 con·

141 3947 195 3998 stet
205 3939 276 4016 quid
289 3938 338 3998 hic
349 3960 387 3999 ex
395 3939 495 3998 Verbo
507 3939 564 3998 Dei
574 3939 758 3999 statuendum
769 3939 816 3999 sit.
856 3942 950 4000 Usara
963 3942 1076 4001 lucrum
1088 3948 1140 4015 est,
1152 3940 1231 4016 quod
1241 3947 1346 4016 praeter

141 4018 264 4078 officium
277 4019 466 4079 mutuationis
480 4018 557 4082 ultra
571 4027 676 4079 sortem
691 4021 827 4098 exigitur,
849 4021 911 4079 sive
933 4021 971 4081 sit
991 4021 1120 4098 pecunia,
1137 4019 1199 4078 sive
1219 4021 1344 4078 frumen·

142 4105 209 4174 tum,
226 4098 288 4158 sive
303 4099 383 4160 aliud
397 4099 484 4177 quid;
507 4099 612 4159 dicitur
626 4100 662 4158 ab
676 4120 737 4177 aaa,
760 4100 839 4177 quod
858 4111 975 4178 propter
993 4121 1078 4160 usum
1100 4100 1229 4179 pecuniae
1251 4100 1342 4178 perci-

141 4177 249 4255 piatur;
273 4181 385 4240 Grecis
398 4179 476 4254 siaa,
492 4181 598 4238 aulaea
617 4180 707 4258 pario,
730 4180 808 4258 quod
830 4181 868 4240 sit
881 4182 962 4241 velut
984 4190 1083 4259 partus
1104 4179 1220 4259 quidam
1243 4180 1345 4239 mutui.

174 3765 214 3811 An
227 3765 307 3811 Usura
316 3766 350 3811 nt

218 3824 294 3869 licita.

26 4259 28 4284 ¹
141 4257 257 4318 Hebraei
271 4259 386 4320 duabus
399 4261 521 4320 vocibus
535 4260 629 4318 solent
646 4259 726 4318 illam
740 4261 909 4338 exprimere,
929 4279 1023 4337 neren,
1046 4283 1124 4323 aene
1145 4260 1345 4337 multiplicavit,

141 4337 216 4414 quod
230 4359 282 4417 per
294 4359 412 4400 usuram
425 4339 632 4418 multiplicetur
645 4346 674 4399 et
688 4341 869 4417 crescatipsa
883 4360 953 4410 sors,
969 4343 999 4394 et
1011 4360 1067 4419 per,
1083 4339 1209 4400 aradice
1222 4362 1268 4421 ecs
1288 4359 1346 4396 mo-

143 4420 252 4494 mordit,
268 4421 337 4498 quia
350 4421 443 4480 instar
457 4419 598 4498 serpentis
612 4419 725 4479 mordet
738 4429 767 4479 et
781 4421 879 4480 atterit
891 4441 950 4480 non
964 4421 1129 4479 sentientes.

179 4499 271 4559 VIII.
303 4501 388 4560 Circa
415 4499 609 4574 Quaestionem
635 4499 699 4558 dnae
724 4508 792 4559 sunt
818 4501 970 4578 praecipuae
998 4499 1167 4570 sententiae3
1202 4495 1273 4553 Alia
1296 4515 1345 4554 ne·

143 4579 281 4654 gentium,
296 4579 369 4639 Alia
382 4579 594 4640 affirmantium.
636 4579 813 4658 Negativum
834 4579 882 4638 hic
898 4589 1023 4657 tuentur,
1045 4587 1075 4637 et
1095 4595 1208 4635 omnem
1229 4595 1346 4634 usuram

144 4658 310 4738 simpliciter
322 4659 456 4720 illicitam
469 4667 572 4738 putant
583 4660 755 4738 canonista,
770 4661 801 4720 in
811 4661 885 4722 June
895 4659 1049 4735 Canonioo,
1061 4677 1086 4718 a.
1097 4656 1158 4715 xiv.
1165 4657 1229 4733 q.3,
1242 4655 1347 4733 quibus
