3146 5210
94 363 302 445 euasurus]
424 381 463 421 nn
477 381 595 422 orrrcro
608 379 726 423 cnarsrr
740 381 935 422 uanrnnosro.
1244 361 1303 418 429

96 526 175 585 renis
186 532 216 584 et
236 523 381 602 corporeis
401 521 439 580 ad
467 522 596 582 coelestia
610 531 638 582 et
652 523 752 582 divina
766 523 902 596 evehunt,
919 519 1022 580 Cultus
1049 537 1108 578 non
1132 517 1255 578 carnalis
1276 526 1307 577 et

96 623 253 683 corporeus
263 605 294 662 in
308 602 434 663 externis
443 602 629 662 Cseremoniis
638 604 720 676 situs,
731 601 780 662 sed
793 601 950 680 spiritualis
960 600 991 657 in
1007 598 1116 676 Spiritu
1126 607 1155 657 et
1164 598 1304 672 Veritate,

361 683 430 742 Joh.
448 682 498 750 iv.
525 686 573 757 24,
597 683 680 741 Rom.
705 682 756 740 xii.
787 685 812 756 l,
838 683 852 738 1
873 681 936 738 Pet.
961 679 991 738 ii.
1013 681 1041 737 5.
1090 683 1117 737 7.
1133 681 1218 737 Bona
1240 698 1305 755 quae

361 761 574 839 promittuntur,
600 782 659 820 non
673 772 741 822 sunt
754 761 931 838 temporalis,
946 760 1015 817 lieet
1029 778 1235 835 nonnunquam
1251 757 1304 816 sub

51 913 55 922 ι
96 842 215 902 illorum
237 842 370 918 symbolo
392 841 588 918 designentur,
611 841 663 900 sed
684 841 844 919 spiritualia
871 848 900 898 et
921 839 1058 914 coelestia,
1084 837 1215 896 remissio
1238 856 1305 915 pee-

96 931 237 996 catorum,
249 921 365 999 justitia
389 921 559 995 seculorum,
590 921 714 998 Spiritus
736 920 823 995 datio,
840 919 918 977 salus
932 927 962 976 et
972 918 1034 976 vita
1048 927 1163 976 seterna.

94 1041 118 1085 ,μ
134 1041 172 1085 Er
187 1039 237 1085 fine
254 1039 340 1098 Regni.
402 1000 445 1057 X.
467 1000 585 1076 Quarto,
601 1000 676 1075 Quia
700 1000 825 1059 Messias
839 1007 978 1057 venturus
1002 997 1108 1056 suited
1129 995 1304 1055 abolendum

178 724 253 769 Bona.

361 1079 497 1156 Regnum
511 1080 693 1157 tyrannicum
704 1079 827 1154 Satanae,
843 1077 921 1155 quod
931 1096 983 1154 per
1016 1086 1145 1136 eocatum
1160 1076 1306 1134 invectum

95 1152 160 1234 fuir,
173 1160 210 1218 ad
221 1159 396 1237 expiandum
410 1168 570 1236 peccatum,
583 1169 611 1219 et
621 1159 766 1237 justitiam
776 1158 937 1217 seculorum
948 1156 986 1215 ad
1007 1157 1156 1230 ucendarn,
1174 1155 1248 1213 Dan.
1263 1155 1305 1212 ix.

96 1242 147 1298 24.
170 1239 213 1296 At
226 1238 283 1298 iata
299 1238 487 1316 spiritualiter
507 1247 619 1298 tantum
638 1238 769 1316 praeatari
782 1244 954 1315 potuerunt;
980 1235 1054 1294 Nam
1069 1245 1102 1295 ut
1118 1236 1207 1294 Satan
1222 1233 1305 1292 Prin·

97 1337 167 1395 ceps
185 1317 272 1396 hujus
293 1317 395 1377 muudi
414 1337 466 1394 por
488 1338 598 1376 errores
622 1328 651 1376 et
674 1325 793 1395 peccata
819 1315 960 1392 regnabat
982 1315 1057 1374 inter
1084 1315 1238 1374 homines:
1261 1313 1308 1373 Ita

98 1397 232 1456 Christus
248 1398 313 1456 Rex
324 1407 369 1456 est
390 1397 538 1472 Ecclesiae,
550 1406 693 1475 quatenus
707 1395 852 1456 debellato
862 1415 914 1472 per
927 1402 1049 1453 mortem
1063 1395 1157 1453 crucis
1172 1395 1306 1469 Diabolo,

98 1477 162 1535 Col.
176 1477 206 1536 ii.
224 1479 270 1552 15,
286 1484 389 1554 regnat
403 1476 590 1553 spiritualiter
602 1477 633 1534 in
654 1477 789 1536 cordibus
802 1474 940 1549 fidelium,
955 1473 1112 1551 perfidem,
1128 1475 1305 1549 charitatem,

97 1564 129 1615 et
141 1555 255 1634 praxim
269 1557 412 1616 bonorum
426 1575 554 1634 operum.

180 1694 186 1706 ,
402 1635 464 1694 ΧΙ.
486 1635 602 1711 Quinto,
618 1635 693 1710 Quia
714 1636 850 1712 Regnum
872 1633 990 1692 Messias
1010 1640 1054 1692 est
1072 1635 1202 1708 Regnum
1218 1632 1306 1692 Caelo-

97 1692 342 1799 ⁵gffi¹⁸cgssrffffi
362 1735 435 1789 rum,
447 1723 480 1774 ut
493 1715 600 1792 passim
621 1716 677 1774 boc
691 1714 806 1773 nomine
826 1711 1023 1790 insigniturin
1042 1712 1199 1789 Scriptura,
1219 1720 1248 1770 et
1268 1711 1306 1770 ab

361 1793 432 1872 ipsis
443 1793 464 1852 J
467 1793 557 1854 udaeis
571 1795 747 1871 agnoscitur,
763 1794 841 1870 quod
852 1792 971 1870 proinde
986 1811 1044 1849 non
1054 1791 1092 1850 od
1101 1791 1238 1866 seculum,
1255 1790 1308 1850 sed

101 1869 141 1928 ad
154 1871 259 1930 coelum
273 1873 404 1950 pertinet,
421 1874 554 1933 Coeleste.
599 1878 625 1932 1.
650 1877 731 1949 Ortu,
753 1874 822 1950 quia
849 1892 907 1930 non
921 1872 995 1930 illud
1015 1872 1141 1930 bumana
1154 1869 1308 1948 prudentia

102 1957 133 2008 et
153 1949 289 2026 potentia,
318 1953 370 2011 sed
397 1952 497 2012 diviua
524 1953 707 2031 providentia
731 1953 793 2012 sola
820 1951 971 2029 disposuit.
1013 1956 1041 2008 2.
1063 1951 1155 2026 Statu,
1185 1951 1253 2027 quia
1276 1951 1307 2008 ln

101 2029 190 2088 rebus
224 2030 396 2108 celestibus,
432 2033 564 2109 mysticis
601 2041 630 2092 et
669 2033 777 2090 divinis
811 2039 904 2090 totum
936 2030 1062 2108 positum
1090 2037 1143 2104 est,
1181 2050 1238 2088 non
1276 2029 1307 2086 in

100 2107 256 2168 mundanis
278 2118 307 2169 et
331 2112 484 2189 corporeis.
527 2115 555 2173 3.
577 2113 658 2188 Actu,
674 2113 743 2190 quia
762 2111 794 2170 in
808 2109 1009 2188 dispensandis
1031 2109 1198 2170 caelestibus
1219 2109 1305 2168 bene·

99 2187 175 2247 ficiis
189 2195 281 2248 toturn
295 2199 455 2268 exercetur,
471 2192 555 2250 Rom.
570 2192 631 2250 xiv.
650 2195 695 2250 17.

99 2324 117 2370 6
186 2327 192 2340 ,
405 2271 483 2330 XII.
507 2271 606 2346 Sexto,
617 2271 691 2345 Quitr
701 2271 831 2346 Regnum
847 2269 953 2329 Chresti
964 2289 1019 2329 noa
1033 2277 1117 2328 estex
1130 2269 1307 2346 boemundo,

118 2325 220 2430 'effi
229 2333 344 2433 :fffnff
364 2350 434 2409 Joh.
456 2350 538 2409 xviii.
554 2354 602 2425 36,
618 2351 668 2409 ubi
680 2350 811 2410 Christus
824 2370 882 2408 non
897 2357 985 2426 negat
1005 2367 1126 2425 regnum
1138 2367 1222 2408 suum
1243 2367 1307 2408 esse

363 2429 394 2486 in
406 2430 462 2488 hoc
475 2430 592 2506 mundo,
608 2429 782 2490 constitutus
796 2429 872 2488 eninr
886 2437 931 2488 est
945 2449 962 2486 a
977 2428 1040 2486 Deo
1054 2435 1087 2486 ut
1100 2427 1264 2488 dominetur
1277 2428 1308 2488 irr

101 2504 199 2564 medio
213 2504 393 2568 inimieorum
408 2529 533 2584 suorum,
550 2510 627 2568 Psal.
649 2530 696 2568 cx.
711 2513 739 2585 2,
755 2508 807 2568 sed
827 2517 915 2585 negat
929 2527 1050 2586 regnum
1072 2527 1156 2566 suum
1180 2527 1244 2567 esse
1271 2529 1308 2568 ex

101 2585 273 2661 boamunde,
286 2595 324 2662 et,
335 2596 368 2646 ut
382 2587 463 2647 addit
484 2590 538 2648 sub
546 2589 633 2648 finem
648 2609 758 2664 versus,
773 2591 921 2666 “regnum
935 2607 1029 2646 meum
1051 2606 1109 2645 non
1124 2596 1168 2646 est
1182 2588 1306 2647 imtter’

102 2662 168 2722 Non
183 2664 254 2723 dicit
267 2687 384 2743 regnum
398 2688 489 2726 meum
499 2690 554 2728 non
568 2679 609 2728 est
621 2669 677 2744 hio,
693 2668 814 2728 sednon
828 2677 867 2726 est
876 2667 954 2739 hinc,
969 2675 1009 2724 est
1028 2667 1057 2724 in
1067 2669 1171 2725 mundo
1185 2667 1237 2726 sed
1251 2689 1307 2726 noa

102 2745 138 2800 de
152 2746 263 2820 mundo,
276 2755 308 2804 ut
316 2745 358 2805 ait
366 2746 571 2825 AugustNon
579 2757 624 2808 est
635 2748 670 2807 de
679 2748 796 2823 mundo,
807 2747 882 2806 Tum
891 2755 1024 2824 respectu
1032 2745 1156 2821 opina,
1167 2746 1235 2822 quia
1248 2766 1306 2805 non

101 2843 120 2880 a
134 2822 249 2899 mundo,
266 2832 296 2883 et
308 2825 474 2886 hominibus
488 2828 518 2885 in
531 2828 639 2887 mundo
654 2828 821 2886 viventibus
835 2825 1027 2899 constituitur,
1039 2825 1131 2882 instar
1151 2844 1306 2902 regnorum

102 2901 220 2977 mundi;
244 2904 302 2964 Sed
318 2906 413 2964 Deum
426 2907 514 2966 babet
527 2908 645 2966 unicum
665 2917 695 2967 et
716 2906 913 2965 immediatum
935 2904 1126 2978 fundatorem,
1148 2903 1231 2979 cujus
1256 2925 1305 2964 au·

102 2981 238 3041 thoritete
253 2993 378 3044 ereetum
390 2995 443 3061 est,
459 2995 488 3045 et
502 2987 586 3064 cujus
596 2987 725 3064 potentia
743 2986 893 3044 firmatur:
907 2985 982 3042 'lbrm
996 2991 1129 3060 respectu
1139 2983 1222 3058 modi,
1238 2984 1307 3061 quis

101 3078 192 3136 regna
208 3063 308 3121 mundi
323 3073 456 3124 constant
469 3074 499 3124 et
523 3066 717 3126 defenduntur
739 3065 918 3124 subditorum
933 3061 1126 3136 multitudine,
1141 3063 1304 3139 provincia-

103 3158 167 3196 rum
188 3159 314 3218 numero,
343 3144 458 3203 urbium
482 3144 651 3223 frequentia,
677 3144 843 3204 diuitiarum
854 3143 945 3220 copia,
974 3141 1082 3200 arcium
1110 3141 1304 3218 munimentis,

103 3237 247 3278 armorum
271 3223 413 3300 praesidio,
435 3233 464 3284 et
487 3225 552 3284 aliis
572 3225 676 3284 mediis
696 3224 832 3298 extemis,
848 3223 954 3300 quibus
974 3220 1174 3281 deficientibus
1187 3241 1305 3282 neeesse

102 3306 148 3356 est
162 3318 197 3357 ea
210 3300 323 3361 collabi.
366 3302 426 3362 Sed
440 3304 547 3364 Christi
568 3305 703 3382 Regnum
716 3303 802 3362 modo
817 3301 967 3380 spirituali
990 3309 1022 3360 nt
1040 3301 1102 3377 jam
1121 3300 1239 3376 dictum,
1254 3321 1304 3360 ex-

102 3385 223 3454 ercetur,
238 3400 296 3440 non
310 3381 383 3442 alios
403 3384 527 3444 honores
541 3393 570 3444 et
583 3403 653 3462 opes
666 3383 807 3460 agnoscit,
827 3401 913 3460 quam
938 3380 1097 3456 Justitiam,
1113 3381 1303 3458 sanctitatem,

101 3477 203 3533 pacem
217 3461 409 3539 conscientiae,
432 3471 461 3522 et
476 3463 597 3524 salutem
620 3484 653 3522 ac
673 3462 764 3522 vitam
789 3471 933 3537 aeternam,
949 3481 1007 3519 non
1021 3461 1078 3519 alia
1104 3480 1193 3534 arma,
1218 3481 1305 3538 quam

101 3536 233 3598 Verbum
247 3549 276 3599 et
298 3541 446 3618 Spiritum,
466 3563 524 3602 non
538 3543 596 3601 alia
608 3543 794 3617 munimenta,
809 3560 895 3620 quam
915 3541 971 3598 Dei
985 3540 1201 3616 protectionem.
1243 3541 1306 3601 Nee

103 3613 215 3708 I‘ilatus
229 3619 314 3680 aliter
334 3621 389 3680 hoc
402 3622 555 3699 intellexit,
578 3623 629 3699 qui
650 3623 762 3682 nullum
775 3621 842 3680 inde
866 3619 1064 3698 praejudicium
1079 3620 1170 3678 creari
1184 3620 1307 3680 Caesaris

101 3697 222 3774 rmperio
236 3700 307 3758 satis
321 3701 459 3778 agnovit,
482 3701 554 3761 alias
575 3722 633 3760 non
646 3701 733 3760 modo
747 3701 777 3758 in
798 3701 1009 3760 accusationem
1023 3699 1194 3760 Judaeorum
1208 3700 1305 3760 Chris·

101 3783 164 3832 tum
177 3777 344 3838 rebellionis
363 3781 395 3839 in
409 3781 552 3841 Casarem
565 3781 747 3858 arguentium
767 3781 975 3855 consensisset;
1005 3779 1057 3838 sed
1070 3779 1131 3856 ipse
1145 3779 1254 3856 primus
1269 3780 1307 3838 de

102 3871 137 3912 eo
151 3854 279 3914 tollendo
294 3859 458 3935 cogitasset.
481 3860 553 3920 Cum
568 3881 637 3919 vero
650 3860 724 3918 nihil
737 3867 864 3919 moratus
876 3860 952 3918 hanc
973 3857 1144 3919 «ludaeorum
1165 3858 1305 3916 accusati·

104 3950 198 4022 onem,
213 3941 243 3991 et
257 3935 364 3996 Christi
384 3939 474 4015 ipsius
488 3939 524 4000 de
539 3941 634 4018 Regio
649 3939 771 3998 Munere
795 3938 1012 4012 confessionem,
1038 3937 1132 4013 ipsum
1149 3936 1261 4012 justum
1277 3943 1306 3994 et

102 4019 287 4071 innocentem
299 4019 478 4096 pronunciat,
494 4029 524 4080 et
537 4019 617 4098 cupit
626 4039 692 4078 eum
706 4018 938 4078 condemnationi
946 4025 1084 4093 ereptum,
1099 4015 1205 4091 quippe
1219 4033 1304 4091 quem

102 4098 203 4148 nosset
217 4110 235 4149 ε
248 4092 270 4152 J
271 4093 362 4152 udaeis
372 4116 422 4174 per
430 4097 569 4158 invidiam
583 4119 646 4158 csse
655 4098 801 4172 traditum,
817 4097 923 4156 Matth.
938 4095 1031 4154 xxvii.
1048 4095 1094 4168 18,
1105 4093 1175 4151 satis
1186 4092 1304 4151 demon·

102 4176 222 4261 stratso
242 4191 301 4236 non
315 4175 430 4239 credere
443 4197 563 4254 regnum
579 4178 697 4256 aliquod
710 4177 867 4254 temporale
881 4175 949 4250 iore,
966 4181 995 4232 et
1015 4171 1169 4232 adversum
1184 4171 1307 4231 Caesaris

101 4257 232 4334 stupeno,
247 4251 327 4327 quod
340 4253 396 4312 sibi
410 4256 541 4318 Christus
554 4257 663 4318 tribuit.

405 4334 502 4395 XIII.
525 4337 620 4412 Quum
634 4336 768 4413 Angelus
782 4335 831 4411 ait,
848 4335 919 4395 Luc.
933 4333 952 4392 i.
975 4335 1023 4407 32,
1047 4329 1157 4389 Solium
1183 4327 1308 4389 Davidis

349 4411 475 4474 dandum
497 4436 560 4476 esse
585 4417 708 4489 Christo,
724 4423 754 4475 et
776 4415 872 4492 Regni
886 4413 949 4491 ejus
970 4431 1029 4470 non
1053 4409 1180 4469 futurum
1201 4407 1306 4486 finem;

349 4489 415 4552 Non
437 4495 502 4555 vult
523 4496 642 4554 innuere
665 4495 799 4572 Regnum
821 4492 928 4552 Christi
949 4491 1010 4550 sore
1031 4488 1197 4566 temporale,
1221 4487 1307 4565 quale

101 4579 158 4640 fuit
173 4577 309 4655 Regnum
325 4573 465 4652 DavidIs5
487 4575 538 4635 sed
559 4584 591 4634 ut
605 4594 727 4652 regnum
748 4573 855 4633 Christi
869 4573 900 4630 in
913 4590 1003 4648 regno
1018 4567 1141 4630 Davidis
1154 4568 1306 4627 adumbra-

101 4669 164 4721 tum
179 4656 242 4732 fuit,
255 4656 296 4718 ita
309 4653 409 4733 perlici
423 4661 452 4714 et
466 4655 658 4715 consummari
668 4653 774 4714 debere
784 4672 905 4731 regnum
921 4651 1044 4710 Davidis
1058 4648 1088 4707 in
1102 4667 1193 4726 regno
1209 4647 1308 4708 Chris-

132 4393 226 4441 Fontes
244 4390 315 4437 Solu·

167 4453 271 4496 tlonnrn.
