3108 5198
241 375 278 432 10
692 389 979 432 mcuauunscrsrus.
1263 365 1395 447 [coner.
1412 387 1446 427 rr.

236 532 283 592 lus
297 531 382 591 datur
396 549 489 606 casus,
504 529 536 588 in
549 547 608 608 quo
622 530 658 590 de
672 550 707 591 eo
721 533 851 591 relaxare
867 531 947 591 Deus
960 523 1061 608 possit,
1074 527 1142 606 qnia
1156 529 1198 586 sic
1211 533 1345 587 usturam
1360 547 1446 587 suam

236 613 266 670 in
281 627 339 690 qus
351 611 489 670 fundatur
502 611 651 671 videretur
664 613 818 691 abnegare.
845 612 930 672 Unde
944 629 1092 688 nunquam
1106 608 1262 686 praecipere
1275 608 1325 666 vel
1338 628 1444 686 appro-
1551 699 1552 702 Ἴ

236 692 305 751 hare
319 691 414 769 potnit
435 691 480 750 sui
494 691 602 767 odium,
618 691 819 768 idololatriam,
835 692 994 770 perjurium
1008 699 1038 750 et
1050 690 1243 748 mendacium.
1277 687 1336 748 Sed
1352 688 1443 765 istud,

117 844 122 854 ι
235 772 304 830 licet
317 772 449 848 regulam
460 770 641 830 rectitudinis
652 773 811 832 naturalem
823 773 976 846 contineat,
992 771 1061 850 quia
1071 780 1168 830 tamen
1182 768 1319 847 supponit
1330 775 1443 828 certum
1551 789 1552 792 ¹

235 871 331 910 rerum
346 861 461 925 statum,
476 851 570 927 potuit
590 852 621 909 in
633 853 721 910 certis
742 853 865 930 casibus,
880 853 999 912 mumtis
1012 869 1108 910 rerum
1126 867 1372 927 personarumque
1386 849 1444 907 cir-

235 932 425 1006 cumstantiis,
446 931 600 1008 immutari,
616 932 668 990 sed
681 932 760 992 illius
780 941 893 992 tantrrm
907 932 1081 992 authoritate
1095 951 1113 990 a
1126 949 1184 1006 quo
1197 929 1364 988 institutum
1377 937 1443 988 cst:

234 1031 263 1070 v.
276 1031 304 1088 g.
328 1012 434 1071 occisio
458 1011 593 1088 hominis,
622 1019 652 1070 et
679 1014 866 1074 contrectatio
890 1013 932 1072 rei
959 1013 1069 1087 aliene,
1098 1030 1164 1088 quse
1189 1009 1328 1068 mandato
1356 1017 1443 1068 sexto
1547 1031 1552 1064 v

233 1099 264 1150 et
277 1100 381 1151 octavo
401 1092 596 1170 prohihentur,
617 1100 739 1170 possunt
757 1093 820 1152 fieri
843 1093 939 1170 licitas,
961 1099 1072 1151 mutata
1092 1091 1190 1168 aliqua
1203 1089 1442 1166 circumstantia3

234 1172 388 1232 accedente
401 1181 473 1250 puta
493 1172 629 1231 mandato
643 1171 752 1248 divino,
767 1175 816 1232 vel
836 1173 954 1251 publica
973 1171 1157 1231 authoritate.
1199 1170 1299 1247 Atque
1318 1169 1375 1228 hoc
1394 1188 1441 1228 rs·

234 1261 334 1328 spectu
348 1260 444 1329 potest
456 1251 556 1310 referri
569 1251 607 1310 ad
620 1253 679 1312 Jus
693 1253 859 1329 positivum,
875 1273 934 1314 non
947 1252 1064 1330 quidem
1078 1251 1210 1310 absolute
1224 1258 1254 1309 et
1268 1247 1441 1385 simpliciter
1543 1256 1547 1285 ³

232 1332 299 1408 tale,
316 1342 345 1391 et
358 1351 435 1391 merc
450 1331 581 1407 liberum,
597 1331 675 1409 quod
690 1333 802 1392 nullum
820 1334 909 1393 habet
922 1332 1142 1392 fundamentum
1162 1330 1220 1388 nisi
1240 1329 1271 1387 in
1285 1349 1323 1387 vo
1336 1337 1439 1388 untste
1543 1343 1552 1376 ¹1

233 1412 296 1470 sola
311 1411 375 1486 Dei,
392 1412 444 1471 sed
464 1411 621 1470 secundum
638 1412 718 1489 quid,
734 1421 884 1490 quatenus,
904 1413 973 1472 licet
987 1412 1123 1471 fundetm
1136 1411 1167 1469 in
1181 1409 1282 1470 ordine
1296 1427 1394 1468 rerum
1408 1417 1439 1468 st
1551 1435 1552 1454 ι

232 1500 336 1550 natura
349 1499 454 1567 creata,
469 1499 565 1567 potest
585 1500 682 1550 umen
696 1493 885 1552 mutationem
905 1493 1033 1570 aliquam
1054 1491 1206 1551 admittere
1220 1509 1273 1569 pro
1294 1489 1439 1567 sapientia
1551 1509 1552 1520 ¹

234 1572 434 1650 legislatoris,
449 1572 501 1648 qui
515 1570 646 1631 ordinem
660 1572 743 1631 illum
758 1573 891 1632 instituit.
1551 1601 1552 1606 ¹

274 1652 346 1710 VII.
370 1652 418 1710 Ex
431 1653 486 1710 hac
500 1670 570 1709 vero
584 1651 667 1710 Juris
681 1651 774 1710 divini
788 1653 982 1728 distinctione,
1005 1651 1069 1712 fluit
1088 1651 1302 1728 Praecptorcm
1316 1647 1437 1708 distinc·
1551 1693 1552 1696 ,

231 1731 281 1809 tio,
298 1752 363 1810 qua
383 1732 431 1790 hio
445 1739 490 1790 est
503 1730 637 1790 tenenda
673 1731 745 1807 Quae
758 1733 835 1792 enim
849 1740 909 1792 tam
930 1741 1038 1792 arctam
1052 1731 1161 1790 habent
1174 1749 1239 1789 cum
1261 1737 1366 1788 natura
1380 1729 1437 1787 Dei
1551 1747 1552 1780 3

231 1813 450 1887 connexionem,
460 1819 493 1871 ut
506 1811 600 1888 posita
614 1820 744 1872 creatura
757 1813 891 1872 rationali
905 1822 935 1872 et
948 1812 1072 1890 regibili,
1083 1831 1142 1871 non
1156 1811 1249 1890 possit
1261 1809 1300 1868 ad
1313 1829 1349 1867 ea
1362 1829 1436 1886 prse-
1544 1850 1547 1880 ,

231 1893 335 1952 stands
347 1911 407 1951 non
417 1892 558 1952 obstricta
570 1911 643 1969 esse,
658 1893 757 1969 qualis
771 1901 847 1969 sunt,
858 1903 892 1953 ut
903 1894 967 1952 Deo
981 1912 1013 1951 se
1028 1891 1162 1969 subjiciat
1176 1898 1206 1950 et
1218 1908 1329 1949 morem
1342 1897 1435 1966 gerat,
1547 1901 1548 1938 l

231 1981 260 2032 et
274 1993 340 2032 aum
353 1993 406 2051 pro
418 1973 481 2031 Deo
493 1991 545 2030 suo
559 1971 644 2031 unice
658 1973 772 2049 habeat,
788 1982 818 2033 et
832 1975 905 2048 sim,
920 1973 971 2032 illa
985 1973 1047 2032 sine
1062 1970 1258 2032 controversia
1272 1977 1341 2029 sunt
1350 1970 1374 2030 J
1375 1971 1435 2028 uris

231 2053 380 2112 neutralis.
419 2052 478 2111 Sed
491 2070 557 2128 quse
571 2051 694 2110 alibero
710 2053 766 2112 Dei
779 2053 960 2131 beneplacito
971 2052 1072 2128 fluunt,
1086 2060 1119 2111 et
1131 2071 1197 2130 quaa
1210 2050 1334 2109 liberum
1348 2058 1379 2109 ct
1392 2049 1436 2108 in·
1551 2069 1552 2100 1

231 2141 345 2208 tegrnm
361 2132 425 2190 Deo
438 2131 493 2189 fnit
505 2149 612 2206 ponere
626 2131 675 2190 vel
688 2151 747 2190 non
760 2152 875 2210 ponere,
891 2133 1001 2192 censeri
1016 2132 1123 2192 dehent
1136 2132 1212 2210 juris
1225 2129 1354 2208 positivi.
1397 2131 1437 2189 Et

232 2209 269 2268 dc
283 2211 338 2269 hoc
351 2210 427 2269 inter
441 2229 541 2268 omnes
558 2209 618 2268 fere
639 2213 784 2272 convenit
828 2212 887 2271 Sed
907 2212 943 2271 de
957 2212 1123 2290 particulari
1145 2212 1248 2270 horum
1269 2220 1300 2268 et
1318 2211 1436 2268 illorum
1545 2239 1552 2280 ,r

231 2289 424 2366 distinctione,
434 2296 464 2347 et
472 2290 695 2367 enumeratione,
707 2311 766 2350 non
773 2292 882 2370 pariter
889 2311 989 2351 omnes
996 2292 1195 2352 consentiunt:
1212 2291 1288 2350 Sunt
1297 2290 1373 2348 euim
1384 2289 1438 2366 qui
1545 2283 1552 2344 ¹.

231 2369 270 2427 ad
279 2369 301 2428 J
302 2389 337 2428 us
347 2368 477 2428 neumsla
489 2387 523 2427 ca
531 2368 668 2507 apserunt,
679 2391 743 2447 quse
754 2371 804 2430 alii
813 2372 854 2466 ad·
863 2373 1021 2466 positivum
1030 2373 1126 2465 potius
1139 2371 1283 2466 pertinere
1290 2369 1435 2463 judicant.
1544 2385 1545 2412 ³

259 2606 344 2646 noran.
492 2609 559 2685 Dei,
584 2629 671 2686 quam
695 2621 829 2690 respectu
849 2613 947 2690 nosti,
970 2613 1019 2672 vel
1046 2622 1210 2689 comparate
1231 2619 1261 2670 et
1284 2613 1437 2669 secumdum
1551 2628 1552 2662 ;

230 2688 306 2763 quid,
322 2694 456 2764 respectu
466 2689 566 2766 nostri,
579 2709 637 2748 non
648 2711 717 2750 vero
730 2693 794 2751 Dei.
817 2692 955 2768 Qusedam
970 2693 1047 2751 enim
1061 2701 1130 2752 aunt
1143 2692 1275 2752 absolute
1285 2689 1435 2768 indispen·
1551 2711 1552 2726 ¹

230 2766 334 2826 sabilia
342 2775 402 2826 tam
414 2768 477 2827 Deo
486 2788 573 2846 quam
586 2769 688 2846 nohis;
709 2771 841 2849 quaedam
851 2791 922 2832 vero
936 2772 1095 2832 secundnm
1106 2772 1177 2850 quid
1185 2779 1318 2849 respectu
1332 2771 1434 2845 nostri,
1551 2819 1552 2822 η

228 2847 298 2923 quia
318 2867 384 2906 cum
404 2867 463 2907 non
484 2848 574 2908 simus
596 2850 715 2909 Domini
735 2860 785 2911 aut
805 2853 936 2928 dedices,
959 2853 1012 2912 sed
1035 2852 1153 2929 subditi,
1176 2861 1206 2912 ct
1226 2847 1348 2925 tribua,
1373 2870 1434 2910 non
1551 2873 1552 2904 1

228 2946 383 3004 possumus
397 2929 552 3006 quicquam
569 2929 675 2991 addere
695 2939 747 2991 aut
760 2932 910 2992 detrahere
926 2933 1020 3011 Legi:
1057 2932 1116 2991 Sed
1137 2951 1196 2992 non
1216 2939 1351 3010 respectu
1366 2931 1433 3006 Dei,

228 3007 280 3085 qui
293 3016 326 3067 ut
340 3028 491 3087 supremus
501 3009 643 3070 Dominus
657 3019 687 3070 et
701 3011 866 3090 Legislator
882 3013 977 3092 potuit
990 3012 1022 3071 in
1035 3012 1122 3072 certis
1136 3013 1252 3072 casibus
1265 3011 1435 3089 dispensare

228 3087 265 3148 de
280 3089 360 3166 Lege
374 3089 472 3167 aliqua
485 3109 503 3148 a
517 3109 548 3149 sc
561 3091 621 3150 lata
635 3091 697 3151 aine
711 3101 840 3170 peccato.

269 3168 329 3226 IX.
351 3168 479 3243 Questio
493 3189 563 3246 ergo
583 3191 618 3229 eo
638 3171 722 3247 redit,
745 3171 796 3230 An
810 3173 967 3251 Praecepta,
989 3191 1049 3230 non
1063 3169 1153 3250 Legis
1167 3169 1384 3230 ceremonialia
1405 3179 1435 3230 et

228 3246 374 3322 Forensis,
389 3267 461 3325 quas
479 3249 555 3324 juris
574 3250 694 3326 positivi
713 3251 861 3310 mutabilis
882 3271 946 3311 esse
966 3258 1096 3328 constat,
1128 3251 1186 3312 Sed
1201 3251 1291 3328 Legis
1304 3251 1433 3326 moralis,

226 3344 286 3384 non
300 3326 458 3384 secundum
479 3327 660 3404 appendices,
683 3330 735 3387 aad
756 3330 916 3389 secundum
936 3332 1135 3407 substantiam,
1158 3331 1216 3390 sint
1230 3331 1314 3389 Juris
1331 3339 1433 3390 natur-

226 3405 290 3480 alis,
306 3405 368 3463 sive
381 3406 510 3483 primarii
524 3406 587 3465 sive
601 3407 771 3484 secundarii,
786 3428 846 3467 non
858 3429 936 3468 mere
954 3411 1091 3488 positivi3
1114 3411 1243 3488 adeoque
1257 3411 1432 3487 necessaria,

226 3503 286 3543 non
299 3492 411 3543 tantum
425 3486 611 3564 hypothetice
626 3507 663 3545 ex
676 3488 836 3549 voluntatis
858 3487 964 3549 divina
979 3493 1134 3567 sanctione,
1151 3491 1203 3550 sed
1223 3489 1356 3550 absolute
1368 3499 1402 3550 et
1415 3511 1434 3549 a

226 3575 308 3642 parte
322 3564 373 3640 rei,
389 3575 418 3625 et
432 3565 677 3643 indispensahilia,
692 3587 751 3627 non
765 3577 877 3628 tantum
890 3570 1064 3646 hominibus,
1080 3571 1131 3630 sed
1145 3571 1231 3630 etiarn
1247 3571 1321 3629 Deo.

402 3710 408 3722 ¹
532 3645 575 3704 X.
598 3647 682 3706 Circa
702 3649 777 3707 hanc
792 3648 995 3727 Quastionem,
1017 3659 1076 3709 tres
1090 3659 1158 3710 aunt
1172 3650 1345 3709 celebriores
1366 3669 1433 3709 aen-

227 3707 433 3821 Τῗζέὴῗῖξξξῑξζζ
441 3711 471 3756 ‘¹⁰
493 3725 608 3785 tentiae:
633 3727 707 3786 Duae
727 3737 872 3804 extreme,
889 3749 953 3807 quae
967 3730 1016 3790 vel
1032 3728 1309 3808 dispensabilitatem
1322 3730 1373 3788 vel
1387 3730 1432 3788 in·

225 3898 291 3957 quas
304 3881 409 3960 partim
423 3881 638 3963 dispensabilis,
653 3887 757 3964 partim
771 3889 1008 3968 indispensahilis
1026 3909 1090 3948 csse
1108 3889 1182 3948 vult.
1211 3889 1315 3946 Prrina
1329 3891 1433 3949 statuit

493 3803 770 3881 dispensabilitstem
794 3809 995 3869 mandatorum
1019 3817 1170 3886 asserunt;
1200 3809 1300 3867 Tertia
1323 3809 1431 3886 medie,
1545 3840 1548 3851 ·

226 3959 336 4036 Legem
359 3963 497 4021 moralem
511 3965 542 4022 in
556 3967 689 4026 omnibus
703 3970 855 4047 praeceptis
869 3987 933 4028 esse
947 3968 1178 4048 dispensabilem,
1194 3967 1344 4027 fundatam
1359 3978 1434 4048 puta
1551 4035 1552 4066 ᾖ

224 4039 255 4100 in
269 4040 407 4132 solojure
420 4043 555 4121 positivo,
571 4047 650 4123 quod
670 4067 688 4106 a
708 4048 800 4108 libera
814 4049 869 4108 Dei
883 4049 1032 4108 voluntate
1046 4049 1170 4126 pendet3
1197 4065 1343 4126 quamque
1363 4048 1431 4108 ideo

181 4143 184 4151 ·
223 4139 277 4197 pro
290 4119 376 4178 hbrtu
390 4131 500 4183 mutare
514 4134 621 4202 posset.
658 4127 694 4186 In
708 4147 767 4206 qua
781 4127 924 4188 sententis
937 4136 1013 4204 sunt,
1031 4131 1057 4186 1.
1077 4127 1161 4186 Varii
1174 4147 1212 4185 cx
1229 4128 1429 4207 Scholasticis,

224 4199 375 4292 flebamus,
388 4201 418 4258 in
429 4205 457 4260 2.
467 4222 495 4280 q.
509 4207 554 4280 19,
568 4206 685 4284 Geton,
696 4217 731 4268 tr.
743 4209 779 4267 de
790 4209 852 4267 vita
863 4208 1013 4286 spirituali,
1027 4207 1079 4266 lib.
1096 4207 1125 4282 i,
1140 4208 1244 4265 Pes-us
1260 4209 1296 4265 de
1305 4208 1429 4286 Alliaco,

222 4298 253 4336 m
269 4282 295 4338 1.
311 4299 340 4355 q.
357 4283 403 4354 14,
423 4283 587 4360 Almuynus,
608 4307 637 4364 p.
660 4291 688 4363 3,
710 4297 746 4347 tr.
767 4306 857 4346 mora.
880 4307 905 4347 c.
920 4305 980 4363 xv,
996 4295 1026 4346 et
1046 4287 1095 4346 alii
1113 4286 1165 4365 qui
1185 4304 1235 4344 eos
1256 4296 1429 4364 sequuntur,

223 4378 296 4436 quos
310 4359 453 4437 precipue
463 4362 587 4442 impellit
599 4367 747 4426 temeritas
757 4366 945 4444 expurgandi
958 4385 1050 4444 praece
1071 4373 1133 4425 tum
1144 4365 1303 4424 secundum
1313 4385 1357 4425 ex
1368 4368 1429 4428 De·

222 4438 332 4517 calogo,
349 4447 411 4499 tum
425 4450 561 4521 potestas,
577 4465 664 4522 quem
679 4455 815 4522 arrogant
827 4444 961 4504 Pontifici
975 4465 1035 4515 suo,
1064 4443 1228 4523 'spensandi
1248 4443 1285 4503 dc
1299 4465 1429 4526 praecep·

220 4519 333 4579 tisDci.
359 4524 387 4580 2.
400 4521 553 4600 Sociniani,
564 4525 615 4601 qui
624 4532 702 4584 stant
710 4544 762 4603 pro
772 4524 1020 4602 dispensabiliteta
1027 4526 1083 4584 hac
1091 4524 1274 4603 potissimum
1283 4524 1320 4584 de
1329 4547 1428 4604 musa,

220 4605 254 4656 ut
264 4600 399 4662 evincant
408 4601 517 4680 Legem
528 4604 688 4663 Moesicam
702 4623 766 4663 esse
781 4604 985 4682 imperfectam,
996 4624 1061 4682 quas
1067 4603 1180 4682 corrigi
1191 4603 1334 4664 debuerit
1356 4606 1429 4682 Qui-

219 4676 275 4736 bus
296 4698 326 4738 sc
348 4680 512 4758 adjungunt
532 4682 576 4740 illi
596 4703 634 4741 ex
655 4683 770 4758 nostris,
790 4683 841 4759 qui
860 4682 1035 4761 pertendunt
1055 4683 1213 4742 bonitatem
1234 4691 1264 4742 et
1283 4684 1430 4746 malitiam
