3150 5206
241 355 298 412 172
697 359 789 402 nocue
803 359 1002 402 uuonuornns.
1263 341 1393 421 [onnon.
1409 363 1441 404 v.

239 509 295 568 fnit
304 507 376 566 fides
382 507 403 566 J
405 525 456 565 esu
468 503 583 578 Christi,
596 501 647 561 sed
655 500 727 558 fides
739 499 803 558 Deo
813 507 842 558 et
851 498 1000 575 promissis
1009 499 1088 558 illins
1098 499 1262 575 adhibita;''
1274 500 1440 574 etVollrcl.,

239 587 290 646 lib.
306 587 345 644 iv.
361 603 422 662 cap.
438 587 465 657 3,
477 582 541 641 vult
555 579 669 639 differre
680 578 710 636 in
720 577 813 636 tribus
823 576 908 635 fidem
918 577 1057 637 Veterum
1066 587 1095 637 et
1105 587 1241 654 nostram,
1254 587 1284 638 et
1297 579 1439 657 inprimis,

241 669 260 699 “
271 664 350 742 quod
363 664 448 722 hodie
458 669 517 721 tam
527 661 558 718 in
568 659 722 731 Christum,
734 675 820 733 quam
831 656 861 714 in
872 657 967 714 Deum
978 657 1093 718 eredere
1104 656 1275 734 jubeamnr3
1287 659 1356 716 olim
1366 679 1441 716 vero

240 762 421 819 nequaquam
435 742 521 800 talem
535 738 621 796 tidem
636 735 775 809 extitisse,
790 735 839 793 vel
853 754 890 794 ex
904 755 938 793 eo
951 743 1038 812 patet,
1060 735 1138 812 quod
1153 737 1285 796 Christus
1304 747 1374 796 tunc
1387 757 1440 796 ne-

240 841 386 900 quaquam
399 820 494 878 adhue
508 817 665 876 extiterit.''

541 896 600 954 111.
623 895 859 953 Remonstrantes
869 912 927 951 non
941 892 1028 950 alieni
1038 902 1133 953 sunta
1149 893 1319 953 Socinianis.
1340 895 1439 952 Amni-

498 975 560 1032 niua
573 973 697 1052 quidem,
715 972 828 1048 Disput.
844 971 880 1029 de
895 971 983 1048 Legis
996 979 1025 1031 et
1039 973 1194 1050 Evangelii
1216 973 1438 1050 comparatione,

239 1055 468 1116 convenientiam
481 1054 630 1130 utriusque
644 1050 821 1109 Testamenti
833 1050 906 1108 bene
917 1051 1039 1122 collocet
1052 1051 1083 1110 in
1095 1071 1153 1111 una
1166 1053 1323 1129 eademque
1331 1052 1440 1112 utrius·

240 1155 297 1212 qne
317 1133 445 1208 materia,
467 1132 536 1190 fidei
558 1132 668 1190 scilieet
689 1129 852 1187 obedientia
872 1129 1024 1206 utrobique
1038 1131 1183 1207 requisita,
1199 1140 1228 1190 et
1240 1131 1310 1189 vitae
1324 1138 1438 1190 aeternae

239 1212 405 1273 haereditata
414 1211 612 1288 promissaper
621 1207 742 1286 justitia
756 1207 824 1265 fidei
838 1208 1063 1284 imputationem,
1075 1218 1104 1268 et
1117 1209 1272 1286 gratiosam
1281 1210 1311 1267 in
1323 1211 1438 1268 Christo

240 1292 442 1368 adoptionem:
465 1291 564 1350 Unum
584 1289 730 1365 objectum
744 1305 807 1344 esse
822 1287 983 1363 Christum;
1007 1287 1205 1347 Differentiam
1219 1297 1315 1346 autern
1329 1308 1392 1347 esse
1405 1289 1437 1346 in

240 1369 465 1431 accidentalibus
479 1368 634 1442 nonnullis,
649 1386 714 1443 qnae
729 1365 801 1422 nihil
815 1364 956 1442 derogant
968 1367 1073 1426 unitati
1087 1366 1277 1426 substantiali.
1314 1367 1373 1426 Sed
1386 1367 1437 1443 qui

240 1450 331 1509 secuti
342 1468 406 1507 eum
418 1456 492 1521 sunt,
509 1447 592 1505 aliter
604 1446 769 1522 loquuntur.
801 1442 982 1520 Apologistae
993 1465 1017 1504 e.
1032 1445 1082 1503 vii.
1098 1454 1203 1504 vocant
1218 1447 1436 1523 “quaestionem

241 957 470 1006 aemonstrantinm.

124 1555 128 1566 .
238 1529 275 1587 de
296 1527 353 1586 fide
373 1526 402 1584 in
423 1527 454 1586 J.
470 1527 623 1600 Christum,
644 1523 693 1580 Αιι
707 1531 736 1581 et
750 1522 893 1600 quomodo
907 1543 941 1580 ea
954 1523 1008 1582 snb
1023 1524 1060 1582 V.
1075 1525 1109 1582 T.
1123 1524 1218 1583 locum
1232 1524 1373 1600 habuerit,
1394 1525 1435 1582 in-

238 1607 415 1679 concinnam,
432 1605 596 1681 ambiguam
610 1611 639 1662 et
652 1602 791 1675 inutilem,
807 1610 836 1659 et
850 1609 959 1659 certum
973 1622 1036 1661 csse
1049 1603 1146 1661 locum
1158 1603 1269 1662 nullum
1284 1623 1347 1662 esse
1361 1603 1436 1661 unde

238 1693 374 1763 appareat
388 1684 474 1742 tidem
487 1685 571 1742 istam
584 1683 637 1742 sub
652 1681 689 1738 V.
705 1681 738 1738 Τ.
753 1687 925 1757 praeceptam
939 1679 1035 1755 fnisse,
1046 1689 1096 1740 ant
1109 1682 1267 1758 viguisse.''
1309 1682 1437 1740 Tandem

238 1763 422 1824 revelationis
435 1763 553 1821 modum
572 1761 762 1836 distinguunt,
786 1759 894 1818 clarum
916 1760 964 1818 vel
987 1760 1148 1835 obscurum,
1164 1768 1193 1819 et
1206 1761 1287 1818 aiunt
1300 1759 1386 1819 tidem
1406 1761 1436 1817 in

238 1845 342 1904 Jesum
357 1842 501 1901 Christum
515 1860 569 1899 nee
583 1847 689 1916 aperte,
704 1857 757 1896 neo
771 1837 887 1912 directa
904 1837 955 1897 sed
968 1845 1065 1897 tamen
1078 1839 1216 1898 indirecte
1231 1847 1260 1897 et
1273 1839 1394 1897 obscura
1408 1839 1436 1896 in

239 1923 340 1981 Veteri
353 1922 538 1979 Testamento
551 1917 747 1995 praescriptam
761 1916 859 1989 finisse,
874 1935 977 1994 nempe
992 1917 1045 1976 snb
1059 1917 1116 1974 fide
1131 1917 1274 1994 generalis
1288 1918 1346 1975 Dei
1358 1918 1436 1975 favo-

238 2000 278 2059 ris
302 2010 331 2059 ct
355 2000 455 2076 gratiae
478 1998 712 2073 comprehensam
735 2003 764 2053 et
786 1994 954 2054 involutam.
997 1996 1080 2054 Idem
1099 1996 1216 2055 tradunt
1239 1996 1276 2053 de
1297 1997 1437 2072 promisso

239 2080 307 2138 vitae
332 2087 454 2151 aeternae,
480 2095 542 2151 cap.
557 2094 616 2149 xv,
641 2072 720 2151 qnod
743 2072 892 2131 confirmat
911 2075 1045 2149 Ephcop.
1059 2074 1110 2133 lib.
1125 2075 1165 2134 iii.
1181 2093 1203 2132 s.
1220 2077 1262 2134 4:
1292 2078 1310 2106 “
1325 2075 1373 2132 Ex
1394 2075 1438 2132 his

239 2158 322 2216 facile
347 2156 484 2231 colligere
507 2161 559 2227 est,
583 2152 653 2230 quid
676 2151 859 2210 statuendum
884 2151 921 2208 sit
943 2151 979 2209 de
1001 2154 1160 2229 quaestione
1184 2153 1236 2211 illa
1249 2152 1366 2228 famosa,
1389 2153 1438 2211 An

239 2236 309 2293 vitae
324 2243 438 2292 aeternae
452 2231 604 2308 promissio
618 2232 648 2288 in
662 2231 700 2288 V.
716 2229 822 2286 foedere
842 2229 938 2288 locum
958 2231 1100 2306 habuerit,
1116 2232 1164 2290 vel
1178 2231 1274 2308 potius
1288 2231 1318 2288 in
1332 2232 1438 2290 foedere

239 2314 302 2390 ipso
317 2312 523 2387 comprehensa
543 2309 637 2367 fuerit.
682 2309 712 2367 Si
733 2308 809 2367 enim
824 2307 962 2385 speciales
982 2311 1187 2384 promissiones
1210 2309 1240 2366 in
1254 2310 1362 2368 foedere
1377 2311 1437 2387 ipso

239 2391 340 2450 Veteri
354 2408 497 2465 expressae
511 2387 672 2462 videantur,
698 2385 845 2446 fatendum
868 2395 920 2462 est,
946 2387 1055 2446 nrrllam
1078 2389 1145 2447 vitae
1168 2399 1281 2447 aeternas
1303 2389 1438 2448 disertam

239 2468 457 2547 promissionem
471 2466 573 2524 inillis
587 2465 720 2542 reperiri;
747 2467 772 2523 si
795 2466 860 2542 quis
884 2474 983 2524 contra
998 2468 1110 2542 sentiat,
1127 2468 1190 2543 ejus
1204 2475 1249 2526 cst
1262 2468 1357 2526 locum
1372 2468 1438 2526 dare

238 2549 290 2612 uhi
313 2548 364 2605 illa
387 2554 475 2620 extet,
500 2545 578 2621 qnod
600 2553 670 2622 puto
684 2544 727 2602 illi
745 2543 922 2621 impossibile
936 2565 1018 2620 esse,
1043 2545 1101 2604 Sed
1115 2566 1183 2604 vero
1198 2546 1223 2604 si
1236 2545 1439 2623 promissiones

239 2627 389 2704 generales
402 2625 562 2698 uideantur,
578 2623 724 2682 fatendum
740 2643 777 2681 ex
786 2623 876 2682 altera
890 2633 970 2698 parte
991 2632 1036 2682 est
1046 2644 1095 2683 eas
1106 2624 1179 2683 tales
1190 2644 1261 2701 esse,
1273 2633 1306 2683 ut
1319 2626 1438 2701 promis-

239 2707 283 2764 sio
303 2706 372 2764 vite
396 2713 510 2762 aeterna
530 2722 589 2760 non
610 2703 728 2761 subesse
742 2710 854 2760 tantum
868 2701 1009 2778 videatur,
1025 2702 1077 2762 sed
1091 2712 1120 2762 et
1135 2703 1191 2762 Dei
1204 2702 1363 2762 intentione
1378 2721 1439 2762 eam

239 2785 282 2844 eis
297 2784 440 2844 subfuisse
455 2782 541 2841 etiam
556 2781 634 2841 credi
648 2781 779 2840 debeat.'’

369 2922 375 2934 ,
539 2861 594 2920 IV.
615 2862 808 2936 Anabaptiatce
828 2879 886 2918 non
907 2860 991 2936 pauci
1006 2859 1129 2918 eundem
1143 2869 1239 2919 errant
1252 2879 1386 2936 errorem,
1408 2869 1440 2919 nt

253 2923 478 2982 Anubepnstarum.
499 2949 611 2998 constat
633 2959 670 2998 ex
696 2940 787 2997 Collo.
813 2939 933 2996 Franco.
950 2946 1002 2997 art.
1021 2942 1066 3014 15,
1084 2942 1130 3016 16,
1154 2939 1204 2998 nbi
1228 2959 1286 2998 non
1299 2941 1385 2998 aliter
1404 2939 1440 2997 de

240 3021 400 3080 Israelitico
413 3020 520 3097 populo
534 3019 699 3095 loquuntur,
710 3038 795 3095 qnam
811 3017 846 3076 da
861 3017 958 3092 aliquo
971 3037 1123 3093 porcorum
1135 3037 1231 3094 grege,
1241 3027 1340 3094 utpote
1355 3039 1439 3095 quem

237 3109 383 3177 nugantur
395 3119 414 3157 a
428 3099 553 3157 Domino
573 3099 603 3154 in
624 3099 678 3155 hae
699 3107 775 3155 terra
789 3095 952 3172 saginatum
966 3095 1037 3154 citra
1051 3115 1131 3173 spem
1145 3097 1234 3155 ullam
1248 3097 1375 3156 coelestis
1388 3097 1439 3154 im-

237 3179 420 3238 mortalitatis
432 3201 438 3252 ;
464 3177 540 3235 bona
554 3184 665 3234 tantum
678 3174 854 3251 temporalia,
877 3182 906 3233 et
919 3175 1123 3251 promissiones
1137 3183 1264 3234 terrenas
1278 3175 1337 3234 illis
1357 3175 1439 3234 datas

237 3265 417 3329 asserentea;
443 3275 508 3332 qnae
528 3255 583 3313 fuit
596 3255 683 3312 etiam
700 3253 811 3313 Servati
832 3253 974 3328 impietas,
993 3262 1191 3331 contraquam
1207 3254 1297 3313 solide
1311 3252 1439 3331 disputat

239 3334 341 3409 Calvi,
357 3335 387 3392 li.
402 3335 432 3391 ii.
447 3354 471 3392 c.
489 3336 535 3392 10.
1374 3363 1379 3374 ·

268 3477 351 3522 Status
361 3476 442 3524 Quare·

303 3533 384 3577 tionis.

539 3411 647 3469 V.le
671 3409 777 3486 quibus
797 3428 855 3468 non
879 3409 1000 3469 obscure
1025 3412 1123 3488 colligi
1146 3421 1241 3489 potest
1265 3412 1439 3486 Quoestionis

501 3491 607 3547 Status.
651 3489 715 3546 Non
730 3488 875 3563 quaeritur,
900 3490 926 3546 1.
942 3489 991 3546 An
1005 3490 1099 3549 foedus
1114 3491 1213 3568 gratiae
1227 3491 1340 3549 varimn
1354 3491 1441 3550 fuerit

497 3566 594 3643 quoad
602 3567 797 3641 accidentalia,
805 3575 834 3625 et
840 3566 969 3626 diversos
980 3569 1201 3645 dispensationis
1206 3568 1441 3646 atpatefaetionis

238 3642 339 3714 modos
353 3651 383 3700 ot
396 3643 503 3719 gradus
519 3667 526 3703 :
549 3645 686 3703 Fatemnr
707 3645 783 3703 enim
798 3646 919 3704 subhac
934 3647 1016 3722 σχίσει
1040 3648 1191 3724 multiplex
1206 3667 1269 3707 esse
1284 3647 1439 3707 discrimen

238 3721 313 3780 inter
334 3722 401 3780 Vet.
425 3730 454 3779 et
474 3723 510 3780 N.
526 3724 614 3797 Test,
640 3743 691 3782 scu
715 3733 841 3798 veterem
865 3733 895 3784 ct
915 3746 1020 3784 novam
1042 3727 1238 3796 oeconomiam,
1261 3735 1293 3784 ut
1308 3745 1360 3785 suo
1374 3729 1439 3786 loco

238 3799 425 3877 probabitur:
460 3801 525 3876 Sed,
541 3801 592 3860 An
613 3803 689 3860 idem
710 3802 796 3862 fuerit
809 3804 905 3880 quoad
924 3806 1105 3864 subamarum
1119 3813 1148 3863 et
1161 3813 1257 3881 partes
1271 3807 1440 3866 essentiales

237 3879 362 3954 foederis,
378 3879 417 3938 id.
432 3888 494 3939 tum
507 3881 604 3958 quoad
628 3881 782 3941 foederatos
796 3883 883 3960 ipsos,
907 3891 968 3942 tum
982 3883 1078 3960 quoad
1092 3885 1255 3961 pactionem
1269 3884 1435 3942 foederalem

238 3967 337 4018 mutua
358 3959 483 4036 partium
503 3960 678 4037 obligatione
693 3965 898 4021 constantem?
939 3962 988 4019 An
1015 3961 1091 4020 idem
1118 3962 1271 4038 utrobique
1293 3962 1438 4022 Mediator

239 4037 378 4114 Christus,
394 4039 494 4098 eadem
507 4040 539 4097 in
553 4040 697 4098 Christum
711 4039 792 4116 fides,
808 4040 964 4100 eorundem
977 4040 1180 4099 beneficiorum
1195 4041 1388 4118 spiritualium
1409 4051 1439 4100 et

237 4116 397 4175 coelestium
410 4119 622 4194 promissiones,
638 4119 738 4177 eadem
752 4119 992 4178 reconciliationis
1006 4128 1036 4177 et
1044 4119 1145 4178 salutis
1157 4120 1214 4195 via,
1230 4121 1360 4180 variante
1374 4129 1437 4180 tan·

238 4195 436 4333 ppmfgderis
456 4197 616 4256 oeconomia
643 4206 672 4256 et
699 4196 967 4256 administratione?
1007 4197 1091 4271 Quod
1115 4197 1287 4258 Adversarii
1308 4209 1435 4277 negant3

267 4291 330 4332 osa
360 4295 495 4335 rmamna

276 4352 332 4410 VI.
354 4354 420 4412 Non
444 4355 588 4430 quaritur,
613 4355 663 4413 An
686 4355 786 4414 Patres
801 4355 838 4413 V.
853 4355 887 4412 T.
903 4353 1007 4414 salvati
1031 4355 1097 4431 sint,
1123 4365 1153 4416 et
1166 4358 1217 4414 An
1237 4355 1296 4415 illis
1317 4357 1438 4416 remissa

236 4429 341 4490 fuerint
355 4437 495 4508 peccata?
516 4431 566 4490 An
579 4453 659 4510 spem
673 4433 799 4511 aliquam
813 4433 881 4492 vitae
895 4443 1009 4492 aeternae
1022 4434 1200 4494 habuerint?
1241 4437 1290 4493 An
1306 4437 1438 4494 Christus

235 4507 306 4583 ipsis
319 4511 473 4585 praedictus
483 4511 592 4571 fuerit?
613 4513 679 4570 Hoc
693 4511 769 4569 eninr
780 4531 885 4589 negare
899 4531 957 4570 non
971 4512 1113 4572 sustinent
1125 4515 1256 4590 plerique
1270 4534 1308 4572 ex
1323 4514 1438 4573 Adver-

236 4587 336 4647 sariis:
370 4588 435 4663 Sed,
460 4589 508 4646 An
534 4590 571 4648 ad
594 4590 738 4649 Christum
753 4591 940 4667 respexerint,
956 4599 985 4649 et
998 4591 1028 4648 in
1043 4611 1093 4668 spe
1107 4593 1186 4653 illius
1200 4593 1315 4652 venturi
1329 4592 1437 4652 servati
