3192 5206
254 358 312 416 282
637 374 728 414 rocus
743 373 872 414 usuruus
887 372 1021 414 suerrus.
1266 351 1391 435 [eumer.
1407 373 1460 414 vn.

294 514 354 574 IX.
377 513 517 573 Actiones
532 523 560 574 et
574 515 729 593 passiones,
742 521 809 573 sunt
834 513 1046 591 suppositorum
1070 513 1294 588 denominative,-
1317 515 1376 574 Sed
1401 535 1461 574 non

155 589 159 597 ’
254 595 358 669 obstet,
374 595 444 672 quin
459 595 622 654 tribuantur
640 595 806 670 formaliter
827 603 935 652 naturae
963 593 1012 652 uui
1036 594 1082 651 rel
1107 593 1199 652 alteri.
1243 595 1292 654 Sic
1319 595 1417 673 passio
1431 604 1463 654 et

252 695 331 734 mors
344 675 458 752 proprie
473 683 502 734 et
516 675 672 733 formaliter
686 684 730 734 est
745 682 854 732 natura
868 674 1010 748 humanae,
1026 672 1078 732 sed
1092 673 1308 758 denominative
1323 676 1461 734 Personae
1569 751 1570 758 ,

254 755 413 814 secundum
427 755 547 814 alteram
557 763 698 814 naturam.

294 835 337 894 X.
359 834 510 911 Templum
525 834 644 912 physice
659 843 688 893 et
708 833 900 908 materialiter,
915 852 974 890 non
995 841 1090 910 potest
1110 831 1188 890 idem
1202 853 1266 892 esse
1280 854 1346 892 curn
1361 853 1396 892 eo
1410 834 1462 912 qui

254 914 284 972 in
299 916 362 992 ipso
376 915 504 989 hahitat;
520 914 572 972 sed
585 914 778 991 metaphorice
790 922 818 972 et
827 913 949 990 mystice
958 921 1090 990 negatur.
1113 913 1156 972 Ut
1169 914 1266 972 anima
1279 913 1387 973 dieitur
1397 935 1462 974 csse

252 995 284 1052 in
298 1014 415 1072 corpore
430 1013 482 1053 suo
498 1003 632 1071 tanquam
641 995 670 1052 in
686 993 807 1070 Templo
817 994 864 1052 vel
873 993 1079 1067 Tabernaculo,
1091 993 1160 1052 licet
1173 994 1295 1052 candem
1306 1014 1461 1070 personam

253 1095 318 1134 curn
333 1095 367 1133 ec
382 1074 546 1134 constituat.
589 1073 696 1132 Christi
710 1074 872 1132 humanitas
886 1082 1006 1132 vocatur
1019 1075 1074 1132 hoc
1089 1092 1175 1132 sensu
1186 1074 1339 1151 Templum
1353 1075 1461 1132 divini-

254 1155 330 1230 tatis,
345 1174 403 1212 non
421 1153 528 1230 priori;
551 1163 638 1231 atque
659 1154 726 1212 inde
746 1153 893 1212 distinctio
914 1153 1031 1229 quidem
1052 1161 1218 1212 naturarum
1238 1155 1312 1213 bene
1333 1163 1461 1228 notatur,

254 1235 305 1294 sed
319 1254 377 1293 non
390 1251 520 1311 persons
534 1233 649 1292 divisio.
1069 1279 1077 1290 .

293 1314 352 1372 XI.
376 1314 470 1371 Maria
484 1322 560 1372 reete
573 1311 812 1378 vocatur-‘tiniae
827 1331 878 1370 seu
896 1311 1031 1388 Deipara
1045 1312 1074 1370 in
1089 1323 1216 1373 conecto
1231 1313 1461 1392 etrpectficata'ee,

253 1395 321 1471 quia
335 1413 400 1452 eum
414 1393 526 1471 peperit
537 1393 586 1470 qui
598 1395 685 1452 etiam
700 1394 781 1452 Deus
795 1402 847 1466 est,
864 1391 916 1450 sed
940 1411 998 1449 non
1012 1391 1042 1449 in
1056 1394 1197 1452 adstructo
1211 1403 1240 1453 et
1256 1394 1463 1470 reduplfcutr'ue

252 1495 310 1552 qua
325 1475 428 1532 Deum.
471 1473 610 1547 Quemvis
631 1493 700 1532 vero
722 1491 857 1551 expresse
868 1472 923 1530 hoc
944 1491 1002 1529 non
1021 1471 1133 1532 dicatur
1153 1474 1183 1530 in
1206 1475 1372 1550 Scriptura3
1390 1476 1464 1533 satis

252 1563 349 1613 tumen
363 1554 499 1628 innuitur,
516 1573 603 1632 quum
620 1553 726 1612 dicitur
739 1562 831 1612 mater
846 1551 972 1624 Domini,
986 1551 1056 1610 Luc.
1067 1552 1094 1627 i.,
1110 1562 1140 1612 et
1152 1564 1245 1612 mater
1259 1554 1462 1612 [mmanuelis.

255 1634 286 1694 Si
296 1635 331 1692 B.
346 1633 440 1710 Virgo
454 1634 526 1691 nihil
541 1635 663 1692 contulit
677 1632 714 1690 ad
730 1633 887 1692 Personam
901 1631 984 1703 Alaea
998 1632 1116 1708 praecise
1128 1634 1348 1708 consideratam,
1365 1643 1464 1710 potest

252 1723 348 1773 tamen
376 1714 435 1772 dici
462 1713 572 1790 aliquid
596 1713 752 1773 contulisse
769 1712 807 1772 ad
822 1712 979 1770 Personam
1006 1711 1089 1782 Λὲγου
1117 1713 1256 1773 incarnati
1281 1714 1463 1772 oeconomice

253 1794 382 1871 spectati,
411 1802 554 1871 quatenus
581 1803 712 1854 naturam
740 1795 894 1852 humanam
906 1791 994 1865 dedit,
1023 1812 1109 1868 quarn
1124 1793 1153 1849 in
1167 1794 1307 1852 unitatem
1324 1793 1464 1853 Personae
1569 1857 1570 1862 χ

252 1874 416 1952 assumpsit.

293 1954 372 2012 XII.
397 1955 428 2012 Si
443 1953 544 2012 titulus
561 1953 693 2030 Deiparae
707 1952 821 2012 delatus
836 1951 961 2028 Virgini,
990 1959 1089 2028 raptus
1104 1951 1158 2010 fuit
1182 1953 1219 2010 ab
1242 1952 1463 2012 hominibussu·
1569 1955 1570 1958 ’

251 2033 422 2112 perstitiosis
436 2032 467 2090 in
481 2033 660 2092 occasionem
685 2031 864 2106 idololatriae,
889 2039 921 2090 ut
945 2031 1080 2090 observet
1108 2031 1216 2090 Paulus
1233 2033 1362 2110 Sarpius,
1379 2033 1462 2092 Hist.

253 2113 362 2172 Concil.
378 2111 506 2171 Trideut.
521 2113 571 2170 lib.
587 2113 626 2187 ii,
651 2115 668 2145 “
681 2114 728 2170 Ex
742 2131 799 2188 quo
815 2111 940 2170 Nestorii
952 2111 1085 2187 impietas
1099 2110 1199 2170 divisit
1214 2113 1370 2188 Christum,
1386 2113 1465 2173 duos
1569 2097 1570 2180 i

252 2193 430 2251 constituens
444 2191 528 2265 filios,
543 2201 573 2250 et
587 2211 660 2266 eum,
676 2193 727 2269 qui
743 2191 863 2266 Virgine
885 2190 979 2248 Mena
993 2191 1117 2266 genitus,
1134 2191 1228 2250 Deum
1251 2212 1314 2251 esse
1329 2213 1462 2270 negans3
1569 2217 1570 2292 p

252 2271 392 2344 Ecclesia,
407 2269 484 2328 utin
498 2272 608 2329 animos
622 2271 750 2330 fidelium
770 2271 920 2329 veritatem
935 2271 1112 2329 Catholicam
1127 2270 1272 2346 insereret,
1288 2272 1317 2330 in
1333 2272 1464 2332 Orientis

248 2351 336 2428 juxte
350 2358 436 2425 etque
451 2349 617 2408 Occidentis
633 2351 780 2424 Ecclesiis,
797 2351 864 2408 hinc
876 2351 937 2408 haec
946 2350 1035 2408 verba
1050 2350 1155 2427 saepius
1169 2351 1343 2410 inculcanda
1357 2353 1463 2411 existi·

250 2429 350 2504 mavit,
366 2429 456 2509 Magais
469 2429 580 2502 halaa,
597 2429 690 2487 hlaria
718 2431 813 2487 Mater
841 2430 905 2488 Dei.
948 2430 984 2488 ld
1011 2429 1128 2506 quidem
1142 2430 1172 2488 in
1200 2433 1336 2489 honorem
1353 2432 1465 2492 Christi
1569 2449 1570 2504 ξ

252 2508 434 2568 solummodo
449 2509 620 2584 institutum,
637 2529 702 2567 oum
718 2509 812 2566 Matre
837 2509 942 2567 sensim
957 2510 1162 2569 communicari
1186 2511 1282 2588 coepit,
1298 2519 1328 2570 et
1342 2511 1464 2570 tandem
1569 2511 1570 2520 ³

250 2589 365 2647 adeam
380 2587 470 2646 solem
486 2588 602 2647 omnino
617 2588 767 2661 relatum,’'
783 2585 837 2646 &a
874 2589 965 2662 Licet,
978 2589 1103 2666 inquam,
1116 2591 1312 2650 crassissimus
1322 2591 1371 2650 hic
1382 2611 1466 2652 error

250 2669 306 2728 hec
319 2668 469 2728 occasione
489 2669 536 2726 vel
550 2675 636 2726 uatus
651 2669 688 2726 sit
702 2667 750 2726 vel
763 2675 883 2742 suetus,
898 2668 971 2727 nihil
985 2670 1016 2727 id
1028 2669 1144 2728 veritati
1164 2671 1293 2748 derogat,
1310 2671 1380 2748 quia
1390 2671 1464 2731 ahu-

251 2768 301 2809 sus
315 2757 344 2808 et
358 2769 436 2808 error
451 2747 675 2822 Pontificiorum,
686 2767 770 2807 usum
779 2747 940 2825 legitimum
952 2749 1034 2808 istius
1048 2750 1172 2808 nominis
1183 2771 1241 2809 non
1252 2751 1340 2810 dehet
1349 2751 1463 2811 tollere.
1569 2773 1570 2804 r

554 2828 649 2886 XIII.
674 2827 823 2886 Secundus
838 2828 973 2905 scopulus
987 2829 1034 2887 hic
1049 2829 1186 2889 vitandus
1200 2838 1245 2889 est
1258 2831 1462 2906 Eutychiana·

269 2913 491 2970 Eutychianismus.
512 2928 572 2966 mus
581 2907 668 2984 priori
677 2908 833 2984 oppositus,
844 2907 939 2966 dictus
950 2909 986 2966 ab
996 2909 1130 2985 Eutyche
1139 2909 1377 2969 Arohirnandrita
1386 2911 1462 2970 Con·
1569 2907 1570 2982 ᾗ

511 2987 774 3065 stantinopolitano,
785 2988 835 3062 qui
849 2987 917 3046 dnm
929 2987 1067 3046 fervidius
1076 3007 1107 3046 se
1117 2990 1235 3066 opponit
1247 2990 1383 3048 Nestorio
1392 2991 1461 3050 Per·
1569 3007 1570 3046 t

250 3093 348 3133 sonam
359 3070 466 3130 Christi
471 3071 501 3128 in
510 3068 582 3127 duas
593 3067 742 3142 dividenti,
753 3075 870 3126 naturas
878 3068 950 3126 duas
959 3068 989 3125 in
998 3087 1084 3127 unam
1093 3069 1231 3143 confudit,
1241 3070 1292 3147 qui
1303 3090 1321 3127 a
1330 3071 1463 3130 Concilio
1569 3057 1570 3146 J

251 3150 479 3211 Chalcedonensi
501 3148 653 3206 damnatus
678 3147 750 3206 fuit:
773 3167 830 3224 quo
857 3147 1002 3224 pertinent
1026 3147 1084 3206 duo
1103 3146 1242 3207 adverbia
1266 3149 1395 3230 degimus
1418 3155 1463 3209 ut
1569 3147 1570 3216 ἦ

250 3231 411 3307 hoppha,
428 3227 669 3287 inconvertibiliter
683 3235 712 3286 et
740 3228 889 3301 inconfiase,
919 3227 1025 3304 quibus
1050 3227 1186 3302 innuitur,
1212 3248 1265 3288 nec
1289 3231 1398 3289 mutari
1413 3239 1463 3289 aut
1569 3239 1570 3304 Q

250 3311 380 3370 converti
394 3329 445 3384 por·
458 3308 593 3366 unionem
608 3306 819 3382 hypostaticam
834 3325 921 3364 unam
948 3315 1080 3365 naturam
1102 3306 1132 3363 in
1157 3307 1261 3384 aliam,
1283 3328 1338 3368 nec
1353 3310 1396 3368 ita
1410 3331 1461 3368 na·
1569 3359 1570 3362 ,

250 3397 329 3448 turos
343 3389 417 3446 inter
432 3407 462 3444 se
477 3383 613 3444 confundi
628 3393 678 3442 aut
700 3384 822 3458 misceri,
838 3393 978 3443 uteorum
993 3405 1172 3463 unaquaeque
1187 3407 1254 3446 suas
1268 3390 1462 3466 proprietates
1569 3393 1570 3456 J

250 3476 279 3527 et
293 3466 474 3525 conditiones
488 3482 545 3521 non
563 3462 693 3520 retineat.

289 3545 380 3603 XIV.
403 3544 542 3602 Rationes
556 3548 641 3599 sunt:
659 3544 684 3599 1.
706 3541 781 3615 Quia
794 3541 928 3619 frequens
939 3552 984 3603 est
997 3544 1026 3602 in
1038 3544 1184 3623 Scriptura
1198 3545 1320 3606 duarum
1343 3559 1460 3608 natura·

248 3645 312 3684 rum
327 3625 357 3681 in
372 3623 486 3681 Christo
512 3619 662 3697 oppositio,
680 3620 763 3679 Rom.
793 3621 811 3680 i.
828 3625 888 3696 3,1
913 3623 976 3682 Pet.
991 3625 1031 3683 iii.
1049 3627 1094 3698 18,
1118 3625 1195 3684 Heb.
1224 3626 1264 3685 ix.
1282 3631 1329 3702 14,
1353 3627 1426 3688 Joh.
1441 3629 1460 3686 i.

251 3708 296 3778 14,
314 3703 389 3762 Phil.
405 3702 433 3759 ii.
449 3704 477 3774 6,
493 3704 520 3774 7,
538 3701 584 3758 11.
620 3703 647 3757 2.
660 3699 735 3773 Quia
745 3699 809 3758 duae
824 3701 865 3758 illi
875 3701 1040 3762 tribuuntur
1050 3705 1222 3780 voluntates,
1236 3707 1307 3766 Luc.
1323 3709 1399 3768 xxii.
1412 3713 1459 3783 42,

251 3788 268 3818 ‘⁴
277 3783 423 3843 Nonaicut
433 3801 482 3857 epo
493 3782 563 3853 voto,
575 3781 627 3837 aed
637 3780 708 3837 sieut
721 3788 751 3838 te
761 3780 830 3838 ois.’'
874 3782 934 3840 Nec
944 3783 1074 3859 sequitur
1084 3793 1235 3861 propterea
1245 3786 1320 3846 duos
1331 3807 1398 3848 esse
1409 3807 1460 3846 vo·
1569 3790 1570 3816 ¹

248 3866 350 3938 lentae,
366 3861 434 3940 quie
447 3860 583 3919 voluntas
601 3860 726 3936 pertinet
752 3859 791 3918 ad
810 3869 965 3937 naturam,
988 3871 1018 3921 at
1031 3863 1132 3922 volens
1160 3864 1198 3922 ad
1211 3885 1384 3944 personam3
1407 3887 1460 3926 nee
1569 3889 1570 3910 r

247 3945 427 4005 voluntatem
442 3940 524 4018 sequi
552 3939 648 3998 stetim
663 3941 895 4016 personalitatem
909 3949 997 4018 patet,
1023 3943 1091 4019 quie
1104 3943 1134 4001 in
1150 3945 1213 4002 Deo
1233 3953 1301 4004 sunt
1315 3954 1376 4005 tres
1392 3946 1460 4006 Per·
1569 3977 1570 4026 3

248 4045 336 4098 soum,
353 4023 472 4081 seduna
499 4027 612 4079 tantum
639 4020 784 4078 voluntas.
827 4023 856 4080 3.
878 4021 1028 4080 Contraria
1054 4021 1219 4084 tribuuntur
1248 4025 1374 4102 Christo,
1396 4047 1460 4105 qua
1569 4039 1570 4070 t

248 4105 310 4163 sine
325 4102 439 4162 duabus
453 4102 483 4159 in
497 4099 561 4176 ipso
575 4099 686 4157 naturis
700 4099 796 4158 locum
810 4119 868 4158 non
883 4100 1029 4176 haherent,
1052 4109 1085 4160 nt
1099 4103 1178 4179 quod
1192 4104 1231 4165 sit
1245 4104 1430 4166 discessurus
1443 4126 1461 4164 a

248 4182 365 4256 mundo,
380 4190 411 4240 et
424 4199 576 4238 mansurus
590 4179 741 4239 nobiscum
755 4179 785 4236 in
800 4187 947 4254 aeternum,
971 4181 1049 4257 quod
1063 4181 1158 4242 infans
1180 4191 1267 4243 uatus
1285 4185 1333 4260 sit,
1350 4186 1402 4262 qui
1416 4192 1460 4245 est
1569 4179 1570 4230 Ῐ

247 4263 334 4321 Pater
348 4260 524 4333 aeternitatis,
540 4258 619 4335 quod
631 4258 818 4318 mortificatus
832 4259 878 4333 sit,
894 4267 924 4317 ct
936 4259 1109 4336 vivificatus,
1125 4259 1179 4321 dic.
1194 4263 1226 4320 in
1244 4264 1338 4324 forma
1353 4265 1419 4342 Dei,
1432 4273 1460 4324 et
1569 4295 1570 4300 κ

246 4341 276 4399 in
290 4341 382 4399 forma
396 4340 480 4414 servi,
497 4336 551 4396 &c

261 4479 352 4526 Fontes
375 4478 480 4524 Solatia-

326 4551 393 4582 num.
511 4575 643 4646 manitas,
655 4594 744 4632 unum
755 4584 800 4633 est
814 4576 947 4654 ἰγίςγημα,
960 4577 990 4634 in
1001 4595 1058 4653 quo
1070 4579 1130 4636 vim
1141 4598 1223 4640 suam
1238 4583 1334 4643 exsut
1347 4591 1457 4643 utrum·

245 4674 302 4729 que
316 4652 486 4730 principium
501 4670 567 4728 quo,
583 4653 635 4711 sed
649 4653 757 4729 duplex
774 4655 882 4732 lugeas.

548 4417 621 4475 XV.
644 4417 726 4476 Licet
739 4416 936 4494 operationum
946 4417 1053 4476 Christi
1066 4419 1240 4495 princepium
1252 4425 1331 4500 quod
1343 4423 1383 4484 sit
1396 4423 1457 4483 uni-

511 4515 585 4568 cum,
602 4495 710 4573 duplex
737 4503 834 4554 temen
861 4504 905 4554 est
927 4498 1191 4575 preruptamque,
1207 4502 1457 4562 divinitasethu·
1569 4545 1570 4556 η
