3202 5194
134 411 244 460 ouem.
260 389 351 472 ιιι]
652 411 692 452 ns
707 411 783 455 naas
798 411 859 454 cnr.
1311 397 1349 454 87

131 551 326 630 torporisque
341 549 573 626 relaxationibus,
588 549 675 610 modo
688 553 872 613 extraheres
884 551 1256 612 cultuidiviuodestinatas
1264 571 1347 612 usrrr-

130 641 243 708 psntur,
261 651 298 690 se
313 649 452 706 recreare,
468 650 522 690 neo
535 632 627 690 ullum
642 642 869 711 avocamentum,
885 633 1018 710 quamvis
1038 633 1227 708 levissimum,
1243 631 1281 691 ad
1301 653 1348 693 res

129 712 210 787 ullas,
226 731 301 789 quse
317 711 451 769 humane
464 711 552 788 hujus
565 710 634 770 vitae
648 714 799 772 commoda
812 721 862 773 sut
876 713 1068 772 emolumenta
1086 721 1224 790 spectent,
1240 713 1346 774 habere

129 791 220 851 liceat.
268 791 360 850 Licet
373 791 449 848 enim
464 791 607 851 sententia
620 792 682 850 hec
695 793 844 869 pulchram
859 793 965 852 habeat
976 793 1094 872 pietatis
1107 793 1232 871 speciem
1252 792 1346 871 prima

129 871 228 948 fronte,
245 879 279 930 et
294 890 315 928 a
331 871 402 928 viris
415 871 471 946 piis
485 870 562 929 bono
576 872 670 930 animo
684 873 875 950 proculdubio
889 882 1065 951 proponatur
1079 874 1117 932 ad
1130 875 1267 950 majorem
1278 873 1344 932 Diei

44 962 45 984 ¹
128 951 218 1028 istius,
233 950 291 1028 qui
306 959 369 1010 tam
382 949 458 1009 foede
472 950 616 1028 profanari
631 952 713 1028 solet,
729 953 985 1013 sanctificationem
998 953 1224 1031 procurandom3
1247 954 1343 1030 gravi-

129 1031 177 1090 bus
199 1041 307 1092 maren
332 1029 445 1090 laborat
469 1029 666 1107 incommodis,
681 1051 735 1090 neo
758 1041 855 1110 potest
877 1034 1001 1108 retineri,
1018 1033 1089 1111 quiu
1111 1033 1265 1092 reducatur
1286 1033 1342 1093 hoe

128 1119 208 1187 pacto
233 1111 268 1168 in
293 1110 468 1184 Ecclesiam,
484 1110 667 1188 humerisque
690 1111 918 1173 Christianorum
940 1113 1034 1172 denuo
1055 1113 1218 1190 imponatur
1235 1114 1342 1190 jugum

129 1193 302 1266 mmor,
322 1189 493 1248 Christianae
514 1190 641 1250 libertati
662 1211 836 1270 repugnans,
858 1202 888 1252 et
910 1193 1022 1252 lenitati
1037 1193 1152 1268 Christi,
1176 1202 1205 1252 et
1225 1193 1342 1252 ioederis

128 1271 224 1346 petie
238 1269 388 1330 suavitati
401 1269 564 1346 adversum,
579 1270 659 1348 quod
671 1271 792 1332 infinitis
805 1273 948 1350 scrupulis
958 1283 988 1332 st
998 1272 1248 1332 inextricabilibus
1256 1273 1341 1332 nodis

127 1351 323 1487 qqpscientias
336 1349 487 1409 hominum
499 1350 593 1428 agitat
606 1358 636 1410 st
649 1359 763 1430 torquet
774 1373 782 1429 ;
805 1360 834 1413 et
848 1361 960 1413 sutum
980 1373 1039 1412 non
1053 1352 1091 1411 ad
1111 1353 1340 1429 desperationem

162 1451 313 1569 {XVIL
338 1507 443 1568 Altera
455 1528 522 1586 pars
535 1509 746 1570 observationis
768 1511 835 1570 Diei
849 1511 995 1572 Dominici
1014 1512 1140 1590 pertinet
1153 1511 1191 1570 ad
1213 1510 1338 1571 sanctii

128 1590 267 1649 ostionem
281 1588 403 1667 quietis,
417 1609 483 1666 que
496 1589 527 1647 in
541 1590 630 1648 sacris
644 1591 843 1667 conventibus,
853 1600 884 1650 et
897 1592 1009 1650 solenni
1022 1611 1055 1650 ae
1063 1592 1180 1670 publico
1191 1592 1247 1650 Dei
1259 1591 1339 1650 cultu

128 1679 287 1728 extruetur.
335 1668 476 1742 Quemvis
500 1669 576 1728 enirn
590 1669 663 1728 sacri
678 1678 770 1730 costus
784 1671 822 1729 ad
841 1672 958 1748 publius
977 1671 1093 1748 pietatis
1112 1670 1258 1746 exercitia,
1274 1671 1338 1730 aliis

128 1766 237 1826 quoque
252 1749 364 1808 diebus
377 1748 490 1825 possint
509 1757 539 1808 st
553 1748 677 1809 debeant
690 1751 727 1809 ab
746 1770 929 1827 unoquoque,
945 1759 1085 1826 quantum
1098 1769 1145 1808 res
1160 1749 1336 1825 suaserunt,

129 1825 312 1905 frequentari,
330 1837 361 1887 et
374 1828 496 1904 quilibet
509 1829 574 1905 pius
588 1830 626 1888 ad
634 1829 802 1906 quotidiana
811 1849 871 1888 sue
885 1829 1047 1888 devotionis
1058 1829 1196 1888 exercitia
1203 1828 1337 1905 privatim

129 1905 257 1968 habenda
270 1929 314 1968 ex
330 1907 514 1968 conscientie
528 1908 621 1968 officio
635 1909 799 1986 obligetur:
820 1909 876 1967 hoc
895 1917 992 1968 umen
1006 1908 1053 1967 die
1071 1929 1131 1986 prae
1145 1908 1256 1966 ceteris
1270 1927 1337 1966 con-

131 1989 237 2048 vocatio
253 1995 362 2048 sancta
375 1987 438 2046 fiori
452 1987 547 2063 debet,
562 1997 595 2047 ut
607 1988 671 2048 fieri
685 1989 797 2048 solebat
813 1988 970 2064 sabbatho,
993 1987 1075 2046 Levi.
1093 1987 1176 2045 xxiii.
1192 1989 1220 2063 3,
1235 1988 1266 2045 in
1280 2007 1338 2064 qua

130 2065 228 2127 devote
243 2077 274 2128 et
287 2074 404 2126 attente
418 2075 537 2126 vacetur
550 2068 642 2127 Verbi
662 2067 756 2127 divini
775 2068 894 2128 lectioni
914 2075 943 2126 ct
964 2067 1112 2144 auditioni,
1129 2066 1221 2125 Hebr.
1235 2085 1266 2125 x.
1281 2069 1335 2145 253

133 2144 387 2207 §mementorum
409 2147 604 2222 celebrationi,
620 2147 689 2206 Act.
703 2168 755 2206 xx.
769 2151 784 2205 7
799 2169 806 2224 ;
829 2146 1003 2206 Psalmodie
1023 2155 1054 2205 et
1075 2147 1207 2222 orationi,
1222 2146 1283 2205 Col.
1296 2147 1337 2207 iii.

134 2225 174 2298 ts,
190 2227 257 2287 Aet.
273 2228 294 2286 i.
313 2231 372 2301 143
395 2225 596 2303 Eleemosynis
610 2235 639 2286 et
653 2246 810 2304 pauperum
824 2227 1017 2302 subventioni,
1035 2227 1126 2285 1001.
1141 2226 1202 2283 xvi.
1212 2230 1245 2302 23
1268 2235 1297 2285 et
1307 2227 1338 2286 in

133 2321 229 2379 genere
243 2307 329 2365 omni
343 2306 388 2364 illi
401 2306 589 2383 Hierologiae,
599 2325 664 2382 que
672 2305 710 2364 ad
724 2307 833 2366 cultum
842 2315 995 2366 externum
1008 2311 1038 2364 et
1048 2306 1194 2364 solennem
1203 2306 1336 2382 pertinet

168 2385 332 2446 XXVIIL
355 2384 455 2461 Atque
469 2386 500 2442 in
512 2385 544 2442 id
556 2386 738 2462 potissimum
758 2385 982 2445 incumbendum
1001 2405 1065 2444 esse
1079 2385 1262 2445 consentiunt
1276 2405 1337 2443 om·

135 2481 189 2538 nes,
202 2467 327 2527 remotis
340 2473 386 2524 tot
399 2464 464 2523 aliis
476 2464 690 2540 controversiis,
705 2485 770 2543 quae
783 2466 832 2524 hio
845 2465 955 2524 moveri
969 2466 1071 2540 solent,
1086 2465 1134 2524 vel
1148 2464 1277 2540 curiosis,
1289 2465 1338 2523 vel

133 2543 221 2604 minus
233 2545 411 2606 messana
424 2552 453 2604 et
466 2544 596 2604 utilibus.
637 2545 683 2603 Eo
697 2545 814 2622 respicit
829 2545 965 2622 Synodus
977 2544 1162 2603 Dordracena
1176 2544 1206 2600 in
1218 2544 1336 2603 Postao·

132 2621 173 2698 tis,
189 2625 299 2685 Sectio.
317 2627 385 2699 164,
399 2624 469 2684 dum
488 2625 597 2699 statuit,
619 2625 638 2658 “
650 2625 735 2683 Diem
757 2625 845 2683 istum
867 2623 908 2683 sic
929 2624 1021 2683 cultui
1042 2623 1141 2682 divino
1158 2623 1336 2700 appropriari

134 2699 237 2782 debere,
250 2714 292 2766 ut
305 2723 341 2763 oo
354 2704 402 2762 die
416 2705 453 2763 ab
467 2704 601 2762 omnibus
615 2704 750 2781 operibus
763 2704 918 2778 servilibus
931 2703 1138 2780 quiescendum
1154 2703 1200 2776 sit,
1217 2699 1335 2780 (excep-

135 2779 167 2838 tis
179 2782 213 2842 iis
225 2806 296 2862 quae
310 2783 436 2842 charitas
449 2790 478 2842 et
490 2803 618 2861 presens
638 2784 795 2842 necessitas
817 2782 987 2862 postulant)
1003 2791 1032 2840 et
1052 2782 1089 2840 ab
1110 2781 1244 2839 omnibus
1259 2782 1334 2858 ejus·

135 2862 205 2920 modi
218 2864 449 2937 oblectamentis,
465 2883 529 2940 quae
544 2862 653 2921 cultum
667 2862 798 2922 divinum
812 2861 950 2940 impedire
964 2861 1112 2938 possent.''
1155 2860 1194 2918 Et
1209 2861 1227 2892 “
1237 2879 1274 2916 ne
1284 2879 1335 2935 po·

135 2940 213 3012 pulus
225 2945 332 3003 diebus
347 2943 507 3000 Dominicis
521 2949 590 3018 post.
599 2941 757 3016 meridiem,
769 2941 834 3004 aliis
847 2941 995 3000 laboribus
1006 2947 1056 2997 aut
1067 2937 1197 2996 exercitii
1208 2937 1335 3012 profanis

137 3015 280 3098 theurus,
295 3043 313 3080 a
326 3020 530 3098 pomeridianis
544 3021 731 3080 concionibus
745 3021 935 3094 abstrahatur,
945 3017 1042 3095 rogari
1057 3016 1120 3074 vult
1134 3016 1333 3091 Magistratus

139 3105 170 3153 nt
182 3117 262 3175 opera
270 3101 368 3160 omnia
381 3100 499 3158 servilia
507 3120 558 3159 seu
567 3100 745 3177 quotidiana,
755 3107 841 3175 atque
852 3098 983 3175 inprimis
996 3097 1086 3170 lusus,
1099 3093 1333 3171 compotationes,

140 3175 260 3254 filiasque
277 3180 415 3240 Sabbathi
427 3179 648 3256 profanationes,
664 3180 770 3256 quibus
784 3187 897 3256 tempus
910 3174 1146 3253 pomeridianum,
1162 3172 1287 3231 maxime
1303 3174 1335 3232 in

140 3255 224 3332 mis,
237 3260 395 3336 plerunque
409 3259 531 3335 transigi
545 3259 627 3334 solet,
643 3257 836 3318 severioribus
850 3256 952 3316 edictis
965 3254 1146 3333 prohibeant,
1156 3260 1188 3313 ut
1196 3253 1254 3311 hac'
1263 3263 1333 3330 qut·

138 3351 189 3408 que
200 3341 308 3399 radone
323 3340 361 3397 ad
374 3339 527 3397 conciones
540 3339 606 3396 illas
619 3337 830 3416 pomeridianas
843 3336 950 3396 adduci
963 3335 1066 3394 melius
1079 3333 1180 3412 possit,
1195 3339 1281 3410 atque
1293 3334 1334 3393 ita

138 3409 271 3493 integrum
288 3417 430 3478 sabbathi
443 3417 520 3477 diem
533 3417 712 3476 mortificare
733 3417 854 3476 discat.''
897 3416 959 3475 Nec
979 3413 1085 3473 chade
1100 3433 1187 3472 causa
1202 3413 1282 3472 Deus
1303 3414 1333 3471 in

140 3489 208 3571 Iege
221 3509 249 3558 et
259 3497 415 3574 Prophetis
423 3505 571 3574 tantopere
585 3505 671 3573 urget
684 3504 713 3556 ct
724 3495 904 3555 commendat
917 3495 1057 3554 Sabbathi
1068 3492 1331 3568 sanctificationem,

137 3571 244 3652 ejusque
259 3578 447 3636 violationem
469 3585 498 3635 et
518 3576 745 3652 profanationem
765 3584 825 3634 tam
846 3593 945 3633 severe
968 3593 998 3632 se
1012 3573 1225 3632 vindicaturum
1245 3572 1332 3630 inter-

138 3651 259 3717 uimur.
303 3655 444 3731 Quamvis
458 3656 534 3714 enim
547 3657 604 3714 ista
617 3655 639 3714 J
640 3654 739 3714 udacos
748 3654 841 3732 primo
852 3653 1015 3730 spectarint,
1028 3652 1146 3710 dubium
1158 3659 1254 3710 tamen
1269 3670 1332 3709 esse

139 3746 187 3789 non
199 3745 303 3812 potest
319 3735 391 3813 quin
404 3754 457 3793 suo
470 3735 557 3794 modo
572 3734 751 3794 Christianos
764 3735 851 3792 ctiam
864 3733 1052 3810 respexerint,
1065 3739 1210 3808 quatenus
1224 3730 1332 3788 morale

137 3809 250 3873 officium
264 3825 295 3874 et
307 3823 455 3892 perpetue
469 3814 679 3874 observationis
693 3813 887 3872 includebant.
1346 3881 1348 3887 Ι

319 3958 325 3971 ,
430 3893 561 3953 XXIX.
584 3893 723 3968 Quamvis
737 3892 853 3952 sublata
872 3891 910 3950 sit
923 3911 975 3968 per
995 3890 1032 3948 N.
1054 3889 1133 3948 Test.
1154 3885 1332 3946 consecutio

152 3952 352 4062 mmm
390 3981 420 4032 et
434 3973 587 4032 discrimen
596 3973 715 4045 dierum,
726 3971 904 4048 aliorumque
917 3979 1077 4045 temporum
1089 3964 1330 4058 ceremonialium

388 4053 552 4129 typicorum
576 4052 644 4110 Vct
666 4051 852 4124 Testamenti,
874 4058 907 4108 ut
927 4049 1014 4108 etiam
1035 4064 1152 4124 prorsus
1174 4051 1265 4104 vetita
1285 4055 1330 4106 est

139 4132 328 4203 rnmmfitiosa
342 4131 455 4190 dierum
468 4152 502 4190 ec
515 4139 678 4208 temporum
699 4129 842 4205 discretio,
865 4149 929 4206 quas
945 4125 1109 4186 Gentilibus
1130 4124 1185 4185 fuit
1204 4125 1330 4186 caete:

139 4203 194 4265 Non
207 4213 338 4289 sequitur
353 4211 533 4271 sabbathum
551 4210 669 4268 Domini
684 4229 701 4268 a
714 4210 836 4287 septimo
850 4208 897 4267 die
911 4209 941 4266 in
955 4206 1078 4284 primum
1098 4205 1279 4278 translatum,
1301 4215 1331 4264 et

138 4284 170 4341 ὦ
181 4307 231 4348 usu
245 4291 345 4368 typico
359 4297 390 4349 et
413 4291 509 4367 rigore
523 4289 699 4350 oeconomico
714 4288 830 4348 Veteris
844 4285 1022 4346 Testamenti
1035 4285 1197 4360 liberatum,
1212 4302 1247 4342 eo
1267 4283 1330 4358 ipso

138 4381 153 4419 ί
234 4378 298 4429 tum
312 4389 387 4429 esse.

154 4363 278 4508 megliX.
301 4449 359 4524 Qui
375 4447 523 4508 Sabbatho
537 4447 606 4507 facit
619 4467 706 4526 opera
723 4445 892 4506 necessarie
906 4443 1054 4504 charitatis
1068 4437 1329 4532 semiserioordiae,

137 4537 187 4580 son
199 4529 330 4603 profanat
346 4527 547 4588 Sabbathum:
567 4528 626 4587 imo
639 4536 772 4606 peoeuet
785 4525 951 4603 turpissima
971 4527 1174 4610 superstitione
1188 4523 1217 4607 et
1237 4515 1329 4608 hype-

137 4602 203 4678 crisi,
217 4609 267 4684 qui
280 4609 345 4685 ejus
360 4615 505 4685 pretextu
518 4607 681 4684 proximum
695 4606 905 4685 periclitantem
919 4603 1083 4672 desereret;
1104 4615 1135 4654 rn
1149 4613 1232 4670 cujus
1246 4613 1329 4653 auxi-

138 4677 172 4738 lio
185 4683 244 4746 Deo
258 4688 369 4748 servire
393 4694 492 4764 posset
505 4706 539 4746 ac
553 4686 679 4761 deberet,
700 4687 789 4764 justa
808 4685 900 4762 ipsius
921 4676 1138 4756 ordinationem,
1159 4673 1330 4752 &blastum
