3108 5198
235 353 301 416 xxii
739 363 935 412 ramrsmo.

236 555 268 612 ct
285 546 450 610 medullam
460 546 525 608 fere
542 545 719 620 contineat3
747 546 991 609 fundamentalia
1008 543 1127 610 scilicet
1144 543 1216 608 fidei
1232 543 1353 625 Capita,
1371 565 1445 626 qum

236 645 426 727 praecipuum
444 643 510 724 spei
524 650 557 707 11
572 642 789 708 consolationis
806 649 919 708 nostrae
936 644 1067 708 fulcrum
1092 643 1293 718 constituunt,
1311 663 1447 723 quaque

237 742 347 823 majori
368 741 524 805 molimine
540 742 631 805 hodie
647 744 686 805 ab
704 741 903 806 Adversariis
928 746 1156 823 oppugnantur.
1183 740 1221 803 In
1248 760 1354 804 eorum
1369 761 1447 805 vero

236 840 457 920 enucleatione,
486 839 512 902 si
541 838 613 903 Tibi
637 860 854 920 usquequaque
878 860 939 903 non
975 839 1185 914 satisfecerim,
1213 839 1378 918 sequiorem
1409 848 1444 902 te

238 939 313 1002 mihi
330 941 471 1002 futurum
486 957 548 1000 non
568 937 687 1013 dubito,
706 958 800 1018 qunm
816 939 992 1002 memineris
1007 939 1046 1002 de
1062 937 1101 1000 iis
1117 938 1166 1018 agi
1183 935 1355 1018 Mysteriis,
1371 957 1444 1016 qnae

238 1058 299 1100 non
316 1036 482 1099 humanum
496 1043 619 1098 tantum
635 1043 759 1116 captum
774 1035 865 1117 longe
890 1044 1048 1116 superant,
1066 1035 1168 1099 sedet
1185 1034 1384 1116 Angelicum,
1402 1036 1446 1097 ad

239 1155 307 1216 quae
324 1135 405 1199 ratio
418 1141 523 1198 nostra
541 1135 664 1216 caligat,
694 1139 728 1198 11
754 1134 889 1197 balbutit
905 1134 1022 1216 lingua,
1037 1135 1072 1196 in
1096 1133 1207 1213 quibus
1222 1133 1315 1196 docta
1328 1141 1380 1196 est
1405 1141 1445 1195 ut

238 1233 404 1313 plurimum
420 1232 603 1313 ignorantia,
638 1237 671 1296 et
696 1231 877 1295 damnabilis
897 1233 1068 1308 curiositas,
1083 1231 1136 1294 ubi
1151 1232 1241 1312 longe
1255 1230 1445 1294 laudabilius

239 1339 288 1396 est
306 1337 411 1414 ἐπέχειν
427 1351 518 1411 quarn
543 1350 620 1394 ausu
647 1331 810 1394 temerario
835 1337 868 1393 et
882 1331 1031 1412 sacrilego
1058 1330 1092 1393 in
1119 1349 1325 1408 arcanaque
1352 1329 1442 1393 Deus

239 1429 299 1494 sibi
316 1428 371 1492 soli
389 1429 533 1509 serravit,
551 1429 732 1510 irrumpere.
783 1427 872 1505 Quod
887 1429 914 1492 si
928 1428 1111 1494 eruditionis
1126 1427 1240 1509 lnmen,
1256 1435 1289 1490 et
1313 1447 1445 1492 acumen

239 1527 354 1608 ingenii
371 1527 422 1590 hic
449 1527 614 1601 desideras,
641 1547 702 1589 non
724 1528 913 1608 refragabor,
940 1528 994 1591 sed
1014 1528 1072 1592 hoc
1096 1546 1190 1590 unum
1207 1525 1283 1588 mihi
1301 1526 1444 1602 sufficiet,

240 1625 431 1707 diligentiam
447 1633 480 1688 et
494 1625 659 1689 candorem
679 1645 780 1688 meum
797 1624 869 1688 Tibi
894 1625 1003 1690 saltem
1020 1627 1190 1706 probasse;
1222 1632 1258 1686 ut
1282 1625 1446 1688 bonafide

240 1726 350 1791 testari
367 1743 501 1805 possum,
519 1744 568 1787 mc
582 1723 705 1806 integra
729 1723 920 1788 conscientia
935 1725 968 1788 in
985 1745 1022 1788 eo
1047 1723 1148 1804 Opere
1164 1729 1322 1786 versatum
1347 1723 1445 1787 fuisse

239 1825 346 1904 procul
361 1825 401 1887 ab
426 1823 508 1888 omui
532 1843 732 1903 personarum
746 1821 818 1886 odio
842 1828 876 1886 et
890 1822 996 1898 livore,
1015 1843 1072 1887 nec
1086 1821 1134 1887 vel
1148 1821 1279 1885 alienam
1293 1828 1441 1897 mentem,
1539 1859 1540 1866 ,

240 1929 390 2003 quantum
405 1922 528 2003 quidem
543 1922 603 1986 hoc
619 1922 708 1988 licuit
724 1921 857 2004 assequi,
874 1921 1030 1986 effinxisse
1043 1921 1082 1984 iis
1097 1919 1278 2001 quibuscum
1289 1920 1445 2001 agendum

240 2021 316 2084 mihi
330 2022 400 2095 fuit,
414 2041 471 2086 nec
495 2020 549 2082 illa
569 2021 672 2085 studio
697 2020 915 2096 dissimulasse,
933 2039 1001 2099 quae
1024 2039 1082 2099 pro
1096 2018 1326 2082 illorum-causa
1340 2019 1446 2082 facere
1542 2042 1543 2084 1

239 2119 435 2182 videbantur.
488 2116 601 2182 Nullus
615 2118 690 2180 mihi
706 2137 780 2198 erga
797 2117 918 2182 diversa
943 2118 977 2180 in
1002 2116 1164 2198 Religione
1191 2117 1360 2182 sentientes
1380 2116 1445 2181 nisi
1543 2118 1544 2144 ³

241 2215 405 2279 charitatis
429 2215 578 2278 affectus:
616 2215 705 2280 Etsi
731 2215 898 2279 Erroribus
928 2215 1041 2280 bellum
1064 2215 1236 2292 indicimus,
1255 2213 1444 2279 Errantibus

240 2323 346 2376 tamen
370 2314 448 2377 bene
474 2313 553 2377 velle
578 2319 611 2376 et
639 2314 717 2378 bene
740 2313 859 2394 precari
887 2333 927 2378 ex
943 2313 1059 2380 Christi
1081 2313 1264 2395 prescripto
1278 2335 1340 2376 non
1357 2313 1445 2378 desi-
1546 2350 1547 2380 1

239 2413 350 2476 nimus.

290 2509 419 2574 Utinam
434 2509 541 2575 eadem
559 2530 633 2592 erga
646 2530 702 2574 nos
717 2499 864 2590 equitate
878 2517 1042 2576 crematur
1066 2519 1088 2574 ci
1114 2513 1145 2592 ἐξ
1177 2516 1304 2586 isauriae,
1331 2517 1369 2574 ub
1393 2531 1446 2576 re-
1548 2504 1549 2532 ¹

240 2607 342 2673 missis
359 2608 450 2690 odiis,
470 2614 504 2671 et
518 2609 660 2690 sepositis
685 2609 895 2690 prejudicatis
923 2610 1065 2673 omnibus
1092 2609 1296 2690 opinionibus,
1319 2629 1449 2674 1111111

241 2727 310 2771 cnm
335 2725 436 2784 causa,
453 2707 606 2772 rationem
630 2728 700 2772 cum
723 2706 844 2773 ratione
862 2709 1055 2784 conferrent3
1081 2728 1137 2772 neo
1153 2727 1236 2771 coeco
1251 2707 1318 2772 nelo
1332 2707 1449 2788 perciti

240 2806 397 2870 nominum
423 2805 569 2886 maiorem
595 2806 746 2870 rationem
773 2807 933 2882 haberent,
949 2827 1040 2887 quam
1068 2826 1183 2886 rerum,
1202 2813 1236 2869 et
1262 2805 1366 2886 potins
1395 2814 1447 2870 at-

241 2904 405 2970 tenderent
421 2905 496 2986 quid
512 2905 643 2982 dicatur,
662 2925 789 2986 quama
812 2905 943 2985 quibus;
969 2905 1078 2969 melius
1103 2905 1228 2968 omnino
1255 2925 1325 2968 cum
1350 2907 1447 2970 rebus

241 3003 384 3068 humanis
400 3012 555 3088 ageretur,
572 3013 605 3070 et
621 3005 746 3080 veritas,
764 3024 831 3084 quae
857 3003 1045 3085 prejudiciis
1059 3003 1129 3067 istis
1144 3002 1303 3082 premitur,
1316 3010 1349 3068 et
1361 3024 1446 3084 sape

242 3104 395 3184 obruitur,
413 3105 534 3168 facilius
560 3110 739 3186 emergeret,
761 3111 794 3167 et
816 3103 957 3167 omnibus
985 3102 1202 3166 innotesceret.
1255 3101 1317 3165 Sed
1341 3101 1444 3166 minus

243 3201 355 3264 mirum
366 3210 415 3264 est
424 3204 482 3264 hoc
494 3203 534 3264 ab
551 3203 590 3266 iis
604 3202 680 3277 fieri,
698 3201 751 3282 qui
766 3203 825 3265 hoc
839 3220 933 3263 unum
949 3207 1108 3294 aguntut
1122 3200 1281 3264 Doctrina
1301 3199 1443 3264 Examen

118 3331 122 3340 ·
244 3297 408 3374 declinent,
426 3309 461 3361 11
474 3298 632 3372 Ecclesiae,
647 3299 710 3360 imo
720 3298 878 3362 Pontificis
894 3299 1028 3374 1111111
1043 3305 1190 3380 tanquam
1206 3299 1337 3362 Oracnlo
1350 3298 1446 3361 infal-

243 3394 331 3471 libili,
345 3403 378 3459 et
388 3395 528 3460 Unitatis
541 3396 664 3471 Centro,
678 3415 761 3460 coeca
771 3396 950 3460 obedientia
963 3417 1019 3460 nos
1035 3397 1147 3462 iterum
1159 3397 1335 3477 subjiciant.
1351 3395 1445 3461 Unde

245 3492 339 3557 Viam
353 3495 514 3558 Examinis
529 3501 562 3558 et
575 3493 781 3558 Discussionis
794 3502 939 3576 tanquam
956 3495 1155 3560 difficiliorem
1172 3503 1205 3559 11
1221 3495 1445 3559 intricationem

244 3592 461 3672 repudiantes;
488 3591 581 3656 Viam
597 3592 811 3656 Autboritatis
836 3601 870 3658 et
894 3593 1151 3675 Praescriptionia,
1167 3613 1247 3657 nora
1263 3593 1444 3674 disputandi

245 3688 404 3772 Methodo,
419 3696 456 3753 ut
479 3689 646 3755 faciliorem
661 3698 694 3754 et
717 3691 879 3756 certiorem
896 3692 1061 3758 dictatorio
1075 3713 1160 3757 more
1172 3693 1356 3773 sequendam
1372 3713 1448 3756 san-

245 3789 341 3864 ciunt,
357 3809 397 3853 ex
414 3811 474 3870 qua
503 3809 558 3853 uos
587 3787 681 3853 etiam
710 3791 865 3856 inauditos
887 3791 1084 3855 condemnari
1109 3811 1209 3871 posse,
1239 3793 1354 3870 absque
1380 3791 1449 3855 ullo

246 3888 394 3952 doctrinm
422 3887 574 3952 Examina
605 3887 795 3968 iniquissime
824 3890 1036 3964 contendunt;
1084 3889 1259 3954 Alcibiadis
1284 3889 1447 3954 consilium

246 3987 355 4066 secuti,
381 3987 433 4066 qui
458 3986 571 4050 Pericli
597 3987 636 4051 de
662 3987 826 4052 reddendis
846 3989 1019 4052 rationibus
1045 3988 1125 4069 gesti
1152 3988 1288 4052 muneris
1303 3986 1449 4062 sollicito,

246 4084 335 4164 longe
356 4085 525 4149 consultius
551 4105 617 4150 esse
644 4086 736 4168 dixit,
762 4087 898 4169 cogitare
912 4087 1016 4167 potins
1033 4087 1072 4151 de
1087 4087 1178 4151 modo
1203 4107 1235 4152 se
1256 4085 1411 4150 eximendi
1425 4107 1448 4149 a

244 4181 416 4246 rationibus
432 4184 606 4262 reddendis,
622 4205 712 4264 quam
728 4185 879 4264 quomodo
904 4205 957 4249 111
973 4185 1127 4252 redderet.
1172 4184 1247 4262 Ques
1264 4205 1337 4248 sane
1352 4185 1445 4261 11111,

245 4287 281 4342 11
298 4282 543 4346 commodissima
575 4289 608 4347 at
631 4283 931 4364 compendiosissima
951 4291 1001 4348 est
1017 4283 1168 4360 elabendi,
1183 4291 1216 4348 et
1231 4283 1446 4364 probationem

245 4399 376 4461 omnem,
403 4387 435 4443 et
460 4381 609 4444 doctrina
624 4381 810 4464 indaginem,
828 4382 1001 4446 declinandi
1024 4383 1091 4446 via:
1118 4383 1172 4446 Ita
1196 4381 1381 4447 alienissima
1397 4389 1448 4446 est

245 4485 310 4541 tnm
327 4499 346 4541 a
361 4479 502 4544 veritatis
518 4480 630 4554 indole,
648 4501 716 4562 qua
733 4479 841 4556 lucem,
857 4499 918 4544 non
935 4479 1081 4556 latebras,
1098 4480 1221 4561 querit,
1237 4487 1303 4544 tum
1319 4499 1338 4542 a
1354 4479 1445 4542 bonae

245 4596 345 4644 111111
377 4579 575 4662 conscientia,
602 4587 635 4644 11
662 4600 723 4646 111
739 4581 904 4644 obscurum
930 4587 978 4642 est
1003 4578 1091 4642 malae
1106 4587 1139 4643 et
1154 4579 1324 4660 desperatae
1341 4597 1445 4641 causae
