3202 5194
263 395 322 452 106
705 407 798 450 cocos
812 405 992 449 unncomus.
1236 383 1366 470 [curaer.
1381 409 1469 456 xvm.
1584 427 1586 466 ,

263 553 401 612 honestas
414 548 538 627 nuptias,
555 547 608 608 sub
623 568 681 626 quo
695 549 853 609 includitur
865 549 958 628 primo
972 547 1151 607 Adulterium
1163 547 1278 626 proprie
1292 549 1333 608 ita
1346 549 1466 626 dictum,

262 632 343 711 qnod
363 639 408 690 est
428 630 515 690 aliem
533 630 609 688 thori
626 629 747 706 molatio,
771 629 833 688 sive
852 629 942 688 altera
955 647 1079 706 persona
1098 627 1136 687 sit
1150 627 1253 704 soluta,
1270 629 1330 688 sive
1344 639 1468 709 utraque

263 713 427 791 conjugata,
439 710 584 788 quomodo
602 709 766 786 duplicatur
783 709 965 782 adulterium,
981 727 1033 786 per
1045 707 1170 784 duplicis
1182 707 1260 767 thori
1271 709 1467 770 violationem.

316 837 333 886 s
362 835 438 882 natio
525 793 553 848 2.
575 789 716 848 Scormtio
739 789 876 868 qualibet
897 795 926 847 et
949 787 1101 846 fornicatio
1125 787 1250 865 simplex
1275 788 1377 848 solutas
1401 809 1468 849 cum

334 852 361 882 ⁰⁰
439 867 445 883 '
524 869 626 944 solnta,
642 889 715 947 quae,
731 879 763 928 nt
777 869 813 927 ab
829 867 962 928 Ethnicis
982 868 1147 946 cognitione
1162 868 1218 927 Dei
1239 868 1386 928 destitutis
1406 870 1468 947 ple-

260 969 374 1028 runque
393 967 489 1026 prore
508 948 612 1024 media,
633 956 684 1008 eut
701 949 863 1008 leviuscula
880 947 966 1026 culpa
983 947 1085 1008 habita
1104 948 1149 1023 sit,
1169 955 1203 1007 ut
1221 956 1251 1008 et
1264 969 1281 1007 a
1296 949 1339 1008 Po
1374 950 1381 963 '
1404 950 1467 1026 ciis,

262 1049 400 1109 expresse
413 1037 511 1088 tamen
524 1029 631 1106 passim
646 1038 783 1106 tanquam
798 1047 888 1106 grave
909 1036 1059 1106 peccatum
1072 1027 1226 1086 damnatur
1238 1037 1297 1086 tam
1312 1029 1342 1086 in
1386 1030 1467 1106 eteri,

263 1131 350 1190 quam
371 1110 456 1168 Novo
467 1108 666 1184 Testamento;
690 1109 846 1168 Deuteron.
863 1107 936 1166 xxii.
951 1110 999 1184 28,
1015 1115 1045 1167 et
1064 1107 1149 1167 xxiii
1166 1110 1283 1183 17,18;
1307 1112 1321 1166 1
1336 1108 1466 1169 Corinth.

261 1191 376 1266 vi.18;
400 1188 477 1248 Heb.
492 1188 554 1250 xiii.
569 1192 608 1264 43
629 1187 752 1266 Apocal.
772 1189 834 1246 xxi.
850 1190 878 1247 8.
920 1187 1082 1266 Apostolus
1100 1187 1273 1265 gravitatem
1293 1189 1356 1267 ejus
1374 1197 1465 1264 notat,

264 1275 280 1330 l
294 1270 402 1330 Corint.
412 1269 461 1345 vi,
476 1268 545 1346 quia
558 1269 609 1346 qui
623 1277 765 1328 scortatur
778 1268 847 1328 facit
860 1287 964 1346 corpus
975 1286 1060 1327 suum
1070 1287 1160 1326 unum
1174 1287 1240 1327 cum
1251 1276 1355 1345 scorto,
1365 1277 1467 1346 peccat

262 1351 293 1411 in
307 1369 411 1428 corpus
425 1369 518 1423 suum,
528 1348 660 1426 profanat
668 1348 820 1426 Templum
836 1347 969 1426 Spiritus,
984 1355 1014 1406 et
1024 1367 1095 1406 vasa
1109 1347 1210 1425 gratiae
1223 1348 1336 1485 polluit.
1379 1348 1466 1409 Unda

263 1432 411 1508 colligitur
423 1437 531 1507 quanto
546 1428 665 1488 crimine
680 1449 711 1488 se
725 1429 885 1503 involvant,
900 1427 951 1505 qui
965 1427 1152 1505 lupanaribus
1165 1428 1225 1504 pub
1238 1427 1290 1486 icis
1304 1437 1404 1487 contra
1414 1429 1466 1505 jus

262 1521 292 1572 et
306 1512 349 1572 fas
363 1509 586 1588 patrocinantur,
600 1517 635 1568 ut
647 1509 680 1568 fit
694 1510 724 1568 in
739 1509 860 1587 Papatu,
882 1507 933 1567 ubi
948 1507 1113 1567 Prostibula
1127 1516 1156 1567 et
1171 1507 1334 1585 Lupanaria
1349 1507 1466 1585 publice

261 1593 429 1664 tolerantur,
452 1589 510 1647 imo
524 1598 553 1649 et
566 1588 722 1666 vectigalia
742 1596 772 1648 ct
791 1589 900 1649 tributa
920 1609 957 1647 ex
978 1588 1014 1647 iis
1034 1594 1189 1665 petuntnr;
1210 1587 1279 1646 licet
1293 1587 1373 1646 Deus
1394 1588 1465 1646 olim

261 1671 424 1731 mercedem
438 1668 534 1744 scorti,
549 1678 579 1728 et
592 1669 716 1746 pretinm
730 1669 810 1728 canis
824 1669 1012 1746 inTemplum
1026 1668 1125 1727 inferri
1135 1667 1266 1742 vetuerit,
1279 1667 1366 1726 Deut.
1378 1667 1465 1728 xxiii.

263 1755 316 1829 18;
338 1751 375 1810 do
389 1769 447 1828 quo
460 1749 591 1826 queritur
603 1751 779 1826 Repentinus,
794 1749 845 1809 lib.
861 1751 889 1825 3,
905 1748 941 1807 de
955 1749 1043 1808 conti.
1058 1769 1083 1808 c.
1098 1751 1126 1824 4,
1149 1747 1213 1806 aliis
1233 1745 1368 1806 infamem
1387 1747 1465 1807 hanc

261 1851 379 1892 causam
392 1828 651 1908 propugnantibus,
661 1837 694 1889 ut
702 1831 860 1889 Emannelc
868 1829 918 1906 So,
933 1831 1036 1903 Toleto,
1047 1836 1076 1887 et
1085 1828 1172 1886 variis
1184 1827 1323 1886 Casuistis
1337 1847 1375 1886 ex
1387 1827 1465 1886 Pon·

260 1912 378 1972 titiciis:
401 1909 596 1969 Bellarminus
617 1908 725 1968 fatetur
744 1909 906 1987 prostibula
923 1928 987 1968 esse
1003 1909 1080 1966 mala
1098 1908 1260 1967 necessaris
1280 1906 1319 1966 ad
1334 1907 1468 1967 cavenda

261 1993 389 2070 majora;
406 1989 457 2050 sed
471 1989 518 2047 hic
533 1989 663 2048 obtinere
677 1989 764 2048 dehet
777 1990 879 2067 regula
892 1988 1038 2067 Apostoli,
1052 2008 1111 2048 non
1126 2007 1189 2047 essa
1202 1986 1335 2047 facienda
1347 1988 1424 2046 mala
1434 1997 1468 2048 ut

260 2072 397 2132 eveniant
415 2069 500 2128 bona.
543 2069 605 2127 Nec
624 2069 649 2127 si
668 2068 698 2126 in
712 2069 750 2129 V.
771 2070 805 2128 T.
824 2067 913 2128 fuisse
932 2069 1068 2128 dicuntur
1088 2067 1261 2142 meretrices,
1282 2077 1315 2127 nt
1336 2076 1466 2145 tempore

262 2151 494 2211 Patriarcharum
507 2155 538 2206 et
554 2148 725 2222 Salomonis,
745 2148 811 2208 ideo
825 2150 1021 2228 approbantur
1034 2149 1082 2208 vel
1096 2149 1134 2206 ad
1158 2147 1347 2207 imitationem
1360 2167 1465 2226 propo-

260 2241 377 2290 nuntur.
421 2227 595 2304 Exemplum
612 2228 774 2287 Salomonis
787 2229 920 2306 plurimis
940 2228 1109 2288 libidinibus
1123 2226 1214 2287 dediti
1228 2247 1287 2286 non
1301 2237 1346 2288 est
1359 2248 1466 2306 urgen-

260 2311 339 2386 dum,
355 2318 388 2369 ut
400 2309 557 2382 vitiosum3
581 2307 632 2367 sed
650 2307 807 2367 imitandus
821 2310 901 2369 zclns
915 2309 937 2369 J
939 2309 1007 2368 osioe
1021 2306 1202 2368 reformantis
1223 2308 1332 2368 cultum
1348 2307 1413 2383 Dei,
1436 2315 1466 2367 et

259 2389 419 2468 presertim
439 2387 589 2464 lupanaria
608 2387 792 2464 destruentis,
809 2393 827 2447 2
843 2389 917 2468 Reg.
932 2389 1015 2448 xxiii.
1032 2392 1059 2465 t,
1075 2397 1105 2448 et
1119 2387 1261 2447 Ludovici
1277 2387 1347 2466 lx,
1366 2387 1466 2448 Sancti

260 2469 339 2548 dicti,
355 2469 406 2548 qui
421 2469 525 2545 Regno
539 2485 592 2526 suo
605 2467 760 2527 histriones
774 2469 894 2546 expulit,
911 2477 940 2528 et
953 2469 1103 2546 lupanaria
1116 2467 1269 2527 destruxit.

563 2547 623 2606 III.
653 2547 760 2622 Tertio,
772 2551 904 2624 Incestus,
915 2548 964 2627 qui
987 2547 1150 2607 admittitur
1168 2566 1234 2607 cum
1252 2547 1383 2625 personis
1397 2567 1465 2607 con-

520 2626 715 2703 sanguinitate
738 2629 786 2687 vel
809 2627 947 2688 affinitate
967 2629 1086 2706 junctis,
1113 2627 1137 2686 si
1160 2627 1268 2704 gradm
1291 2628 1322 2686 in
1341 2635 1467 2704 unoque

258 2705 482 2788 propinquitatis
496 2726 602 2784 genere
616 2707 761 2785 prohibiti,
777 2728 814 2767 cx
830 2708 886 2767 Dei
899 2709 974 2786 lego,
989 2727 1047 2766 non
1068 2707 1216 2765 hominum
1226 2707 1349 2801 'placitis
1358 2707 1466 2800 ’defini-

519 2786 1465 2945 tamtanattractatamatta

520 2953 580 3005 tum
596 2947 671 3004 enim
688 2947 790 3006 saltem
806 2948 885 3007 Patri
899 2948 945 3006 vis
967 2947 1008 3022 fit,
1028 2946 1182 3005 cuiinvito
1202 2965 1249 3006 res
1263 2965 1315 3005 sua
1335 2946 1464 3023 eripitur.

520 3029 548 3085 5.
565 3027 777 3102 comminans,
792 3046 881 3105 quum
897 3027 962 3104 quis
976 3026 1139 3085 consuescit
1160 3045 1226 3085 cum
1240 3025 1357 3084 foemina
1376 3045 1466 3103 qnam

258 3106 336 3166 domi
350 3107 446 3181 habet,
462 3125 524 3165 non*
534 3107 631 3166 mariti
644 3105 756 3184 affectu,
773 3107 825 3166 sed
846 3106 1062 3167 consuetudinis
1076 3115 1188 3164 tanturn
1210 3125 1305 3181 causa,
1320 3125 1385 3184 qun
1399 3125 1464 3183 pro·

257 3187 325 3245 inde
340 3186 446 3245 dimitti
460 3194 564 3262 potest,
580 3193 612 3245 ut
626 3195 655 3245 et
668 3186 721 3244 lilii
735 3187 858 3263 legitimi
871 3206 929 3245 non
945 3193 1098 3246 censentur
1110 3205 1164 3244 nec
1178 3184 1316 3260 heoredes,
1331 3186 1400 3262 quia
1420 3195 1467 3245 est

258 3266 370 3343 species
385 3265 575 3340 scortationis,
591 3267 649 3324 imo
663 3265 744 3325 addit
758 3266 869 3344 aliquid
882 3266 1009 3344 gravius,
1026 3265 1162 3326 scortatio
1176 3265 1253 3325 enim
1266 3264 1339 3324 dicit
1352 3273 1465 3323 tantum

258 3353 355 3404 actum
368 3352 573 3418 transeuntem,
589 3343 641 3402 sed
655 3345 863 3406 concubinatus
876 3346 958 3405 addit
971 3345 1196 3423 permanentiam
1211 3353 1368 3404 statatum.
1384 3343 1465 3403 Hinc

258 3423 364 3500 Apost,
381 3423 457 3481 Heb.
474 3422 535 3480 xiii.
551 3427 578 3496 4,
594 3422 789 3483 immediatam
803 3423 872 3485 facit
885 3425 1051 3485 antithesim
1073 3426 1148 3484 inter
1161 3423 1327 3502 conjugium
1342 3431 1372 3482 ct
1385 3441 1464 3482 scor-

256 3504 404 3577 tationem,
419 3502 488 3579 qnia
501 3502 594 3560 omnis
608 3503 778 3563 concubitus
792 3513 875 3564 extra
887 3505 1049 3582 legitimum
1063 3505 1275 3564 matrimonium
1296 3509 1341 3562 est
1355 3512 1465 3562 scorta·

257 3585 309 3642 tio.
351 3583 491 3657 Quamvis
504 3601 574 3639 vero
588 3581 744 3642 obtinuerit
759 3585 812 3643 snb
827 3585 895 3644 Vet.
910 3585 989 3644 Test.
1004 3585 1079 3644 inter
1093 3584 1285 3659 Patriarchas,
1299 3601 1358 3642 non
1379 3603 1465 3662 prop·

258 3671 338 3722 terea
350 3662 498 3721 honestari
511 3669 614 3738 potest,
630 3663 677 3721 vel
692 3663 729 3720 ad
743 3663 931 3724 imitationem
946 3665 1031 3740 trahi,
1046 3664 1115 3741 quia
1127 3663 1238 3741 regulis
1250 3683 1310 3722 non
1323 3664 1466 3740 exemplis

258 3743 376 3818 vivitur,
392 3761 446 3800 noc
460 3741 589 3800 defectus
604 3750 632 3802 et
656 3743 732 3801 naevi
754 3752 927 3820 sanctorum,
941 3744 993 3822 qni
1013 3742 1176 3803 referuntur
1196 3762 1214 3801 a
1232 3743 1322 3802 sacris
1338 3743 1465 3820 Scripto-

258 3823 346 3898 ribns,
362 3843 397 3881 eo
422 3821 485 3900 ipso
506 3822 682 3898 probantur,
712 3842 766 3883 nec
789 3825 814 3882 si
835 3825 865 3882 in
885 3825 959 3885 Juro
982 3823 1128 3882 Canonico
1142 3832 1307 3899 excusatur,
1329 3823 1466 3882 continuo

258 3904 280 3964 J
282 3923 331 3963 ure
346 3902 446 3962 divino
460 3902 594 3961 excusari
607 3911 712 3980 potest.

561 3981 617 4042 1v.
639 3985 667 4042 6.
682 3985 833 4042 Pecccnam
847 3993 946 4043 contra
960 3993 1103 4059 naturam,
1118 3991 1148 4043 et
1165 3982 1291 4042 nefanda
1304 3982 1356 4040 illa
1369 3980 1465 4040 crimi-

256 4037 498 4141 P⁰⁰⁰22¹2ffmssff¹¹lm
517 4082 563 4137 na,
579 4082 644 4139 quae
667 4062 804 4121 sodomia
818 4073 848 4122 ct
871 4064 1055 4124 bestialitatis
1078 4064 1195 4122 nomine
1216 4063 1311 4122 solent
1331 4062 1464 4138 exprimi,

518 4161 639 4220 quorum
654 4142 687 4201 fit
707 4144 815 4202 mentio
830 4143 901 4202 Lev.
917 4163 967 4201 xx.
986 4147 1031 4218 13,
1049 4144 1133 4202 Rom.
1148 4143 1167 4201 i.
1183 4146 1231 4213 27,
1253 4161 1319 4218 quaa
1338 4161 1376 4200 ne
1390 4142 1467 4201 inter

258 4221 438 4282 Christianos
452 4221 569 4298 quidem
582 4221 758 4281 nominanda
771 4231 877 4297 essent,
892 4223 961 4282 licet
974 4222 1040 4300 plus
1051 4223 1137 4282 nimis
1151 4221 1237 4281 hodio
1248 4221 1337 4280 variis
1351 4221 1382 4279 in
1392 4221 1466 4280 locis

256 4303 287 4362 in
302 4302 485 4381 opprobrium
501 4301 625 4360 nominis
640 4301 796 4361 Christiani
809 4303 966 4362 obtineant.

560 4381 598 4440 V.
629 4383 656 4441 t.
671 4383 806 4440 huxaria
828 4383 916 4441 omnis
937 4383 1163 4459 impedientem
1183 4401 1247 4459 quae
1262 4381 1292 4438 in
1307 4379 1394 4440 corde
1414 4399 1467 4458 per

518 4460 610 4520 malas
629 4461 819 4538 cogitationes
839 4472 869 4521 et
888 4463 1151 4540 concupiscentiam
1171 4462 1354 4520 inhonestam
1368 4460 1466 4519 locum

255 4541 353 4616 habet,
369 4540 534 4600 damnatam
548 4561 565 4598 a
579 4539 695 4599 Christo
719 4541 805 4600 Matt.
820 4561 848 4602 v.
864 4543 912 4615 28,
927 4561 1014 4618 quam
1038 4561 1103 4618 quoe
1126 4561 1179 4618 per
1192 4559 1338 4600 sermones
1352 4539 1465 4597 obscra-

255 4641 318 4696 nos,
334 4628 364 4678 et
377 4629 478 4698 gestus
491 4619 652 4699 impudicos
672 4639 735 4679 sese
749 4619 851 4680 exerit.
895 4621 956 4680 Sub
977 4640 1034 4698 qua
1055 4620 1197 4680 contineri
1218 4639 1277 4679 non
1298 4617 1466 4677 dubitamus

255 4699 352 4758 fucum
375 4699 467 4775 faciei,
482 4710 512 4758 et
533 4699 650 4758 mollem
672 4719 706 4758 ac
727 4701 868 4759 lascivum
891 4701 1019 4778 corporis
1040 4699 1160 4776 cultum,
1176 4719 1240 4760 cum
1264 4699 1301 4757 ab
1315 4697 1413 4756 animo
1435 4697 1467 4756 in

322 2595 440 2642 Incestus.

288 2993 475 3040 Ooncnblnatus.

321 4427 439 4473 Luxuria.
