3146 5210
248 317 306 373 414
660 327 751 367 noers
768 327 896 368 nrmruus
911 325 1056 374 oestrus.
1248 301 1377 384 [crazsr.
1393 325 1448 362 xrr.

245 494 322 532 mers
337 473 400 549 ejus
415 491 541 547 unquam
557 469 688 544 innotuit,
705 469 810 546 quique
826 469 891 526 ideo
903 466 1018 526 credere
1040 485 1098 524 non
1112 474 1280 543 potuerunt.
1316 469 1346 522 2.
1377 465 1450 538 Quod

247 563 377 612 mortuus
392 552 429 609 sit
443 571 494 628 prc
510 550 553 624 iis,
567 569 640 626 quos
654 560 774 607 noverat
789 549 921 606 Christus
936 547 1010 604 filios
1025 566 1087 604 esse
1102 545 1283 622 perditionis,
1299 547 1451 622 prseteritos

248 654 265 691 a
281 635 352 704 Dec,
368 651 421 689 nee
436 632 465 687 in
480 641 618 688 aeternum
633 629 756 687 fructum
771 629 863 687 ullum
878 627 979 685 mortis
993 647 1052 685 suae
1067 633 1262 701 percepturos
1279 634 1313 682 ut
1328 625 1370 682 its
1384 645 1451 683 sunr-

248 733 295 770 nra
309 712 462 769 dilectione
483 718 652 787 prosecutus
674 710 711 766 sit
731 729 790 782 eos,
806 727 879 784 quos
900 727 1012 765 summo
1033 705 1099 762 odio
1128 705 1189 782 ipse
1210 725 1277 762 cum
1302 705 1391 763 Patre
1411 725 1454 782 per

247 803 381 850 aeternam
398 790 620 867 praeteritionem
632 799 661 846 et
676 789 905 864 reprobationem
920 785 1156 864 prosequebatur.
1178 787 1206 842 3.
1230 784 1317 858 Quod
1330 796 1453 842 mortuus

248 874 285 930 sit
299 893 350 950 pro
366 872 408 944 iis,
421 870 471 946 qui
484 870 545 946 jam
557 870 765 945 torquebantur
779 867 808 924 in
823 867 943 940 inferne,
960 876 989 924 et
1000 867 1061 942 jam
1073 874 1140 923 actu
1154 863 1284 922 damnati
1299 875 1385 924 erant
1399 865 1454 922 sine

234 954 307 1028 ‚ulla
323 973 371 1028 spe
387 951 496 1022 eulatie,
512 959 598 1025 etque
621 948 661 1006 ita
683 968 782 1024 poenas
797 947 896 1005 tulerit
910 955 942 1005 ut
961 947 1096 1022 Sponsor,
1123 963 1221 1002 eorum
1233 945 1308 1018 loco,
1336 945 1388 1021 qui
1399 946 1454 1022 jam

247 1053 297 1091 cas
312 1032 428 1103 screbat,
445 1040 474 1087 et
489 1029 561 1086 ferre
586 1028 692 1086 debent
717 1028 746 1085 in
771 1037 918 1085 oetcrnum.
941 1031 969 1084 4.
992 1025 1123 1083 Christus
1151 1024 1289 1082 Servator
1308 1044 1410 1082 eorum
1432 1040 1456 1081 et
1522 1096 1523 1101 ἵ

250 1113 426 1186 Redemptor
446 1109 566 1180 dicetur,
579 1128 636 1164 non
652 1107 737 1164 modo
752 1107 802 1184 qui
815 1126 963 1182 nunquam
992 1113 1151 1176 servantur,
1163 1103 1214 1162 sed
1228 1105 1279 1180 qui
1305 1105 1457 1182 nequidem

248 1191 356 1250 servari
371 1207 496 1264 unquam
525 1197 654 1264 possunt,
684 1187 742 1245 Vel
766 1189 903 1244 Servator
927 1185 1110 1262 imperfectus
1133 1195 1162 1242 et
1185 1183 1328 1260 partialis,
1345 1185 1397 1260 qui
1411 1187 1456 1242 sa-

248 1269 411 1330 tisfactione
426 1268 542 1343 quidem
564 1288 616 1324 sua
630 1268 734 1326 author
748 1267 786 1325 sit
799 1265 1017 1343 impetrationis,
1034 1264 1085 1322 scd
1099 1283 1157 1322 non
1168 1263 1384 1340 applicationis,
1397 1283 1458 1322 curn
1526 1339 1527 1342 Ἴ

248 1361 344 1408 tamen
361 1349 497 1406 Servator
511 1367 578 1404 vere
593 1345 651 1406 dici
664 1367 722 1404 non
736 1347 836 1424 possit,
851 1347 906 1404 nisi
927 1365 1025 1404 eorum
1050 1364 1123 1421 quos
1137 1342 1206 1402 facit
1226 1344 1330 1402 salutis
1346 1345 1458 1420 partici-

248 1449 307 1508 pes,
323 1439 353 1488 et
367 1428 416 1504 qui
431 1437 497 1485 actu
512 1436 671 1485 servantur.

550 1506 710 1564 XXXVI.
733 1506 872 1583 Nuspiam
895 1505 1027 1563 Christus
1048 1503 1154 1561 dicitur
1168 1501 1207 1559 ·in
1234 1502 1388 1579 Scriptura
1410 1523 1460 1580 pro

508 1587 642 1645 omnibus
656 1595 794 1660 mortuus,
811 1585 881 1662 quin
903 1585 1011 1642 ibidem
1035 1583 1159 1641 addatur
1180 1580 1325 1657 limitetis,
1341 1603 1382 1640 ex
1405 1603 1461 1658 qua

509 1667 655 1742 colligitur
669 1665 723 1724 hoe
738 1687 794 1723 non
810 1664 1011 1724 universaliter
1025 1664 1060 1722 de
1076 1662 1209 1720 omnibus
1223 1671 1252 1720 et
1262 1663 1389 1738 singulis
1399 1683 1460 1720 esse

247 1745 477 1822 intelligendum,
495 1746 545 1804 scd
560 1747 688 1804 restricte
703 1765 754 1822 pro
769 1746 899 1822 subjecta
913 1744 1040 1802 materia.
1064 1741 1231 1819 Aliquando
1245 1741 1280 1799 de
1295 1742 1460 1802 Electomm

248 1827 442 1900 multitudine,
459 1846 523 1901 quae
539 1825 756 1884 universitatem
771 1845 851 1884 suam
866 1825 962 1882 habet.
987 1824 1018 1880 Si
1027 1843 1085 1899 pro
1100 1822 1224 1879 omnibus
1248 1823 1460 1880 1111111111ῐοὶ-
1539 1853 1540 1856 ¹

247 1911 302 1980 tur,
326 1911 343 1964 2
367 1909 431 1965 Cor.
448 1926 476 1963 v.
494 1907 596 1979 15,1111
621 1906 735 1962 demum
755 1905 956 1980 intelliguntur
975 1902 1024 1979 qui
1046 1911 1110 1960 sunt
1133 1921 1241 1978 quoque
1266 1903 1380 1977 mortui,
1404 1923 1461 1960 non

246 1997 338 2045 morte
353 1987 524 2061 inpeccatis,
540 1985 591 2042 sed
606 1985 747 2062 spirituali
757 1995 883 2060 peccato,
899 1983 967 2060 quia
980 2003 1062 2040 niens
1074 1982 1209 2059 Apostoli
1218 2001 1276 2038 non
1286 1990 1331 2040 est
1339 1983 1462 2059 probare

247 2067 427 2143 siugulorutu
449 2066 669 2141 corruptionem,
683 2065 734 2122 sed
748 2064 944 2122 demonstrare
958 2083 1015 2140 quo
1027 2062 1144 2120 vinculo
1164 2060 1265 2118 fideles
1276 2061 1459 2138 obstringan-

246 2156 293 2204 tur
307 2146 344 2204 ad
360 2165 442 2203 suum
458 2145 590 2218 officium,
607 2145 669 2202 sive
684 2144 780 2220 quoad
797 2143 1034 2222 justificationem
1058 2162 1108 2218 per
1132 2141 1351 2218 imputationem
1368 2143 1462 2200 meriti

246 2226 347 2283 mortis
363 2225 478 2298 Christi,
495 2225 563 2282 acsi
580 2225 633 2300 ipsi
648 2225 678 2281 in
693 2225 807 2301 propria
821 2243 943 2300 persona
957 2242 1020 2279 earn
1029 2223 1159 2295 luissent,
1171 2222 1232 2278 sive
1247 2221 1345 2297 quoad
1355 2223 1461 2280 sancti-

278 1569 370 1638 Fontes
387 1567 458 1611 Solu-

325 1633 429 1671 tronum.

246 2303 407 2360 ficationem
424 2323 473 2378 per
488 2303 604 2360 Veteris
619 2304 743 2361 hominis
754 2305 861 2363 virtute
876 2303 970 2361 crucis
982 2302 1089 2360 Christi
1100 2301 1326 2376 crucifixionem,
1338 2302 1390 2377 qui
1405 2321 1462 2360 non
1546 2353 1547 2358 ,

246 2382 310 2453 sibi,
327 2381 378 2437 sed
394 2382 504 2440 Chr-isto
518 2383 619 2453 trivam,
635 2383 794 2456 etquidem
809 2403 860 2459 pro
875 2382 954 2459 ipsis,
969 2401 1027 2440 non
1041 2391 1153 2440 tanturn
1167 2389 1285 2456 mor-hro,
1307 2381 1360 2440 sed
1375 2382 1461 2440 etiam
1547 2453 1548 2458 ἵ

246 2460 386 2532 suscitata,
402 2479 475 2535 quos
489 2461 613 2518 claritas
630 2461 736 2520 Christi
749 2465 919 2537 constringit,
945 2482 1010 2538 quae
1035 2461 1104 2520 tulis
1129 2468 1203 2534 suut,
1230 2470 1262 2518 ut
1284 2461 1374 2519 nullis
1398 2461 1462 2518 aliis

247 2559 333 2616 quam
347 2539 455 2598 Electis
470 2547 499 2598 et
513 2539 647 2598 fidelibus
669 2549 830 2616 competere
842 2543 961 2617 possint,
987 2561 1108 2618 quorum
1132 2540 1258 2598 solorum
1281 2551 1325 2600 est
1344 2542 1417 2598 mori
1433 2542 1463 2598 iu

248 2620 362 2679 Christo
377 2628 481 2677 etcum
496 2640 539 2692 eo,
558 2620 640 2678 Rom.
657 2620 695 2678 vi.
709 2623 736 2694 6,
753 2623 780 2678 8.
794 2621 842 2678 Sic
857 2641 916 2679 ver.
935 2625 979 2694 lt,
1014 2621 1046 2679 si
1071 2624 1149 2679 Deus
1171 2621 1274 2678 dicitur
1297 2623 1326 2678 iu
1350 2621 1464 2680 Chr-rato

247 2703 388 2760 utiendum
403 2701 585 2758 reconcilians
607 2700 666 2773 aidi,
695 2722 749 2758 111111
774 2702 915 2776 imputans
940 2702 1006 2777 prsis
1030 2721 1127 2759 eorum
1143 2709 1279 2776 pcccatu;
1302 2721 1362 2758 non
1387 2702 1464 2759 alius

248 2781 377 2840 Mundus
392 2791 487 2857 potest
502 2781 634 2855 intelligi,
650 2801 736 2856 quam
751 2801 850 2840 corum
865 2781 914 2857 qui
928 2783 990 2838 Deo
1015 2800 1115 2856 reapse
1138 2790 1207 2856 sunt
1228 2781 1418 2856 reconciliati,
1435 2791 1466 2840 et

248 2863 353 2939 quibus
368 2870 434 2919 actu
449 2881 506 2918 non
522 2861 643 2937 imputat
658 2871 795 2937 peecata:
818 2861 895 2937 quod
910 2861 945 2918 de
961 2861 1030 2918 solis
1055 2861 1189 2918 fidelibus
1212 2861 1270 2918 dici
1294 2880 1390 2937 posse,
1417 2881 1465 2919 res

248 2943 311 3019 ipsa
326 2942 439 3000 clamat.
462 2941 557 3016 L'nde,
576 2941 651 2998 l'sal.
667 2941 761 2999 xxxii.
778 2947 805 3012 2,
821 2941 898 2999 beati
920 2941 1154 3016 pronunciantur,
1178 2939 1284 3017 quibus
1308 2941 1391 2998 Deus
1404 2961 1465 2998 non

249 3023 371 3098 imputat
380 3031 539 3097 peccatum.
563 3021 675 3078 Eodum
688 3042 774 3079 sensu
785 3022 919 3079 dicuntur
929 3039 1023 3078 omnes
1037 3021 1303 3096 coastihrijustiper
1313 3021 1465 3096 uniusjus-

249 3104 337 3160 titiam
352 3111 379 3158 ct
392 3103 582 3173 obedientiam,
593 3101 736 3178 quomodo
746 3121 846 3158 omnes
856 3100 1069 3158 constituuntur
1080 3101 1120 3157 rei
1135 3121 1186 3176 per
1199 3100 1284 3158 unius
1301 3109 1464 3176 transgres-

250 3183 367 3252 sionem,
386 3181 469 3238 111111.
486 3203 513 3239 v.
546 3181 654 3254 18,19,
685 3182 818 3239 nimirum
835 3180 876 3237 illi
892 3199 991 3237 omncs
1018 3181 1069 3256 qui
1094 3181 1240 3257 accipiunt
1261 3183 1301 3241 air
1323 3183 1464 3259 wamhs

249 3268 291 3324 τῆς
318 3259 423 3338 galeam
445 3265 490 3318 sal
514 3267 555 3324 τῖς
580 3257 739 3334 >racimirus
759 3281 816 3319 ver.
848 3264 893 3333 17,
923 3268 951 3318 11
989 3261 1038 3335 qui
1064 3259 1158 3335 reipsa
1179 3260 1377 3338 justificantur
1402 3281 1464 3319 rer.

253 3340 433 3413 laquiricii
448 3340 496 3396 alii
512 3348 579 3396 sunt
593 3359 678 3414 quarn
695 3341 787 3399 Elccti
803 3349 831 3397 ct
845 3340 953 3412 fideles,
970 3340 1019 3415 qui
1034 3341 1178 3415 pertinent
1192 3339 1228 3396 ad
1242 3340 1464 3398 universitatem

253 3417 387 3492 Corporis
402 3417 529 3475 Christi:
553 3418 595 3476 Ut
609 3417 650 3475 sic
665 3428 825 3494 opponatur
839 3419 935 3477 Adam
957 3419 1080 3492 Christo,
1106 3419 1199 3495 Caput
1224 3419 1327 3496 Capiti,
1352 3421 1466 3478 scilicet

252 3496 324 3555 utin
339 3515 438 3553 omnes
467 3495 516 3571 qui
544 3516 582 3554 cx
597 3497 711 3554 Adamo
735 3498 849 3556 oriundi
871 3507 939 3558 sunt
958 3499 1061 3558 transit
1080 3509 1229 3575 peccatum
1252 3509 1281 3558 et
1302 3520 1400 3574 mors,
1425 3501 1467 3558 ita

252 3575 413 3650 omnesqui
427 3575 464 3632 ad
476 3575 633 3634 secundum
649 3577 795 3636 Adamum
810 3579 953 3655 pertinent
967 3580 1070 3637 transit
1077 3579 1190 3655 justitia
1199 3591 1228 3636 11
1243 3580 1311 3654 vita,
1322 3579 1402 3656 quod
1412 3580 1464 3638 ali-

252 3655 323 3728 bi,l
348 3655 412 3712 Cor.
439 3675 488 3712 xv.
511 3660 558 3730 22,
581 3657 752 3733 exprimitur
773 3679 790 3716 a
816 3659 907 3716 Paulo
926 3679 977 3735 per
1001 3659 1074 3717 mori
1098 3669 1127 3716 11
1151 3659 1300 3733 vivifican,
1317 3679 1412 3718 omnes
1437 3661 1465 3717 in

252 3736 365 3793 Adamo
379 3736 545 3810 moriantur,
561 3736 599 3794 id.
615 3745 757 3814 quotquot
775 3738 944 3810 moriuntur,
961 3739 1120 3797 moriuntur
1134 3739 1163 3795 in
1174 3738 1297 3814 Adamc,
1310 3749 1339 3797 et
1348 3748 1466 3816 propter

253 3816 316 3893 ejus
331 3825 488 3892 peccatum,
504 3825 533 3874 ct
547 3837 639 3875 carnes
657 3818 685 3874 in
702 3818 813 3877 Christo
827 3817 1044 3896 vir-ficabuntur,
1060 3818 1099 3875 id.
1124 3827 1267 3894 quotquot
1295 3819 1464 3878 vivificandi

254 3895 424 3956 suntvelin
439 3896 540 3972 gratia,
564 3898 611 3955 vel
626 3899 656 3956 in
680 3899 781 3974 gloria,
808 3918 865 3955 nou
888 3898 972 3956 aliter
994 3919 1079 3975 quarn
1103 3899 1132 3954 iu
1156 3898 1271 3956 Christo
1293 3907 1323 3957 ct
1347 3909 1466 3976 propter

254 3976 399 4035 Christum
415 3986 482 4035 suut
498 3977 672 4036 vivificandi.
696 3979 745 4035 Illi
759 3997 858 4036 omnes
873 3997 924 4054 pro
939 3979 1044 4054 quibus
1056 3977 1187 4036 Christus
1196 3987 1317 4037 mortem
1330 3988 1465 4054 gristasse

252 4056 366 4130 dicitur,
384 4056 459 4113 lleb.
476 4056 504 4112 ii.
521 4059 548 4129 9,
564 4067 632 4115 sunt
646 4059 716 4115 Filii
738 4057 767 4115 in
790 4057 911 4134 gloriam
933 4057 1049 4117 adducti
1072 4057 1120 4115 vel
1144 4057 1315 4131 adducendi,
1341 4078 1466 4134 quorum

251 4136 388 4210 Princeps
401 4137 499 4193 salutis
510 4137 641 4195 Christus
652 4145 704 4211 est,
720 4137 770 4213 qui
784 4138 1001 4214 sarrcteficantur,
1031 4140 1223 4214 quosfratres
1246 4157 1310 4194 auos
1335 4147 1424 4197 vocat
1438 4149 1467 4196 et

251 4235 321 4291 quoa
335 4216 378 4272 illi
389 4217 469 4272 Deua
483 4216 566 4288 dedit,
582 4235 642 4274 ver.
659 4219 705 4291 10,
723 4220 768 4274 ll.

294 4295 472 4352 XXXVII.
495 4294 663 4370 Aliquando
675 4305 912 4372 syncategorema
923 4297 1010 4355 omna
1016 4295 1163 4354 indefinite
1175 4304 1204 4353 et
1212 4295 1466 4355 indiscriminatim

254 4375 377 4432 sumitur
390 4374 461 4432 citra
472 4370 604 4436 ismaeli
631 4393 682 4433 scu
709 4375 922 4434 distinctionem
938 4375 1085 4450 Gentium,
1108 4375 1313 4449 conditionum,
1329 4395 1466 4451 sexuum,

254 4453 426 4530 qualitatum
440 4461 469 4511 et
480 4453 601 4511 aliarum
616 4453 851 4526 differentiarum,
864 4453 969 4530 quihus
984 4455 1115 4514 homines
1129 4456 1204 4513 inter
1219 4475 1249 4514 se
1261 4455 1467 4512 discriminan-

254 4540 309 4606 tur,
325 4532 448 4590 sednon
463 4533 662 4590 citracmnem
678 4534 886 4609 exceptionem.
925 4533 972 4591 Sic
989 4534 1097 4592 Paulus
1122 4535 1249 4612 exponit,
1267 4533 1351 4592 Rom.
1367 4554 1398 4592 x.
1418 4539 1467 4593 11.

255 4613 272 4644 “
286 4612 418 4686 Quisquis
429 4613 518 4668 credit
529 4612 557 4668 in
569 4613 659 4686 braum
674 4633 729 4670 non
735 4613 866 4689 pudefiat,
878 4614 1014 4672 nonenim
1030 4623 1069 4672 est
1083 4611 1201 4676 11111111
1213 4613 1351 4672 distinctio
1365 4615 1471 4673 Judoei
