3146 5210
159 389 339 471 6666616]
610 409 649 448 66
664 408 832 450 voosrroun
847 408 884 449 nr
899 409 976 452 rnna.
1320 397 1378 453 171

162 554 238 612 66161
253 570 339 610 unum
354 549 412 610 siut
436 569 547 626 amaea,
563 570 624 610 ver.
641 553 668 625 8,
684 549 723 609 id.
739 570 857 610 munere
872 560 901 611 et
920 571 1005 628 opere
1020 553 1183 630 conjunctis
1197 553 1308 612 viribus
1322 555 1373 612 uni

163 633 289 692 Domino
305 631 472 706 servientes,
489 639 518 689 et
543 631 637 689 eidem
661 633 779 708 negotio
804 632 1010 705 incumbentes,
1041 653 1099 692 non
1127 653 1240 710 aequum
1266 641 1326 692 erat
1340 642 1373 692 ut

161 722 258 791 partes
273 712 408 785 facerent,
424 710 472 770 vel
487 719 519 769 ut
532 719 650 788 propter
664 729 714 768 eos
728 711 758 768 in
773 711 912 771 factiones
932 713 1138 772 dividerentur.
1182 713 1259 772 Hinc
1275 713 1370 772 Calvi-

162 813 218 852 nus
232 792 372 850 adversus
388 791 524 868 Pighium
538 790 557 848 l.
574 811 598 848 c.
613 811 642 867 p.
658 793 726 867 212,
742 789 815 849 bene
831 792 951 869 colligit,
966 795 984 825 ‘⁴
995 792 1126 851 bilariam
1141 793 1171 851 in
1187 793 1296 852 Electis
1311 793 1371 852 suis

163 873 258 931 Deum
273 871 393 948 operari,
410 879 493 930 extra
506 890 557 947 per
579 871 720 946 Verbum,
747 870 827 930 intus
854 892 906 948 per
928 872 1096 949 Spiritum.’'
1140 873 1178 931 Et
1192 873 1279 950 paulo
1293 881 1367 950 post,

164 955 182 986 “
195 950 434 1025 Praedicatione,”
448 951 552 1027 inquit,
569 950 700 1027 “jacitur
711 970 825 1026 semen;
842 961 874 1010 ut
888 960 986 1011 autem
1000 953 1113 1012 radices
1127 961 1204 1030 agat,
1220 961 1252 1011 ut
1266 954 1371 1030 germi-

162 1041 220 1105 net,
232 1041 265 1092 ut
279 1030 439 1106 fructificet,
457 1031 512 1090 Dei
529 1031 653 1108 Spiritus
667 1030 746 1089 intus
770 1030 868 1090 facit.’'
912 1032 976 1107 Quo
1001 1040 1133 1110 spectant
1147 1041 1176 1092 et
1200 1033 1370 1092 161666616-

164 1113 252 1186 ronis,
269 1111 352 1187 Disp.
368 1110 403 1168 de
419 1111 501 1170 Grat.
516 1119 546 1169 et
561 1111 624 1168 Lib.
642 1109 726 1169 Arbi.
748 1111 802 1168 Tb.
818 1113 865 1184 20,
881 1131 946 1188 quse
971 1121 1069 1188 aperte
1084 1113 1206 1190 gratiam
1222 1113 1370 1171 immedia-

166 1201 225 1250 tam
241 1199 415 1268 supponunt.
432 1190 545 1264 “Quod
556 1198 653 1248 autem
669 1189 825 1266 Evangelii
840 1191 968 1250 Ministri
980 1191 1038 1250 Dei
1052 1193 1210 1270 cooperarii
1224 1193 1368 1268 dicuntur,

163 1272 300 1330 aliorsum
315 1271 438 1347 pertinet
454 1293 461 1329 ι
486 1271 533 1328 Sic
548 1271 624 1328 enim
638 1270 799 1328 instituitur
821 1272 996 1346 comparatio
1020 1272 1095 1332 inter
1118 1281 1267 1332 externam
1281 1273 1373 1332 Verbi

163 1351 405 1429 predicationem,
435 1351 554 1427 ejusque
582 1350 612 1406 in
640 1349 788 1408 hominum
803 1350 906 1408 animis
927 1351 987 1408 vim
1002 1361 1031 1410 et
1058 1352 1221 1428 efficaciam,
1251 1373 1373 1430 quarum

163 1432 241 1509 prior
254 1451 272 1488 a
288 1431 350 1489 Deo
365 1430 481 1506 quidem
496 1438 549 1503 est,
565 1429 618 1488 sed
632 1449 726 1506 operae
741 1430 873 1488 humana
884 1430 1058 1506 interventu,
1074 1432 1165 1490 altera
1178 1433 1373 1492 immediatae

165 1510 226 1570 solo
243 1511 296 1568 Dei
314 1510 424 1586 Spiritu
437 1509 635 1586 proficiscitur.
678 1509 714 1567 In
728 1529 786 1585 qno
800 1518 919 1586 apparet
932 1511 1029 1588 imago
1048 1511 1181 1588 quaedam
1195 1515 1372 1590 cooperatio·

165 1591 218 1666 nis,
234 1591 350 1648 homine
361 1590 541 1648 extrinsecus
551 1591 697 1666 loquente,
715 1589 824 1666 Spiritu
838 1590 916 1649 intus
930 1591 1151 1668 persuadente.'’

469 1669 663 1727 XXXVIII.
686 1669 803 1744 Quinto,
826 1670 893 1728 Non
920 1671 1015 1730 minus
1043 1671 1134 1730 solide
1162 1672 1217 1729 hoc
1233 1672 1371 1730 evincunt

166 1749 201 1820 ⁵·.
210 1749 249 1794 Εἰ
269 1749 330 1794 10618
351 1761 406 1818 ‘1¹3ae
427 1749 499 1824 loca,
516 1769 580 1826 quse
594 1749 737 1808 actionem
751 1749 877 1825 aliquam
891 1751 1033 1809 internam
1055 1751 1118 1809 Deo
1133 1751 1263 1809 tribuunt
1276 1751 1306 1808 in
1320 1751 1371 1808 ho-

196 1812 407 1910 ζῗὲῐῦζῗῃζξξὲζ
428 1829 514 1887 minis
539 1829 747 1887 conversione:
772 1849 862 1905 quum
877 1830 958 1889 Deus
985 1830 1090 1889 dicitur
1117 1831 1235 1905 operari
1257 1831 1372 1889 innobie

428 1911 497 1967 velle
508 1911 685 1988 etperfiecre,
702 1909 778 1966 Phil.
793 1909 822 1967 ii.
838 1913 889 1985 13;
908 1912 1062 1989 Oprufidei
1069 1920 1199 1986 potenter
1214 1912 1330 1986 implere
1343 1911 1372 1968 in

166 1991 251 2065 notis,
267 1995 285 2049 2
301 1990 402 2049 Thess.
418 1989 437 2046 i.
456 1992 489 2046 11
502 2011 509 2064 ;
525 1991 635 2047 Facere
649 1989 677 2046 in
689 1989 765 2047 nobis
779 1991 857 2065 quod
876 1991 931 2065 1ρεί
940 2000 1055 2066 pratum
1070 2000 1109 2049 est
1123 2011 1219 2050 coram
1241 2011 1278 2064 se,
1295 1990 1372 2048 Heb.

167 2071 229 2129 xiii.
245 2073 292 2144 21,
309 2078 338 2129 61
352 2070 410 2128 alia
423 2069 454 2126 id
468 2088 580 2144 genus:
602 2068 653 2126 Ad
667 2067 746 2145 quod
759 2069 859 2126 referri
882 2069 988 2128 debent
1003 2077 1032 2129 et
1056 2089 1099 2144 ea,
1122 2071 1153 2128 iu
1171 2071 1277 2147 quibus
1293 2071 1373 2129 Deus

166 2151 314 2227 promittit,
333 2153 349 2182 “
362 2169 392 2209 se
406 2149 567 2227 positurum
577 2149 672 2224 Leges
684 2168 750 2206 suas
765 2148 794 2206 in
802 2149 886 2206 nobis
897 2158 927 2208 et
935 2151 1107 2227 scripturum
1121 2151 1150 2207 in
1160 2150 1294 2208 cordibus
1309 2170 1376 2208 nos·

168 2232 249 2304 tris,''
266 2231 327 2290 Jer.
343 2229 426 2288 xxxi.
443 2231 502 2303 33,
524 2237 553 2286 et
578 2228 655 2305 apud
681 2228 786 2286 Erech.
815 2229 919 2288 xxxvi.
935 2233 982 2304 26,
1009 2233 1057 2304 27,
1073 2229 1151 2306 quod
1166 2229 1204 2288 sit
1224 2229 1374 2288 “daturus

168 2311 252 2368 nobis
264 2329 312 2368 cor
326 2329 442 2383 novum,
459 2318 488 2366 et
503 2308 634 2384 spiritum
650 2327 756 2366 novum
772 2308 917 2384 positurus
931 2308 962 2367 in
977 2310 1071 2368 medio
1082 2309 1181 2384 nostri,
1198 2318 1227 2368 et
1248 2308 1376 2369 facturus
1409 2327 1419 2348 ⁰

168 2399 202 2448 ut
216 2389 394 2448 ambulemus
409 2389 438 2446 in
466 2389 531 2466 ejus
559 2388 705 2446 statutis.”
748 2388 818 2462 Quae
833 2389 882 2446 vel
908 2389 1021 2448 nullum
1049 2409 1166 2449 sensum
1187 2389 1303 2464 habent,
1329 2389 1376 2448 vel

171 2469 314 2527 actionem
338 2469 464 2545 aliquam
488 2467 619 2526 intimam
634 2475 663 2526 et
686 2467 912 2526 efficacissimam
934 2469 965 2527 in
989 2470 1077 2528 corda
1090 2479 1189 2528 nostra
1213 2470 1377 2546 important

171 2549 233 2607 Nee
248 2547 305 2606 dici
319 2556 413 2625 potest
427 2549 622 2625 operationem
645 2547 798 2606 mediatam
815 2548 947 2624 Spiritus,
974 2569 1038 2626 quae
1061 2549 1093 2608 fit
1107 2569 1158 2627 per
1173 2549 1311 2618 Verbum,
1333 2549 1376 2606 in·

170 2637 281 2688 ternam
297 2629 383 2686 etiam
397 2637 475 2687 reete
490 2627 557 2702 dici,
572 2629 640 2704 quia
654 2647 712 2686 non
726 2628 823 2705 pulsat
842 2636 954 2687 tantum
969 2649 1053 2688 aures
1067 2630 1203 2706 corporis,
1219 2628 1270 2687 sed
1285 2628 1376 2686 defer·

171 2716 219 2768 tur
232 2708 319 2768 etiam
340 2709 377 2766 ad
398 2709 491 2786 ipsam
517 2716 642 2766 mentem
670 2727 757 2784 quam
785 2707 890 2783 affieit;
913 2708 987 2767 Nam
1015 2710 1114 2768 eadem
1144 2709 1254 2766 ratione
1282 2727 1376 2766 sermo

173 2789 368 2866 quorumlibet
381 2788 531 2846 hominum
545 2787 618 2846 alios
632 2787 849 2864 alloquentium,
862 2808 895 2845 ac
906 2788 1079 2862 docentium,
1092 2796 1121 2846 et
1135 2787 1377 2864 persuadentium,

170 2869 220 2946 qui
243 2867 281 2926 ad
305 2876 431 2926 mentem
453 2868 546 2945 ipsam
568 2887 620 2944 per
642 2887 745 2926 sensus
767 2867 902 2942 defertur,
928 2868 1058 2926 internus
1082 2867 1140 2925 dici
1167 2874 1272 2943 posset,
1299 2867 1378 2943 quod

171 2968 255 3007 nemo
270 2947 378 3007 dixerit
392 2955 506 3023 tamen;
530 2947 602 3006 Cum
617 2947 725 3005 clarum
740 2947 778 3005 sit
798 2965 849 3023 per
870 2947 941 3004 istas
955 2947 1115 3006 locutiones
1129 2946 1191 3004 fieri
1212 2946 1378 3004 antithesim

172 3027 251 3086 modi
265 3028 371 3106 agendi
386 3028 442 3085 Dei
458 3026 624 3086 admodum
640 3027 746 3103 agendi
760 3026 916 3101 hominum,
932 3027 982 3102 qui
1007 3027 1037 3084 in
1060 3035 1179 3085 externa
1200 3033 1311 3084 tantum
1327 3026 1378 3084 ob·

168 3109 312 3186 jactorum
326 3108 522 3184 propositione
546 3107 685 3181 consistit,
709 3105 760 3166 ubi
784 3108 863 3164 Deus
884 3126 933 3164 cor
957 3106 1051 3183 ipsum
1066 3107 1165 3165 intime
1193 3106 1333 3181 pervadit,
1350 3113 1379 3165 et

173 3188 340 3248 immediate
354 3187 451 3246 afficit.
494 3187 557 3245 Imo
572 3187 613 3244 sic
627 3187 734 3263 optIme
749 3186 936 3262 distinguitur
955 3186 1080 3244 efficacia
1096 3186 1220 3263 Spiritus
1234 3186 1379 3262 operantis

173 3270 203 3327 in
220 3267 342 3327 Foedere
358 3267 476 3341 Gratia,
492 3287 509 3324 a
523 3266 609 3324 modo
623 3266 729 3342 agendi
744 3266 800 3324 Dei
818 3266 849 3323 in
864 3265 985 3324 Foedere
1008 3266 1119 3343 Legali.
1161 3266 1235 3324 Nam
1258 3266 1289 3323 in
1313 3266 1377 3342 isto,

176 3349 301 3426 Spiritus
316 3347 435 3424 quidem
450 3366 501 3424 per
514 3346 602 3404 Viros
616 3353 776 3406 assensimus
803 3346 911 3424 Legem
926 3347 1127 3423 promulgabat
1148 3346 1335 3421 extrinsecus,
1352 3353 1381 3406 et

172 3437 299 3488 mentem
310 3429 403 3504 ipsam
417 3427 495 3486 intus
510 3426 596 3485 etiam
610 3433 757 3501 utcunque
772 3427 984 3502 commovebat;
1001 3426 1053 3484 sed
1067 3426 1135 3503 quia
1144 3426 1303 3504 imperabat
1317 3434 1380 3484 tan·

174 3517 245 3583 tum,
272 3528 330 3567 non
345 3526 415 3567 vero
430 3507 610 3584 operabatur,
626 3505 674 3562 vel
689 3505 766 3563 vires
780 3505 817 3563 ad
831 3506 975 3582 agendum
993 3506 1203 3584 suppeditabat,
1220 3507 1284 3566 idco
1299 3507 1381 3566 litere

174 3589 281 3648 dicitur
295 3609 312 3646 a
327 3586 429 3661 Paulo,
446 3592 463 3644 2
476 3587 540 3645 Cor.
553 3587 593 3644 iii.
605 3587 632 3659 6,
647 3585 754 3660 tempta
768 3586 797 3643 in
812 3587 910 3644 tubule'e
921 3588 1049 3662 lapideis,
1062 3607 1122 3646 ver.
1139 3589 1166 3646 3.
1189 3587 1299 3646 Verum
1314 3587 1382 3664 quia

174 3669 204 3726 in
219 3668 341 3726 Foedere
357 3668 474 3743 Gratiae,
493 3665 617 3742 Spiritus
631 3683 689 3724 non
704 3664 789 3722 modo
804 3665 925 3743 imperat
947 3665 1073 3726 officium
1093 3687 1145 3745 per
1158 3667 1250 3725 Verbi
1274 3687 1381 3745 praco-

174 3748 263 3823 nium,
280 3747 331 3806 sed
345 3748 445 3806 intime
459 3754 489 3806 et
503 3745 667 3805 immediate
692 3744 868 3803 docilitatem
892 3755 920 3804 et
944 3747 1115 3824 obsequium
1136 3757 1288 3824 operatur;
1311 3747 1382 3806 Ideo

176 3826 281 3884 dieitur
294 3827 451 3886 inscribere
479 3827 589 3903 Legem
617 3825 647 3882 in
675 3823 818 3899 cordibus,
835 3833 865 3884 61
892 3825 985 3886 facere
1010 3835 1043 3887 ut
1068 3829 1247 3887 ambulemus
1274 3827 1305 3883 in
1319 3827 1382 3902 ejus

178 3906 339 3980 praeceptis.

218 3981 382 4040 XXXIX.
404 3985 469 4045 Hoc
490 3987 584 4063 ipsum
605 4003 675 4042 vero
692 3983 868 4043 luculentius
892 3985 1076 4044 confirmatur
1100 4005 1136 4043 cx
1158 3987 1231 4042 dono
1251 3983 1382 4060 spiritus,

178 4061 229 4138 qui
243 4061 327 4119 nobis
341 4062 485 4122 confertur
497 4084 549 4142 per
560 4064 714 4138 Christum,
726 4063 775 4139 qui
787 4073 819 4123 ut
829 4065 1018 4140 distinguitur
1031 4063 1166 4136 aVerbo,
1188 4063 1229 4120 ita
1250 4062 1384 4122 distincte

179 4140 217 4199 ab
232 4159 267 4198 eo
281 4149 432 4218 operatam,
456 4145 520 4202 Non
542 4144 637 4218 modo,
664 4145 804 4220 quianon
828 4152 873 4203 est
898 4153 1010 4202 tantum
1033 4143 1079 4201 vis
1102 4142 1243 4218 quaedam,
1268 4162 1332 4218 quae
1354 4143 1384 4200 in

180 4219 297 4278 homine
312 4240 342 4279 se
357 4231 464 4296 exerat,
480 4223 532 4282 sed
547 4225 674 4282 Persona
688 4222 795 4298 divina,
812 4243 876 4300 quae
891 4223 921 4280 in
946 4223 1034 4280 corda
1047 4231 1145 4281 nostra
1158 4221 1247 4295 vonit,
1260 4232 1292 4280 ut
1305 4222 1335 4279 in
1349 4223 1386 4280 iis

179 4300 292 4359 habitet
306 4309 443 4377 tanquam
464 4303 493 4360 in
515 4304 643 4380 Templis
664 4303 733 4378 suis,
751 4306 766 4360 1
783 4304 848 4361 Cor.
872 4303 912 4361 iii.
930 4305 976 4376 16,
1005 4310 1034 4362 61
1054 4301 1094 4361 vi.
1112 4304 1157 4378 19,
1180 4308 1209 4360 61
1226 4309 1258 4359 ut
1271 4309 1386 4360 maneat

182 4379 334 4440 nobiscum
349 4381 379 4438 in
394 4389 540 4458 aeternum,
555 4384 625 4443 Joh.
640 4383 701 4442 xiv.
729 4386 783 4459 16;
809 4382 867 4442 Sed
887 4382 974 4442 etiam
999 4381 1068 4457 quia
1082 4401 1130 4440 aas
1154 4381 1333 4458 operationes
1356 4380 1386 4438 in

181 4461 268 4519 nobis
283 4461 351 4536 edit,
367 4481 432 4539 quse
453 4462 581 4521 intimam
597 4471 626 4522 ot
649 4461 845 4522 immediatam
860 4463 923 4539 ejus
951 4461 1073 4538 gratiam
1096 4471 1230 4538 arguunt.
1274 4460 1387 4536 Ecquid

180 4541 258 4600 enim
272 4561 347 4600 unus
362 4549 390 4599 et
405 4541 481 4599 idem
498 4543 622 4617 Spiritus
636 4543 732 4600 omnia
756 4542 868 4620 operari
890 4542 1033 4600 diceretur
1057 4541 1087 4598 in
1100 4541 1193 4615 nobis,
1219 4550 1277 4598 tam
1292 4540 1388 4616 quoad

180 4621 258 4681 dona
272 4621 500 4681 extraordinaria
514 4629 543 4680 et
556 4621 728 4698 quibusdam
750 4623 873 4700 propria,
889 4641 976 4699 quam
997 4619 1093 4699 quoad
1112 4620 1255 4679 ordinaria
1269 4628 1297 4679 et
1312 4641 1388 4678 com·

180 4703 280 4762 munia
294 4702 428 4762 omnibus
452 4701 595 4777 fidelibus,
614 4704 628 4761 l
651 4702 715 4760 Cor.
731 4703 782 4762 xii.
800 4705 846 4778 11,
872 4701 972 4762 testari
999 4701 1117 4779 Spiritui
1146 4710 1245 4760 nostro
1259 4721 1312 4760 nos
1326 4721 1389 4760 esse
