3108 5198
16 369 18 480 i
106 399 221 452 eumer.
236 382 326 466 uun]
643 398 682 440 ns
696 397 774 441 suun
788 400 848 441 nm.
1287 389 1326 447 43

112 543 204 604 Unde
216 563 295 603 vers.
312 549 458 621 sequente
471 540 506 599 dc
526 539 629 600 iisdem
642 541 743 601 amicis
757 540 949 621 conqueritur,
971 562 1030 601 uon
1044 549 1198 620 questurus
1212 543 1249 603 de
1263 544 1327 604 An-

113 624 202 700 gelis.
240 624 373 702 Angelus
386 624 537 681 dvocabo
550 642 621 680 unus
635 643 672 680 ec
684 623 811 697 millibus,
827 622 863 681 de
884 642 942 700 quo
963 623 1059 700 agitur
1079 641 1142 699 cap.
1157 625 1262 684 xxxiii.
1277 629 1326 701 23,

115 723 177 761 non
192 703 280 763 ullum
300 711 396 778 notat,
420 721 505 779 quam
525 700 676 778 Angelum
696 701 821 776 foederis,
844 703 999 778 Christum,
1022 702 1069 761 cui
1090 703 1144 760 soli
1166 713 1328 782 competere

118 791 242 860 possunt
262 782 423 861 praedicata
444 801 509 858 quae
536 781 579 839 illi
602 781 775 856 tribuuntur,
804 781 967 858 miserendi,
994 781 1095 842 orandi
1117 781 1327 863 liberationem,

118 863 268 921 mdicsudi
276 861 391 921 homini
403 860 612 937 rectitudinem,
625 861 821 920 intercedendi
829 881 896 920 cum
909 862 1074 922 ostensione
1087 879 1137 938 us,
1153 862 1252 944 ntegro,
1267 863 1326 940 etr,

120 941 204 1018 apud
222 962 286 1002 eurn
300 943 340 1000 id.
357 943 482 1018 Patrem,
495 960 564 1000 cum
578 941 657 999 solus
679 941 810 1000 Christus
832 940 927 1001 dicere
948 943 1048 1020 possit,
1070 959 1113 1001 ’ω
1132 961 1220 1020 mnu,
1237 946 1330 1006 inveni

122 1023 236 1096 henan.
278 1023 328 1082 Sic
344 1022 442 1081 Gloss.
458 1020 529 1080 oret.
544 1027 658 1081 textum
671 1021 799 1098 exponit.

21 1090 27 1105 '
166 1101 277 1160 XXII.
299 1100 372 1160 Alie
392 1109 437 1160 est
457 1101 601 1176 invocatio,
614 1098 685 1174 Alie
704 1100 937 1160 commaceratio.
980 1101 1080 1161 Moses
1094 1122 1152 1162 non
1170 1103 1328 1182 alloquitur

123 1177 332 1257 Abrabnmum,
355 1201 410 1239 nec
430 1180 469 1239 ad
487 1179 678 1258 patrocinium
699 1181 763 1257 ejus
777 1179 916 1259 confugit,
939 1180 1034 1240 Exod.
1049 1183 1144 1242 xxxii.
1162 1186 1207 1259 13,
1224 1184 1275 1242 sed
1289 1185 1328 1243 ad

123 1259 222 1318 Deum
233 1281 333 1338 preces
346 1259 456 1338 dirigit,
471 1269 505 1318 ut
517 1260 595 1337 pecti
609 1259 655 1319 sui
668 1279 784 1336 memor,
800 1261 879 1338 quod
893 1279 959 1320 cum
971 1261 1106 1322 Patribus
1120 1263 1192 1339 iniit,
1204 1265 1327 1341 posteris

122 1340 324 1399 moscholstris
336 1339 561 1399 misericorditer
573 1339 714 1415 ignoscet.

166 1419 296 1478 XXIII.
318 1419 449 1478 Concilio
461 1439 526 1496 quer
540 1417 687 1478 eddmtur
699 1439 717 1478 a
731 1419 908 1480 Bellarmino
918 1428 985 1498 post
995 1423 1055 1480 400
1066 1439 1157 1482 annos
1168 1442 1185 1480 a
1198 1431 1326 1501 tempore

123 1496 332 1576 Apostolorum
343 1499 488 1558 celebrate
498 1498 679 1558 introducere
689 1519 747 1558 non
757 1508 913 1578 potuerunt
920 1520 1028 1559 novum
1036 1501 1155 1578 aliquod
1166 1503 1329 1580 Religionis

29 1630 32 1641 .
125 1577 232 1656 dogma
244 1579 274 1637 in
290 1579 447 1657 Scriptus-is
461 1587 545 1638 antea
558 1597 617 1637 non
630 1578 789 1655 inventum,
804 1588 855 1640 eut
868 1579 899 1638 in
911 1580 1059 1657 primitiva
1073 1581 1206 1640 Ecclesia
1218 1601 1270 1660 per
1283 1589 1328 1642 tot

32 1724 33 1733 ¹
127 1675 218 1717 annos
230 1678 287 1717 non
301 1657 537 1736 promulgatum:
558 1659 598 1717 Et
611 1657 767 1718 ostendunt
779 1660 877 1736 potius
890 1660 961 1737 quid
971 1659 1078 1719 fectum
1092 1660 1187 1736 fuerit,
1202 1661 1327 1720 invales-

128 1738 257 1798 centibus
271 1737 485 1816 superstitionis
498 1737 632 1813 tenebris,
648 1757 735 1815 quum
749 1738 820 1815 quid
834 1737 1005 1797 faciendum.

168 1817 290 1878 XXIV.
313 1819 434 1877 Constat
455 1817 548 1876 tribus
571 1817 673 1895 primis
695 1817 801 1876 seculis
823 1818 935 1876 nullum
957 1817 1082 1875 inveniri
1103 1817 1219 1876 Patrem
1239 1819 1328 1896 hujus

129 1895 322 1957 Invocationis
335 1905 506 1975 patronum
528 1897 582 1956 sub
593 1897 728 1974 Origene,
738 1904 771 1955 ut
781 1896 905 1971 videtur,
920 1896 997 1955 bono
1011 1897 1174 1974 interprete,
1187 1896 1238 1956 sed
1252 1899 1329 1957 malo

128 1975 307 2054 dogmstista,
323 1987 357 2036 ut
370 1978 406 2035 de
420 1977 472 2036 illo
485 1977 613 2054 loquitur
627 1976 738 2052 Hiero,
753 1975 878 2052 irrepere
892 1975 979 2053 coepit
990 1976 1065 2036 inter
1078 1977 1220 2036 Doctores
1235 1977 1328 2037 Inter·

129 2057 262 2116 cessionis
283 2057 400 2135 opinio;
422 2076 481 2116 non
500 2064 597 2115 tamen
620 2055 688 2114 inde
710 2055 853 2134 quispiam
878 2056 999 2116 Sanctos
1021 2055 1147 2132 invocet,
1169 2065 1220 2116 aut
1241 2057 1329 2118 tradit

129 2135 311 2210 invocandos,
326 2136 420 2195 donec
433 2135 572 2214 paulatim
586 2135 690 2214 pertirn
703 2155 741 2194 ex
753 2135 941 2214 Philosophia
952 2135 1109 2212 Platonica,
1126 2144 1155 2196 ct
1166 2134 1329 2196 Helenismi

130 2216 260 2294 reliqniis,
275 2217 383 2294 partim
398 2236 436 2275 ex
449 2214 566 2275 licentis
580 2215 699 2275 Poetics
712 2224 742 2274 et
755 2215 887 2292 oratorie,
903 2224 932 2274 ct
945 2216 1140 2293 hyperbolicis
1156 2216 1327 2276 laudationi-

129 2294 180 2355 bus
193 2305 221 2356 et
234 2296 440 2374 Apostrophis,
457 2295 592 2370 Basilius,
615 2295 773 2372 Nyssenus,
796 2302 826 2354 et
847 2295 1047 2355 Nazianzenus
1067 2296 1142 2356 inter
1156 2297 1283 2373 Graecos,
1299 2304 1329 2356 ot

129 2375 295 2436 Ambrosius
320 2376 398 2435 inter
422 2375 551 2450 Latinos,
576 2374 731 2434 fenestram
751 2375 920 2452 ampliorem
940 2375 1007 2434 huic
1031 2377 1121 2434 errori
1144 2385 1327 2454 aperuerunt.

129 2455 193 2514 Huc
205 2456 272 2517 facit
286 2455 369 2534 quod
382 2455 513 2532 apposite
526 2454 627 2514 Sixtus
640 2453 784 2530 Senensis,
800 2455 907 2513 Biblio.
921 2455 972 2514 lib.
987 2455 1026 2514 vi.
1038 2464 1136 2515 annot.
1150 2459 1215 2532 152,
1228 2464 1328 2516 notat:

129 2537 320 2596 “Meminisse
335 2543 460 2613 oportet,
472 2553 531 2593 non
544 2553 607 2594 esse
623 2534 862 2594 Concionatorum
876 2535 967 2594 verba
986 2554 1021 2594 eo
1041 2535 1137 2612 rigore
1151 2535 1327 2614 eccipIcnde,

126 2635 178 2694 quo
196 2617 321 2694 primum
337 2616 376 2674 nd
400 2634 484 2674 aures
504 2613 668 2674 auditorum
688 2614 869 2692 perveniunt.
911 2614 1007 2673 Multa
1020 2615 1096 2673 enim
1112 2615 1329 2674 Dcclametores

125 2715 171 2774 per
188 2696 383 2776 hyperbolem
395 2715 482 2788 ,sape
496 2693 679 2770 denuncient,
695 2693 744 2752 vel
764 2694 914 2753 occasione
935 2694 1071 2769 locorum,
1095 2703 1264 2772 temporum,
1280 2694 1330 2753 vel

122 2797 302 2856 personarum
328 2775 461 2851 adducti,
486 2775 536 2833 vel
562 2773 717 2834 affectuum
745 2773 862 2851 impetu,
891 2781 921 2832 ot
948 2773 1086 2832 cretionis
1113 2794 1200 2832 cursu
1223 2773 1328 2851 repti.”

123 2857 225 2937 Sapius
239 2859 332 2919 etism
348 2856 456 2915 Patres
466 2853 614 2912 declarent
626 2853 723 2930 potius
739 2853 860 2912 Sanctoa
871 2851 960 2912 nese
974 2853 1132 2928 invocatos,
1145 2872 1232 2930 quam
1245 2854 1328 2912 invo-

118 2939 234 3016 candos;
257 2938 319 2998 Vel
341 2933 536 3012 hypothetice
549 2941 670 2992 utuntur
684 2932 881 3007 Invocationc,
896 2931 1063 2991 haesitanter
1077 2939 1188 2990 tentum
1203 2939 1233 2990 et
1254 2932 1328 2989 limi-

117 3029 168 3080 ute
182 3019 236 3079 sub
248 3017 299 3077 his'
315 3013 466 3088 terminis,
481 3022 513 3072 nt
525 3013 633 3089 opinor,
649 3012 787 3088 refellor,
801 3013 829 3069 ai
840 3013 901 3087 queis
915 3011 1147 3083 macerones,
1162 3010 1234 3068 side
1247 3011 1329 3068 rebus

112 3101 210 3160 nesta
231 3119 317 3174 ciera,
342 3113 440 3174 quem
460 3111 550 3171 quum
569 3111 629 3152 nou
649 3092 815 3170 exprimunt
835 3089 998 3168 intelligere
1017 3087 1218 3167 concipiuntur
1231 3087 1328 3146 condi·

112 3182 224 3243 tionem.

581 3411 774 3488 Qumsmo
795 3411 886 3473 uns.

549 3589 589 3632 DE
603 3591 808 3640 nuuoursnun
821 3589 927 3632 CULTU.

107 3747 147 3804 Aa
159 3747 345 3804 &mmmm
364 3734 503 3811 Corpora
524 3741 551 3792 et
563 3733 703 3809 Reliquis
715 3732 845 3807 reliqioeo
859 3733 935 3790 cultu
954 3729 1011 3789 sint
1022 3731 1212 3790 amanda!
1253 3730 1327 3807 Neg.

579 3821 679 3872 contm
693 3811 869 3871 Pontificios.

428 3972 453 4030 I.
476 3971 672 4048 Reliquiarum
688 3971 794 4045 Onna,
809 3969 955 4048 appendix
969 3977 1014 4028 est
1028 3966 1130 4028 Cultus
1147 3965 1327 4027 Sanctorum.

140 4045 221 4148 Ἥ,
239 4043 329 4114 9¹¹⁸*
386 4052 425 4110 Id
439 4051 515 4110 enim
529 4051 567 4110 ed
583 4051 753 4110 Sanctorum
767 4050 904 4108 honorem
918 4068 976 4109 non
990 4067 1091 4125 parum
1104 4045 1247 4123 pertinere
1268 4066 1328 4106 cre-

221 4115 271 4147 ¹¹¹⁸⁴
386 4132 474 4207 ditur,
489 4131 568 4208 quod
578 4151 677 4190 eorum
685 4148 805 4207 corpora
813 4130 863 4188 vel
872 4129 973 4188 saltem
984 4147 1058 4203 ossa,
1071 4126 1189 4202 cineres,
1202 4126 1327 4204 ciugnle,

118 4229 215 4296 restes,
230 4227 262 4278 et
276 4214 396 4276 similes
409 4211 548 4288 reliquia,
563 4210 697 4286 religioso
712 4209 850 4269 colantur.
886 4209 969 4267 Licet
979 4227 1049 4266 vero
1063 4205 1194 4265 hodierni
1211 4206 1328 4284 Sophis-

120 4307 152 4357 ta
162 4296 381 4392 turpitudinem
395 4291 481 4350 istius
494 4290 721 4372 λυψκκδῃαιίις
734 4297 833 4366 tegere
847 4296 876 4348 et
889 4288 1046 4347 incrustare
1060 4293 1207 4361 conantes,
1222 4293 1330 4362 negent

123 4377 313 4438 demtionem
331 4374 400 4432 Deo
414 4370 542 4430 debitam
555 4371 614 4430 illis
628 4369 740 4446 deferri,
763 4367 815 4428 sed
833 4376 945 4428 tentum
958 4367 1173 4426 venerationem
1188 4373 1217 4423 et
1237 4365 1328 4453 hqno-

124 4475 193 4534 rcm3
215 4457 339 4518 Certum
354 4460 403 4512 est
417 4459 514 4510 tamen
527 4451 665 4511 sancitam
680 4469 743 4509 earn
757 4468 821 4508 csse
842 4447 1016 4507 authoritate
1030 4443 1152 4504 Concilii
1174 4443 1216 4500 II.
1238 4441 1328 4532 Ilien.

125 4538 198 4615 eujus
219 4537 285 4596 htec
307 4542 382 4594 sunt
395 4531 494 4606 rerba,
510 4531 635 4590 Actione
650 4531 724 4590 IV.:
747 4531 765 4562 “
780 4529 862 4604 Ossa,
878 4527 997 4601 cineres,
1012 4541 1132 4602 pannos,
1143 4535 1327 4595 sangumem,

125 4617 268 4696 sepulchra
281 4613 418 4690 denique
439 4609 591 4670 adorantes
611 4610 670 4668 illis
689 4617 786 4669 umen
799 4629 858 4667 uon
873 4603 1096 4666 sacrificamus.”
1139 4599 1224 4656 Baro.
1240 4593 1286 4654 ad.
1301 4614 1328 4652 a·

125 4697 150 4757 C.
163 4701 230 4774 821,
246 4696 267 4756 l.
286 4697 336 4770 14,
353 4689 431 4750 dicit
444 4709 474 4748 se
488 4709 506 4748 a
520 4690 666 4749 Clemente
681 4688 772 4749 VIII.
786 4688 906 4747 missum
930 4688 948 4720 “
961 4693 994 4744 ut
1008 4678 1172 4757 exploraret
1185 4684 1215 4736 et
1228 4673 1328 4733 adora·
