3150 5206
215 381 275 439 262
628 391 719 432 rocus
734 391 863 432 uucruus
877 391 1010 432 rasurus.
1255 369 1385 452 [oumsr.
1400 389 1429 430 n.

218 546 311 600 tutem
331 535 458 615 pertrahi
478 533 616 612 potuisse,
630 533 688 592 nisi
702 531 738 592 de
752 533 904 593 divinitate
925 533 1010 594 istius
1025 533 1162 592 doctrinae
1177 532 1299 592 luissent
1312 551 1428 610 persua·

221 618 394 680 suassimre?
425 614 628 674 Alexandrum
642 615 784 692 Magnum
804 615 943 674 miramur
964 613 1043 692 quod
1063 614 1163 692 paucis
1176 613 1318 672 militibus
1333 613 1430 671 orbem

221 699 386 776 subegerit:
408 697 531 757 Josuam
552 695 654 772 magis,
678 695 757 772 quod
774 694 853 754 tubis
867 695 1069 755 Jerichuntem
1096 693 1318 772 expugnaverit.
1374 693 1429 752 Sed

223 780 370 839 Christum
391 777 456 855 quis
470 795 529 836 non
548 795 608 853 prae
629 775 740 834 crateris
761 775 889 851 miretur,
905 775 955 853 qui
970 775 1080 852 linguis
1095 775 1193 834 orbem
1208 774 1286 850 vicit,
1310 793 1431 850 quarum

221 879 291 935 vox,
302 861 372 918 licet
382 857 441 916 illis
452 857 549 916 nullus
559 865 591 914 ut
605 855 686 914 coelis
700 863 803 915 natura
816 863 893 916 esset
906 875 1010 928 sermo,
1022 856 1136 914 transiit
1147 855 1178 912 in
1192 875 1306 913 omnem
1315 865 1429 930 terram,

223 941 309 1016 Rom,
324 959 354 998 x.
368 941 430 998 18?
452 938 583 997 Verbum
597 937 720 995 stultitia
728 935 782 995 suit
792 935 975 1013 hominibus;
998 935 1037 994 Et
1050 944 1147 995 tamen
1163 936 1306 1014 sapientes
1321 934 1432 995 vincit:

224 1019 373 1080 Horribile
394 1028 424 1078 et
437 1017 516 1096 quod
529 1017 660 1075 homiues
675 1017 792 1094 abigere
806 1016 942 1092 deberet;
965 1017 1004 1075 Et
1019 1017 1154 1076 conciliat
1167 1017 1278 1074 animos
1295 1025 1325 1074 et
1346 1015 1433 1073 corda

223 1101 322 1161 trahit.
365 1099 454 1159 Nulla
467 1099 505 1156 ad
525 1097 689 1157 suasionem
710 1115 757 1155 ars
777 1095 821 1155 illi
842 1097 942 1172 inerat,
957 1095 1038 1156 nulla
1058 1097 1214 1175 pigmenta,
1231 1103 1260 1154 et
1278 1096 1432 1154 verborum

223 1180 377 1240 lenocinia.
400 1179 460 1238 Sed
479 1179 509 1237 in
530 1198 565 1236 eo
589 1185 651 1236 erat
669 1185 766 1236 tamen
781 1174 931 1250 “halluta
952 1176 1089 1254 πνεύματος
1103 1182 1148 1236 καὶ
1168 1175 1291 1253 δοκίμως
1315 1175 1433 1235 demon-

226 1260 327 1320 stratio
347 1257 548 1336 potentissima
571 1257 725 1335 Spiritus,''
749 1257 841 1316 ICor.
858 1258 887 1316 ii.
903 1261 931 1316 4.
975 1258 1036 1317 Nec
1050 1258 1211 1336 putandum
1228 1266 1340 1334 partem
1354 1257 1434 1315 illam

226 1360 292 1417 quas
313 1338 436 1398 stultitia
455 1337 668 1416 predicationis
689 1337 795 1396 dieitur
815 1337 989 1398 occultatam
1009 1337 1107 1416 fuisse,
1133 1339 1182 1397 vel
1202 1338 1268 1396 aliis
1288 1337 1435 1396 coloribus

225 1420 390 1495 inductam;
414 1419 478 1476 Irno
491 1418 587 1495 palam
609 1417 743 1476 omuibus
756 1419 889 1496 exposita
908 1426 960 1495 est,
976 1427 1050 1479 testo
1071 1420 1134 1498 ipso
1149 1418 1250 1495 Paulo,
1266 1417 1317 1496 qui
1338 1427 1435 1495 aperte

225 1499 376 1580 profitetur
386 1518 416 1558 se
427 1497 501 1556 nihil
510 1497 589 1556 aliud
598 1497 670 1556 scire
679 1499 862 1577 proposuisse
872 1499 946 1557 inter
954 1498 1033 1576 ipsos
1042 1519 1128 1577 quarn
1140 1499 1162 1559 J
1163 1519 1244 1558 esum
1255 1498 1435 1558 crucifixum.

226 1581 433 1659 Oppugnatum
446 1579 501 1638 fuit
515 1578 551 1637 ab
566 1577 724 1637 innumeris
737 1579 878 1655 hostibus,
893 1599 947 1638 nec
961 1581 998 1638 ab
1012 1579 1140 1638 externis
1154 1587 1266 1638 tantum
1281 1587 1310 1638 et
1324 1579 1435 1654 alienia,

227 1661 280 1724 sed
293 1663 330 1723 ab
352 1659 468 1719 homine
487 1659 550 1738 ipso
565 1659 681 1735 carnali,
697 1657 748 1736 qui
766 1659 839 1718 nihil
859 1679 918 1718 non
939 1661 1064 1736 molitur,
1079 1668 1112 1720 ut
1125 1659 1199 1718 illud
1213 1679 1230 1718 a
1251 1679 1282 1719 se
1296 1659 1435 1737 repellat;

227 1742 268 1802 Et
282 1743 338 1802 ista
351 1749 449 1801 tamen
463 1740 560 1800 omnia
583 1739 734 1798 obstacula
746 1741 892 1818 perrupit;
914 1749 943 1799 et
957 1740 993 1798 de
1007 1740 1123 1799 homine
1138 1742 1258 1818 ejusque
1272 1740 1438 1798 resistentia

227 1823 427 1900 triumphavit.
470 1820 595 1879 Miratur
611 1820 711 1879 Cicero
733 1819 898 1895 Romulum,
914 1821 992 1898 quod
1007 1821 1104 1879 seculo
1119 1821 1213 1879 adhuc
1227 1819 1293 1880 rudi
1320 1819 1352 1878 id
1368 1839 1435 1879 con-

227 1911 343 1962 secutus
363 1901 450 1962 luerit
470 1909 503 1960 ut
523 1901 605 1960 Deus
624 1901 787 1959 haberetur.
832 1901 890 1959 Sed
903 1909 1012 1977 quanto
1030 1901 1124 1978 magis
1144 1900 1316 1976 mirandum,
1332 1900 1436 1960 Jesum

227 1991 358 2042 nostrum
372 1981 470 2040 seculo
482 1980 680 2040 literatissimo
695 1988 724 2040 et
734 1981 942 2056 excultissimo,
957 1981 988 2039 id
1003 1981 1161 2040 obtinuisse
1177 1981 1238 2040 solo
1250 1980 1342 2040 Verbi
1358 1979 1435 2039 Prae-

227 2063 312 2122 conio
325 2070 359 2122 ut
373 2062 454 2121 Deus
465 2061 636 2135 crederetur,
651 2069 684 2119 ut
697 2069 815 2139 propter
828 2081 894 2142 eam,
906 2061 1114 2120 confessionem
1129 2061 1265 2138 discipuli
1278 2063 1343 2140 ejus
1357 2061 1438 2120 nulla

227 2163 287 2202 non
308 2142 386 2201 mala
406 2140 531 2217 experiri
554 2149 651 2200 essent
674 2141 776 2218 parati.
829 2141 970 2219 Caligula,
997 2141 1083 2216 Nero,
1111 2141 1303 2218 Domitianus,
1329 2141 1439 2200 divinis

227 2222 387 2281 bonoribus
400 2220 533 2279 viventes
544 2219 639 2279 affecti
654 2230 729 2296 sunt,
746 2221 797 2280 sed
810 2223 916 2280 mortui
930 2222 1009 2281 mille
1022 2221 1156 2281 ludibriis
1170 2222 1305 2300 expositi.
1347 2221 1369 2281 J
1371 2241 1439 2280 esus

228 2302 333 2360 vivens
356 2299 606 2378 desperatissimus
631 2307 660 2358 et
687 2301 864 2360 miserrimus
888 2301 1052 2362 mortalium
1074 2302 1199 2380 habitus,
1224 2311 1439 2380 postmortem

229 2380 359 2440 dimuam
383 2379 505 2456 gloriam
529 2379 722 2458 consequitur,
748 2390 777 2440 et
802 2401 888 2460 supra
911 2403 1011 2442 omnes
1036 2383 1133 2460 Reges
1157 2383 1315 2442 extollitur.
1367 2383 1439 2458 Quas

228 2469 318 2520 tantas
336 2459 505 2554 mutationis
525 2479 612 2518 causa
632 2479 695 2520 esse
716 2462 836 2539 potuit?
866 2462 932 2521 Nou
954 2462 1011 2522 alia
1024 2483 1110 2541 quam
1125 2463 1286 2522 divinitatis
1300 2463 1440 2522 doctrinm

230 2560 295 2619 eJus
308 2559 466 2619 persuasio.

520 2619 645 2679 XXIV.
655 2621 822 2679 Praeconem
833 2623 953 2682 conditio
962 2643 1020 2683 non
1031 2623 1169 2701 exiguum
1180 2623 1249 2684 huic
1260 2623 1440 2684 demonstra·

492 2699 683 2780 tionipondus
689 2700 779 2760 addit.
792 2701 841 2761 Illi
847 2703 1183 2782 erantpauci,duodecim
1191 2703 1440 2784 numero,plcbcii,

492 2781 616 2858 obscuri,
629 2782 794 2860 piscatores,
804 2784 959 2862 publicani,
973 2805 1046 2862 quos
1055 2805 1109 2844 nec
1121 2785 1224 2843 domus
1236 2805 1288 2843 sua
1301 2785 1439 2858 illustres,

230 2883 284 2924 nee
297 2862 427 2941 potentia
437 2861 486 2922 vel
500 2881 570 2940 opes
584 2861 791 2942 suspiciendos,
807 2883 860 2924 nec
876 2865 970 2944 gratia
984 2866 1094 2941 charos,
1109 2885 1163 2924 nec
1174 2873 1343 2944 magnatum
1357 2863 1441 2922 favor

231 2953 338 3023 gratos,
354 2964 407 3003 nec
421 2941 545 3003 eruditio
558 2943 607 3002 vel
628 2943 793 3021 eloquentia
812 2945 945 3023 inclytos,
961 2944 1009 3004 vel
1024 2945 1061 3004 ad
1075 2945 1259 3004 alliciendum
1274 2943 1439 3004 mortalium

232 3027 343 3085 animos
358 3025 477 3083 idoneos
494 3023 677 3098 reddiderat;
701 3023 752 3083 sed
766 3025 871 3102 quibus
883 3025 979 3085 omnia
993 3047 1027 3084 ea
1046 3025 1172 3100 deerant,
1188 3045 1253 3103 quac
1275 3025 1311 3084 sd
1323 3045 1441 3104 persua-

231 3103 343 3166 dandos
355 3105 488 3164 homines
509 3105 616 3181 requiri
635 3105 737 3164 solent.
784 3106 856 3181 Quis
878 3105 977 3165 credat
999 3107 1062 3165 fieri
1083 3106 1268 3184 potuissent
1292 3126 1344 3184 per
1366 3105 1442 3164 tales

230 3186 363 3246 homiues
383 3205 430 3244 res
452 3193 544 3244 tanta
568 3190 745 3263 gererentur,
768 3186 861 3264 iisque
882 3185 1017 3246 cederent
1040 3194 1084 3246 tot
1107 3187 1280 3264 synagogae,
1303 3193 1348 3244 tot
1361 3185 1441 3243 Aca-

232 3266 344 3339 demiae,
351 3273 395 3324 tot
407 3265 648 3341 Philosophorum
659 3265 783 3340 agmina,
793 3274 837 3324 tot
848 3267 1029 3344 ingeniorum
1039 3267 1179 3341 acumina,
1188 3275 1231 3326 tot
1237 3265 1405 3324 Tribunalia
1411 3273 1443 3325 ct

236 3345 370 3420 Sceptra3
383 3343 408 3401 si
416 3343 442 3401 is
452 3363 538 3419 quem
549 3344 753 3420 predicabant,
763 3365 822 3403 non
832 3346 934 3406 fuisset
940 3367 1025 3406 verus
1037 3347 1180 3406 Messias?
1190 3347 1347 3406 Mittuntur
1356 3347 1444 3424 pauci

232 3423 273 3482 ad
282 3423 457 3496 innumeros,
469 3422 556 3480 rudes
570 3422 608 3480 ad
622 3422 731 3498 doctos,
743 3425 868 3483 infantes
879 3426 916 3484 ad
927 3427 1140 3503 disertissimos,
1152 3427 1296 3505 simplices
1310 3427 1349 3486 ad
1361 3436 1442 3486 astu·

233 3511 289 3578 tos,
299 3501 423 3560 inermes
434 3499 472 3559 ad
485 3507 619 3576 annates,
635 3502 735 3579 inopes
751 3502 788 3561 ad
798 3505 1022 3583 potentissimos,
1038 3516 1067 3566 et
1088 3517 1185 3567 tamen
1207 3527 1307 3567 omnes
1330 3515 1395 3586 post
1410 3527 1443 3565 sc

233 3582 361 3642 trahunt.
404 3579 595 3640 conserantur
618 3601 684 3640 cum
701 3583 748 3642 his
762 3591 904 3662 quotquot
927 3587 996 3645 olim
1015 3587 1131 3648 suerunt
1152 3588 1443 3647 celebratissimarum

235 3669 378 3722 sectarum
393 3661 549 3736 Autbores,
567 3661 618 3739 qui
632 3682 745 3723 omnem
760 3665 869 3744 ingenii
883 3667 944 3726 vim
967 3667 1169 3744 adhibuerunt,
1184 3677 1217 3728 ut
1237 3675 1299 3727 toto
1314 3668 1383 3726 orbe
1398 3667 1443 3724 iu-

234 3743 433 3818 clarescerent,
455 3741 617 3820 quibusque
630 3743 703 3802 nihil
718 3745 810 3806 defuit
823 3745 861 3804 ad
874 3747 1089 3826 propagandam
1109 3765 1341 3826 quaquaversum
1356 3745 1445 3806 disci-

233 3823 343 3901 plinam
358 3841 448 3882 suam.
490 3822 600 3900 Ecquis
614 3831 710 3884 tamen
722 3847 758 3885 ex
780 3827 816 3885 iis
830 3828 963 3888 omuibus
977 3829 1040 3906 fuit,
1056 3828 1114 3907 qui,
1130 3847 1188 3888 non
1202 3829 1275 3903 dico,
1292 3837 1336 3888 tot
1351 3837 1445 3888 secta·

234 3913 321 3980 tores,
347 3902 471 3962 sedvel
498 3903 680 3964 millesimam
703 3915 814 3984 partem
840 3917 907 3984 post
931 3929 962 3968 se
986 3908 1129 3970 traxerit?
1172 3909 1220 3969 Sic
1243 3907 1325 3968 Deus
1349 3908 1447 3968 voluit

234 3985 402 4045 thesaurum
427 4001 511 4044 suum
527 3983 559 4043 in
572 3987 651 4045 vasis
673 3987 807 4046 testaceis
828 3988 978 4064 collocem,
994 3999 1027 4049 ut
1041 3989 1213 4049 excellentia
1226 3990 1344 4048 vimutis
1358 3989 1447 4047 istius

234 4073 312 4126 esset
325 4084 344 4124 a
358 4065 430 4142 Deo,
444 4085 504 4124 non
517 4066 555 4124 ab
567 4066 741 4142 homiuibus,
757 4087 793 4126 ne
808 4068 878 4146 quid
892 4069 1132 4130 incrementorum
1155 4087 1272 4130 suorum
1295 4069 1395 4130 Pietas
1416 4075 1448 4127 et

237 4145 353 4224 Religio
375 4146 494 4206 deberet
508 4145 629 4222 Mundo,
645 4148 697 4208 sed
710 4155 743 4207 ut
757 4157 819 4207 tota
832 4168 849 4206 a
864 4148 927 4208 Deo
940 4151 1087 4228 penderet.

537 4223 645 4290 XXV.
669 4228 801 4306 Denique
821 4231 940 4288 docendi
958 4233 1055 4290 modus
1068 4229 1100 4288 id
1119 4230 1214 4308 ipsum
1229 4229 1383 4290 evidenter
1401 4249 1448 4288 ar·

230 2686 253 2732 8.
268 2687 293 2734 Δ
318 2689 461 2736 Praeconem

274 2747 411 2793 conditione
419 2762 426 2804 ς

259 4295 281 4340 4.
296 4293 321 4338 A
346 4289 447 4338 docendi

309 4350 387 4396 modo.
497 4307 579 4384 guit;
594 4327 648 4367 nec
669 4309 745 4367 enim
769 4308 824 4367 fuit
848 4309 1012 4370 elaboratus
1034 4319 1063 4370 et
1085 4313 1224 4387 curiosus,
1246 4319 1275 4370 et
1292 4311 1451 4374 lenociniis
1564 4297 1565 4300 ¹

498 4389 637 4447 sermonis
657 4399 686 4448 et
704 4387 859 4448 verbomm
884 4391 1018 4469 ampullis
1039 4399 1165 4468 ornatus,
1181 4399 1210 4451 et
1224 4389 1261 4450 ad
1284 4389 1449 4450 fallendum

235 4462 420 4542 compositus,
433 4463 486 4523 sed
497 4467 628 4544 simplex,
640 4467 791 4528 ineffectus
802 4478 831 4528 et
841 4471 961 4531 rudibus
975 4472 1082 4549 pariter
1092 4479 1178 4549 atque
1192 4471 1313 4530 eruditis
1329 4473 1450 4546 obvius,

234 4553 267 4606 ut
277 4543 387 4603 fraudis
402 4551 431 4602 et
442 4545 633 4607 simulationis
647 4549 740 4606 omnis
755 4551 881 4627 suspicio
895 4552 1018 4612 abesset.
1034 4552 1106 4611 Ideo
1116 4553 1239 4611 necuim
1255 4551 1450 4626 adhibebant,

233 4631 268 4683 n't
280 4629 418 4699 cogerent
439 4623 650 4703 dissentientes,
665 4648 719 4688 nec
740 4629 847 4707 dolum,
862 4639 896 4691 ut
914 4632 1046 4692 fallerent
1059 4631 1264 4712 imprudentes,
1280 4651 1335 4691 nec
1349 4631 1453 4690 minas
1563 4621 1564 4656 ³

234 4711 268 4761 ut
278 4707 419 4762 terrerent
438 4704 632 4784 reluctantes;
660 4707 718 4768 Sed
740 4708 861 4769 liberam
885 4711 974 4772 fidem
996 4712 1158 4791 cupiebant,
1174 4721 1224 4772 aut
1237 4712 1357 4789 nullam,
1385 4731 1451 4771 non
