3108 5198
132 426 246 476 eumn.
261 405 331 489 vm]
641 426 681 466 nn
696 427 773 470 neon
788 429 859 471 om„

413 567 509 626 Beata
523 585 631 645 quoque
644 567 761 644 αφηίηα

417 647 574 706 comeum
587 648 754 726 Spiritusne,

413 727 574 802 Fremitu,
583 731 748 807 erasm»

412 808 527 868 ruera
540 810 618 868 mara
633 810 736 885 pellite.

128 964 166 1024 Et
179 965 220 1024 ed
233 966 395 1045 Apostolos
408 966 441 1025 in
455 965 572 1026 Hortnl.
587 965 687 1028 Anim.
701 988 731 1046 p.
744 971 810 1046 184,
834 970 853 1002 “
868 968 893 1031 Ο
906 968 985 1029 besti
1005 967 1150 1047 Apostoli,
1173 968 1278 1029 solvite
1291 987 1338 1028 me

125 1047 294 1122 epeoeetis,
309 1045 458 1107 defendite
472 1066 527 1124 me,
549 1046 708 1108 confortate
728 1067 784 1124 me,
798 1057 829 1108 et
841 1048 879 1108 ed
892 1069 1014 1127 regnum
1028 1051 1145 1110 ooeleste
1159 1049 1337 1128 perducite,''

125 1123 212 1201 Item,
224 1129 297 1186 “me
310 1147 364 1205 per
379 1146 433 1186 vos
447 1126 554 1186 snlveri
566 1135 634 1204 peto
647 1127 679 1186 in
687 1136 817 1189 extremo
827 1128 939 1207 judieio
951 1131 980 1208 ;''
995 1130 1033 1190 sd
1045 1130 1075 1191 S.
1088 1131 1206 1192 Petrum
1220 1129 1252 1188 in
1266 1129 1337 1188 Bre-

125 1204 163 1264 vi.
180 1205 246 1284 Re,
260 1206 337 1268 festo
352 1207 434 1267 Petri
447 1215 478 1266 et
491 1207 596 1267 Pauli:

409 1367 481 1426 Jam
492 1366 561 1426 boue
574 1367 680 1426 Pastor
692 1369 778 1428 Perre
790 1371 907 1430 elem
920 1368 1016 1446 aootpe

415 1447 488 1506 Vota
495 1456 672 1523 preeuntem,
688 1457 716 1508 et
722 1449 836 1524 peceati
846 1450 958 1510 obsculo

406 1528 526 1586 Beeoloe
539 1527 589 1586 toi
594 1536 733 1603 potestate
746 1528 863 1605 έναάἰω,

411 1606 472 1674 Qui
482 1607 585 1666 cuncti
598 1609 695 1668 cotum
707 1611 790 1672 who
803 1608 922 1686 cloudb,
936 1609 1040 1686 aperis.

123 1759 173 1820 Ad
186 1763 209 1823 J
209 1763 335 1825 seobum
348 1765 491 1845 mojorem
503 1764 536 1828 in
549 1765 655 1828 Hortu
670 1766 727 1830 uni.
740 1789 748 1828 ε

410 1925 436 1984 O
449 1926 555 1985 Jaoobe
566 1929 697 1985 moelem

406 2023 470 2062 meo
483 2007 575 2064 delere
587 2008 704 2081 seelera,

406 2084 476 2142 mihi
487 2087 560 2144 dans
573 2087 650 2144 dorm
655 2084 775 2160 jmtr'tr'oe

406 2183 427 2222 a
432 2167 573 2239 fermento
586 2165 709 2225 molitio.

121 2317 206 2379 Idem
219 2319 254 2380 de
268 2321 384 2381 ceteris
398 2322 551 2402 Apostolis
565 2333 595 2387 et
609 2324 724 2385 Senotis
737 2321 822 2384 focile
836 2321 950 2384 ostendi
970 2331 1086 2402 posset:
1109 2323 1196 2386 Unde
1217 2332 1331 2384 oonstet

120 2399 287 2476 elnrissirne,
313 2422 374 2461 non
394 2411 507 2463 tuntum
520 2405 651 2464 invooeri
663 2413 696 2464 ut
709 2404 913 2464 interoessores
927 2404 978 2482 qui
1000 2425 1053 2482 pro
1067 2405 1151 2464 nobie
1165 2414 1255 2480 orent,
1278 2405 1331 2464 sed

120 2479 208 2539 etium
221 2491 253 2540 ut
266 2482 422 2560 largitores
435 2483 585 2561 bonorum,
607 2485 639 2544 in
659 2485 765 2562 quibus
784 2483 904 2563 proinde
919 2503 985 2562 spes
999 2493 1029 2544 et
1042 2484 1148 2545 fiducie
1161 2484 1330 2544 oolloeende

119 2558 179 2633 sit;
198 2560 263 2619 ideo
277 2562 438 2638 quemlibet
464 2564 610 2640 Sanctum,
637 2565 683 2624 eui
697 2564 763 2642 quis
776 2564 869 2642 megis
883 2563 914 2622 in
927 2564 990 2623 vite
1002 2564 1126 2624 devotus
1140 2565 1277 2640 extiterit,
1299 2563 1330 2622 in

118 2639 221 2698 mortis
234 2640 358 2701 ertiordo
379 2643 417 2701 ed
437 2643 515 2703 buno
528 2644 646 2704 modum
659 2645 794 2704 invooere
808 2645 915 2721 jubent
924 2644 956 2702 in
971 2644 1077 2704 Hortu.
1091 2644 1149 2704 sni.
1162 2667 1170 2704 ε
1193 2646 1211 2678 “
1226 2642 1251 2705 0
1265 2643 1329 2720 glo·

118 2718 277 2779 riesissime
294 2721 400 2782 Senote
414 2723 463 2782 vel
479 2724 585 2786 Senete
606 2725 652 2801 N,
675 2725 851 2802 singularem
871 2725 902 2783 in
920 2733 950 2784 te
970 2724 1039 2784 dum
1053 2725 1184 2784 viverem
1198 2743 1279 2801 spem
1299 2729 1330 2783 et

116 2797 323 2859 oonfidentinm
337 2821 451 2880 semper
463 2804 588 2882 reposui,
610 2823 744 2865 suoourre
764 2823 841 2864 nuno
862 2804 934 2864 mibi
948 2805 979 2862 in
991 2804 1047 2864 hoo
1060 2813 1190 2864 extremo
1204 2802 1329 2862 necessi·

118 2878 187 2938 totis
201 2880 325 2940 articulo
345 2881 519 2942 lebomnti.”
563 2884 621 2943 Sed
641 2885 696 2945 hoo
737 2885 860 2962 rmoipue
880 2892 961 2962 petet
981 2892 1114 2960 respectu
1135 2885 1170 2943 B.
1186 2881 1327 2960 Virginis,

117 2959 166 3016 eni
191 2979 252 3019 non
280 2960 367 3020 modo
389 2963 507 3022 nomine
530 2963 688 3041 titulosque
734 2964 828 3022 'vinos
853 2963 964 3041 possim
985 2962 1125 3038 tribuunt,
1148 2980 1238 3039 quum
1265 2981 1329 3020 eem

119 3038 138 3071 “
153 3038 256 3115 Deum,
271 3048 302 3099 et
317 3041 481 3118 Dominam,
504 3043 647 3121 Reginum
668 3043 743 3119 ooeli,
765 3043 891 3102 Matrem
911 3039 1124 3115 miseridordiae,
1146 3037 1328 3116 Redemptri·

118 3137 192 3192 oem,
207 3119 363 3180 Dominam
377 3131 505 3182 nostrum
520 3125 754 3201 omnipotentem,
770 3121 938 3199 confugium
955 3120 1168 3198 peooetomm,’'
1191 3117 1254 3194 dre,
1276 3138 1328 3178 vo-

121 3206 198 3272 eent,
212 3199 263 3258 sed
276 3208 307 3260 et
321 3201 432 3262 cultum
453 3202 584 3262 divinum
605 3212 664 3263 tem
684 3204 831 3262 internum
851 3219 939 3279 qnem
952 3209 1104 3260 externum
1127 3199 1172 3258 illi
1186 3198 1327 3278 deferunt,

115 3277 783 3439 dffmhildirmblrrlsebboolidbiellddraedeeoxririblidlb
794 3279 1328 3438 &Elellslelminldibibeursiub'irpblragbV

115 3438 199 3497 ton‘is
213 3458 337 3498 censore
350 3449 489 3519 notstnrn,
502 3407 660 3502 eleribsime
669 3443 785 3518 evincit,
797 3442 848 3502 ubi
856 3461 921 3519 quoe
931 3441 994 3500 Deo
1007 3440 1173 3503 tribuuntur
1186 3461 1205 3498 o
1218 3439 1326 3517 Pselte,

116 3516 205 3595 impie
218 3518 251 3576 in
265 3519 302 3580 B.
317 3520 471 3598 Virginem
481 3521 701 3582 muneferuntur.
742 3521 820 3581 Vide
841 3541 906 3599 quse
919 3540 938 3579 o
951 3519 1035 3580 nobis
1048 3519 1126 3582 diets
1141 3521 1224 3596 Diep.
1240 3523 1267 3595 2,
1290 3520 1327 3579 de

118 3597 242 3672 Seeess,
268 3606 300 3658 et
317 3600 468 3662 Doroman.
493 3602 530 3662 de
545 3601 823 3696 Antichristo,p.·l,
837 3601 858 3661 l
873 3604 901 3678 5,
917 3622 942 3660 o.
959 3593 985 3677 1,
1001 3604 1029 3677 2,
1054 3599 1194 3679 imprimis
1208 3599 1325 3660 Drebir·

116 3678 318 3818 el‘Vlllmllt
329 3679 411 3820 (iiio
423 3681 696 3840 bleffidiripbldidbl
705 3681 953 3836 lmlbblsnleneetnr,
968 3759 1190 3834 observandum,
1214 3757 1327 3818 Cultum

115 3835 145 3894 in
160 3857 269 3914 genere
285 3838 447 3899 Pontitioiis
460 3861 524 3901 esse
537 3841 686 3918 honorem,
707 3841 759 3918 qui
779 3841 901 3900 debetur
914 3840 951 3899 eb
965 3839 1093 3899 inferiori
1106 3857 1176 3916 erge
1192 3838 1325 3914 Superio-

116 3935 185 3991 rem,
200 3926 232 3977 et
246 3917 303 3977 trie
316 3919 355 3976 ed
368 3918 465 3997 ipsum
484 3920 602 3998 requiri.
645 3922 672 3980 1.
693 3921 803 3980 Aetnm
818 3920 990 3996 intellectus,
1013 3939 1071 3996 quo
1085 3915 1327 3995 apprehendimus

116 3997 320 4056 excellentium
335 3999 469 4077 elionjns.
510 4005 540 4060 2.
561 4000 671 4060 Actum
684 4000 852 4076 voluntatis,
868 4019 926 4078 quo
940 4019 993 4058 nos
1004 3998 1050 4058 illi
1064 3997 1186 4056 interius
1206 3995 1325 4056 inelina-

116 4077 1328 4236 &metimur“tutteltt,t‘gtt‘tttttttttt

116 4236 235 4314 diquod
247 4237 366 4314 signnm
381 4179 570 4316 subilelbtrbnis
584 4179 764 4300 erlbibemus.
807 4237 893 4300 Unde
913 4238 1056 4316 oolligrmt
1075 4246 1134 4296 tres
1147 4255 1213 4296 osse
1225 4237 1326 4298 edors·

115 4315 203 4376 tionis
216 4335 269 4377 seu
283 4318 382 4378 cultus
397 4319 517 4396 speeies,
539 4327 611 4396 quot
624 4327 693 4378 sunt
706 4319 816 4398 speeies
830 4317 1018 4394 exoellentiae,
1033 4337 1107 4396 ques
1120 4317 1150 4374 in
1163 4316 1218 4375 hoo
1233 4336 1326 4393 ques·

116 4397 193 4456 fione
206 4406 268 4456 tres
282 4397 485 4458 eonstituunt:
512 4400 657 4475 Demeam,
681 4399 729 4460 oui
752 4397 907 4478 respondet
931 4395 1041 4475 speeie's
1062 4396 1165 4480 cultus,
1181 4413 1268 4469 quem
1284 4397 1325 4452 ta-

115 4477 199 4536 triam
221 4487 351 4555 vocent3
374 4479 551 4556 Humanam,
577 4499 642 4556 qum
665 4479 760 4556 posits
784 4479 882 4538 estin
902 4477 1102 4555 dignitatibus,
1117 4472 1281 4563 virtutibus,
1297 4482 1327 4533 et

115 4557 253 4633 grudibus
267 4557 359 4617 veriis
374 4557 533 4634 hominum,
548 4559 596 4618 oui
609 4559 764 4636 respondet
777 4561 866 4618 cutus
879 4557 973 4633 civilis,
995 4575 1047 4618 seu
1061 4554 1252 4612 observantie
1272 4551 1325 4609 hu·

114 4655 223 4714 mnuae3
251 4638 470 4714 Intermedr'avt,
491 4659 556 4716 qum
577 4659 615 4697 ex
636 4639 730 4716 gretie
743 4647 772 4698 et
786 4639 879 4716 glorie
892 4637 991 4711 oritur,
1006 4634 1054 4694 eui
1073 4627 1229 4704 respondet
1241 4631 1327 4690 tertie

113 4717 223 4794 speeies
248 4717 358 4795 nultus,
383 4737 472 4795 quem
492 4718 601 4780 metm
622 4727 736 4794 vorent,
756 4737 821 4797 quse
842 4735 951 4790 rursus,
976 4713 1025 4774 vel
1048 4719 1093 4770 est
1107 4707 1240 4786 simplex,
1261 4729 1327 4788 ques
