3186 5210
280 336 338 391 rot
685 349 775 388 cocus
791 349 919 388 uncinus
935 348 1067 396 auratus.
1285 327 1403 408 [osser.
1416 348 1471 386 rur.

279 500 338 551 tate
360 498 471 550 tantum
487 497 638 561 ingenuas,
651 509 703 546 seu
725 487 857 546 effective
877 497 907 547 et
927 497 1143 566 consequenter,
1167 487 1215 546 vel
1237 489 1322 546 etiarn
1344 490 1469 565 praecipue

280 573 310 630 in
325 571 484 629 voluntate.
528 569 626 644 Atque
641 569 682 627 ita
706 568 824 644 quidam
848 587 947 626 omnes
971 569 1037 626 illos
1061 578 1143 627 actus
1163 568 1322 626 formaliter
1334 567 1468 627 includunt

280 652 310 709 in
326 651 390 725 fide,
407 651 457 707 alii
467 668 536 707 vero
551 648 691 725 quosdam
703 667 740 706 ex
751 648 810 706 illis
824 658 997 724 supponunt,
1014 648 1062 706 vel
1076 647 1209 706 inserunt.

321 731 381 788 111.
404 729 589 788 Communior
612 749 681 786 vero
704 736 733 786 et
757 728 853 786 verior
875 728 1017 786 sententia
1038 737 1097 786 tres
1111 728 1141 785 in
1166 728 1223 785 fide
1245 735 1328 786 actus
1342 727 1467 804 agnoscit,

283 811 420 884 notitiam,
435 829 587 883 aerenum,
596 809 743 888 fiduciam,
757 807 794 864 ad
809 827 882 885 quos
896 807 965 866 licet
975 827 1074 866 omnes
1088 808 1137 865 alii
1148 807 1232 866 facile
1243 807 1341 866 referri
1356 808 1468 884 possint,

281 899 378 948 tanren
386 901 419 948 ut
430 890 543 947 facilius
551 908 611 946 rem
623 897 713 945 totam
725 889 840 962 assequi
855 888 1007 964 possimus,
1023 887 1188 946 distinctius
1202 887 1239 946 de
1254 887 1314 945 illis
1327 887 1464 963 agendum.

582 967 640 1024 IV.
663 967 768 1040 Primo,
786 967 903 1043 Duplex
918 975 1000 1025 actus
1008 967 1075 1024 fidei
1087 967 1311 1044 distinguendus
1320 967 1404 1025 veuit.
1424 965 1468 1022 Al-

278 1029 478 1130 M‘ussefflfffiff
494 1033 520 1074 οι
539 1053 584 1104 ter
598 1047 726 1121 directus,
744 1047 829 1104 Alter
842 1049 971 1123 reflexus.
1013 1048 1146 1104 Directua
1159 1047 1376 1105 versaturcirca
1386 1045 1468 1122 objec-

538 1133 600 1182 tum
616 1126 710 1202 ipsum
724 1127 779 1203 ipsi
794 1126 931 1200 oblatum,
947 1129 1081 1201 Reiectus
1094 1146 1164 1185 vero
1179 1135 1337 1203 occupatur
1349 1125 1419 1184 eirca
1430 1144 1467 1181 ac·

284 1213 346 1262 trrm
360 1203 510 1262 directum.
534 1205 592 1264 Per
605 1216 700 1264 actum
715 1205 856 1264 directum
866 1206 952 1264 homo
964 1205 1055 1266 credit
1064 1207 1304 1283 promissionibus
1317 1203 1469 1281 Evangelii:

279 1285 335 1341 Per
349 1283 487 1342 reflexum
502 1305 571 1343 vero
585 1286 671 1344 homo
682 1285 768 1344 fidem
784 1305 865 1343 suam
875 1285 989 1344 intuens
1000 1285 1054 1344 scit
1065 1306 1095 1344 se
1107 1286 1232 1345 eredere.
1255 1287 1349 1344 Actus
1360 1285 1469 1342 directus

277 1363 421 1440 praeeedit,
439 1363 577 1423 Reflexus
592 1366 729 1442 sequitur,
746 1373 775 1423 et
788 1365 855 1423 talis
870 1365 955 1424 datur
969 1366 1043 1424 inter
1056 1375 1210 1442 utrumque
1233 1365 1430 1438 subordinatis,
1444 1371 1470 1420 ut

279 1443 522 1520 quemadmodum
536 1444 663 1503 directus
677 1453 742 1520 post
756 1464 787 1502 se
802 1445 890 1503 trabit
910 1445 1059 1519 reflexum,
1083 1445 1129 1503 Ita
1142 1443 1270 1504 reflexus
1285 1453 1419 1522 supponat
1430 1462 1470 1499 ue-

277 1525 401 1582 cessario
415 1524 547 1600 primum,
563 1544 616 1582 nec
630 1525 771 1582 illidetur
785 1525 866 1582 locus
880 1525 935 1582 nisi
950 1526 1006 1583 isto
1026 1527 1130 1602 posito,
1145 1545 1174 1584 v.
1190 1545 1219 1602 g.
1235 1545 1294 1583 non
1315 1533 1404 1602 potest
1416 1522 1470 1599 quis

278 1604 350 1662 scire
366 1623 396 1662 se
411 1603 535 1677 eredere,
551 1604 608 1662 nisi
618 1623 719 1662 revera
733 1605 839 1677 eredat,
854 1624 913 1662 non
926 1613 1022 1681 potest
1036 1605 1101 1682 quis
1125 1605 1273 1665 Christum
1297 1625 1349 1682 pro
1369 1623 1415 1662 suo
1428 1621 1470 1677 ag·

276 1704 402 1820 poscere,
419 1683 474 1741 nisi
490 1684 538 1760 qui
553 1684 644 1742 credit
658 1684 803 1742 Christum
818 1703 870 1760 pro
885 1685 1019 1743 omnibus
1033 1684 1217 1744 credentibus
1231 1693 1263 1744 et
1283 1683 1470 1764 paenitentibus

297 1773 385 1821 atum.

291 1883 338 1926 Sex
354 1887 425 1926 actus
441 1881 504 1926 fid„
581 1842 619 1901 V.
644 1843 778 1902 Secundo
793 1842 888 1901 Aetius
902 1853 998 1901 autem
1013 1843 1060 1901 isti
1075 1843 1143 1902 fidei
1164 1865 1222 1902 non
1247 1853 1315 1904 sunt
1337 1843 1417 1902 unius
1429 1859 1469 1916 ge·

231 1928 235 1936 '
306 1940 326 1986 1.
338 1943 419 1986 Actus
432 1941 494 1984 nou-
540 1923 625 1998 neris,
642 1923 693 1981 sed
707 1923 780 1980 varii
795 1932 824 1981 et
839 1923 1012 1999 multiplices
1026 1943 1077 2000 pro
1099 1924 1187 1982 variis
1212 1926 1277 2002 ejus
1300 1922 1468 2001 respectibus,

363 2001 419 2050 2¹³³?
539 2023 610 2078 quos
625 2003 663 2061 ad
676 2023 728 2060 sex
743 2022 896 2080 possumus
907 2003 1020 2077 referre,
1036 2004 1194 2080 exquibus
1214 2004 1343 2081 quinque
1362 2009 1423 2062 sunt
1435 1999 1468 2056 di·

274 2084 354 2157 recti,
370 2093 398 2141 et
414 2103 487 2141 unus
501 2083 636 2141 reflexus.
680 2083 794 2140 Primus
809 2091 854 2140 est
867 2083 953 2140 Actias
966 2084 1070 2140 notitias
1090 2103 1185 2141 rerum
1210 2085 1339 2142 omnium
1362 2103 1379 2140 a
1399 2079 1469 2138 nobis

274 2163 490 2237 credendarum,
507 2163 568 2220 sive
583 2183 648 2239 quae
663 2163 807 2220 miseriam
822 2172 949 2220 nostram
965 2171 1103 2239 spectant,
1120 2163 1182 2222 sive
1198 2163 1254 2221 Dei
1270 2163 1397 2240 gratiam.
1436 2159 1467 2216 tir

273 2244 350 2301 enirn
365 2243 473 2301 veritas
488 2251 531 2300 est
546 2242 690 2319 objectum
704 2242 781 2317 fidei,
798 2251 826 2300 et
840 2242 957 2318 quidem
971 2262 1029 2299 nou
1043 2243 1164 2320 qumvis,
1177 2243 1229 2302 sed
1240 2243 1341 2301 diviua
1351 2251 1468 2316 etsuper·

273 2322 414 2380 natrrralis
430 2320 531 2378 Verbo
547 2321 602 2377 Dei
618 2321 754 2396 revelata,
770 2322 965 2398 cognitionem
980 2332 1046 2380 ante
1060 2323 1157 2380 omnia
1170 2323 1300 2398 requirit,
1312 2343 1368 2400 qua
1381 2337 1467 2397 appre·

273 2400 433 2458 hendatur:
455 2419 513 2458 non
527 2400 613 2457 modo
628 2419 699 2474 eam,
715 2419 773 2476 qua
787 2402 895 2459 seimus
909 2421 1041 2479 quaenam
1057 2403 1115 2460 sint
1125 2402 1284 2478 credibilia,
1308 2413 1336 2461 et
1350 2421 1403 2478 qua
1415 2415 1467 2456 sen·

273 2499 336 2538 sum
349 2479 490 2537 literalem
504 2478 656 2536 verborum
683 2487 712 2536 et
736 2481 922 2538 terminorum
948 2483 1136 2558 assequimur,
1162 2502 1227 2558 quae
1251 2482 1418 2559 supponitur
1438 2474 1467 2533 ad

272 2559 367 2633 fidem,
383 2567 412 2617 et
425 2559 538 2635 privato
550 2559 690 2635 cujusque
705 2558 800 2616 studio
821 2559 922 2618 haberi
945 2569 1049 2637 potest,
1065 2563 1151 2620 etiam
1166 2561 1254 2620 abiis
1269 2562 1319 2638 qui
1342 2581 1397 2618 non
1418 2575 1467 2614 ere·

272 2639 361 2714 dunt;
383 2637 435 2697 sed
453 2640 540 2698 etiam
555 2657 627 2714 eam,
643 2658 701 2714 qua
724 2639 928 2714 cognoscimus
944 2641 1134 2715 divinitatem,
1159 2651 1188 2700 et
1203 2642 1355 2701 veritatem
1378 2635 1468 2698 infalli-

272 2720 360 2778 bilem
375 2739 469 2777 rerum
484 2717 699 2792 credendarum,
722 2738 786 2795 quae
811 2719 935 2795 primum
960 2729 1056 2779 aetum
1080 2721 1148 2779 fidei
1172 2721 1332 2798 constituit,
1356 2715 1469 2779 utinm
1539 2767 1540 2772 ,

274 2809 373 2858 contra
388 2799 556 2858 Pontificios
571 2799 747 2874 probabitur.

578 2879 633 2937 VI.
658 2877 808 2936 Secundus
823 2887 867 2937 est
882 2881 1017 2938 Ascensus
1031 2882 1202 2956 theoreticen,
1227 2899 1286 2958 quo
1309 2889 1342 2940 ut
1364 2895 1426 2936 vera
1446 2881 1468 2930 et

537 2957 636 3017 divina
650 2959 803 3034 recipimus
817 2978 882 3034 quae
897 2959 1098 3036 cognoscimus
1110 2983 1117 3035 ;
1140 2961 1190 3036 qui
1205 2970 1326 3019 vocatur
1340 2956 1467 3017 Ιώιονὶαιε

535 3059 593 3097 non
607 3039 643 3097 ab
658 3038 781 3115 objecto,
797 3038 876 3115 quod
891 3039 928 3097 sit
938 3048 1049 3098 tanturn
1072 3040 1265 3115 historiarum,
1290 3059 1343 3098 neo
1356 3058 1373 3096 a
1386 3051 1466 3102 causa,

275 3135 356 3173 sacro
371 3116 481 3175 scilicet
496 3118 652 3193 Historico,
668 3118 720 3176 sed
734 3138 751 3176 a
765 3120 855 3184 mode,
871 3138 928 3193 quo
943 3118 1053 3194 aliquid
1067 3120 1201 3178 creditur.
1246 3120 1289 3180 Ut
1303 3139 1370 3177 vcro
1384 3113 1466 3173 Phile·

275 3195 357 3271 sophi
372 3205 430 3253 tres
445 3197 552 3272 gradus
566 3198 749 3274 perfectionis
761 3197 791 3254 in
805 3217 924 3256 assensu
935 3197 1098 3272 observant,
1107 3200 1276 3275 fimrritatem
1292 3199 1405 3266 scilieet,
1418 3210 1466 3250 cer·

275 3275 427 3348 titudinem,
454 3287 479 3333 et
504 3279 685 3353 evidentiam
710 3277 854 3352 Firmitas,
871 3285 903 3335 ut
918 3278 955 3335 sit
979 3278 1040 3336 sine
1064 3278 1253 3354 haesitatione,
1281 3273 1430 3347 Certitudo,
1443 3275 1469 3360 ut

274 2939 296 2983 2.
312 2937 438 2984 Ascensus
449 2939 516 2984 theo·

346 2999 437 3042 reticus
449 3013 455 3050 ;

276 3361 353 3409 certo
368 3363 397 3410 et
411 3355 504 3412 solido
519 3357 627 3415 nitatur
647 3357 842 3431 fundamento,
866 3356 1029 3432 Evideutia,
1053 3367 1085 3416 ut
1108 3377 1166 3415 non
1189 3358 1299 3416 nitatur
1322 3355 1468 3416 testimomo
1535 3399 1536 3402 ,

275 3431 378 3503 alieno,
395 3432 445 3489 sed
460 3435 559 3492 velex
575 3456 661 3494 sensu
675 3436 722 3494 vel
738 3437 847 3494 ratione
863 3437 1007 3512 probetur,
1023 3437 1098 3495 utin
1113 3437 1250 3514 scientia;
1272 3437 1341 3496 fidei
1351 3445 1468 3494 assensus
1536 3453 1537 3494 ἐ

276 3509 363 3568 habet
377 3511 493 3585 quidem
508 3513 684 3588 firmitatem,
700 3523 729 3573 et
743 3515 953 3591 certitudimen,
969 3517 1038 3592 quia
1051 3516 1150 3575 Verbo
1175 3517 1274 3576 divino
1298 3526 1328 3576 et
1340 3505 1467 3572 infallibili
1536 3507 1537 3562 ἶ

276 3588 384 3662 nititur,
401 3590 453 3646 sed
476 3611 534 3648 non
559 3593 742 3668 evidentiam,
766 3595 835 3670 quia
858 3595 960 3654 nititur
984 3595 1156 3670 testimonio,
1181 3616 1240 3654 non
1264 3597 1380 3668 ratione,
1402 3583 1467 3666 q11⁰d
1536 3613 1537 3624 ²

275 3667 434 3743 Apostolus
455 3679 544 3746 notat,
569 3672 645 3731 Heb.
667 3673 709 3731 xi.
733 3676 758 3748 l,
781 3673 896 3749 quando
917 3674 988 3733 dicit
1008 3675 1093 3734 fidem
1125 3695 1188 3734 esse
1211 3685 1334 3732 tutum
1344 3682 1371 3733 et
1379 3681 1465 3737 tarrac·

275 3747 313 3805 ad
342 3747 506 3807 firmitatem
535 3759 564 3808 et
584 3752 785 3810 certitudinem
805 3753 868 3827 ejus
889 3753 1106 3830 designandam,
1129 3755 1180 3814 sed
1202 3759 1466 3822 eusotaaaraptmre-

275 3848 337 3886 rum
352 3847 416 3904 quae
431 3849 489 3887 non
503 3830 646 3904 videntur,
662 3831 700 3889 ad
713 3831 919 3890 inevidentiam
934 3834 1118 3893 innuendam.

272 3947 296 3991 3,
312 3949 437 3993 Assensus
452 3947 515 3993 mu-
577 3910 651 3970 VII.
673 3911 788 3970 Tertius
802 3921 883 3970 aetus
897 3922 942 3972 est
963 3916 1099 3973 Asseruus
1110 3913 1258 3993 fiducialis
1282 3922 1309 3971 et
1325 3906 1463 3989 aarum

303 4007 410 4052 cieuses
426 4010 513 4065 praetr-
536 4011 586 4050 seu
614 3991 761 4069 persuasio
784 3991 948 4052 intellectus
971 3995 1098 4072 practici,
1123 4014 1180 4070 qua
1206 3992 1394 4070 Evangeliunr
1417 3999 1463 4042 non

304 4079 366 4118 ⁰¹¹⁵?
533 4072 620 4130 modo
630 4092 730 4131 verum
745 4091 817 4148 esse,
834 4073 885 4131 sed
900 4075 986 4132 etiam
1000 4075 1107 4133 bonum
1116 4074 1289 4151 judicamus,
1311 4081 1341 4130 et
1361 4061 1463 4146 proinde

273 4169 370 4208 amore
381 4161 410 4208 et
425 4151 520 4209 studio
535 4161 635 4210 nostro
649 4153 860 4230 dignissimum,
876 4162 905 4212 et
918 4153 1122 4230 promissiones
1144 4153 1245 4230 gratiae
1266 4152 1302 4210 de
1315 4144 1464 4209 remissione

273 4238 455 4304 peccatorum
470 4239 499 4288 et
513 4233 605 4290 salute
620 4231 793 4291 conferenda
807 4233 940 4291 omnibus
954 4233 1137 4292 credentibus
1157 4241 1187 4292 et
1211 4228 1417 4309 penitentibus,
1430 4227 1463 4277 al·

273 4328 329 4384 que
344 4308 416 4367 adeo
432 4311 543 4368 etmihi
557 4311 581 4368 si
597 4312 754 4385 credidero,
770 4321 799 4370 et
813 4311 1011 4388 poeniteutiam
1023 4333 1118 4388 egero,
1134 4332 1197 4372 esse
1212 4310 1391 4370 certissimas·
1411 4300 1462 4374 0⁰⁰

272 4407 358 4446 sensu
373 4387 439 4445 fidei
454 4389 590 4448 tribuitur
604 4400 751 4465 «incoepta,
769 4391 808 4449 id.
818 4393 904 4469 plena
912 4393 1060 4468 persuasio
1075 4391 1110 4450 de
1127 4393 1182 4450 Dei
1196 4390 1324 4469 potentia
1337 4397 1366 4446 et
1376 4381 1463 4441 volun·

270 4476 330 4525 tate
345 4467 375 4524 in
390 4467 488 4526 Verbo
503 4469 587 4526 nobis
600 4470 751 4545 patefacta,
769 4471 852 4529 Rom.
868 4469 908 4528 iv.
924 4474 971 4546 21,
987 4472 1112 4548 metaph.
1127 4492 1145 4530 a
1158 4471 1292 4544 navibus,
1307 4487 1369 4545 quse
1382 4455 1460 4541 plenis
1531 4529 1532 4534 ἵ

272 4545 346 4602 velis
360 4546 390 4602 in
401 4556 515 4622 portum
530 4547 667 4606 feruntur.
710 4549 757 4606 Ita
772 4550 832 4608 Col.
858 4547 890 4607 ii.
905 4555 933 4624 2,
962 4552 1070 4610 mentio
1093 4552 1127 4610 fit
1154 4557 1303 4624 πληροφορίας
1316 4554 1410 4603 wilm*
1421 4551 1462 4614 per

270 4621 444 4698 hypallagen
459 4644 510 4700 pro
525 4633 629 4685 avutam
643 4637 868 4701 τιηηριφιμμίη,
878 4631 1062 4705 inteilipentioe
1078 4635 1169 4706 plane
1186 4647 1340 4707 persuasis,
1355 4631 1383 4682 et
1396 4613 1458 4679 llab.
