3146 5210
208 323 267 379 nst
609 330 700 371 rocus
714 330 845 371 unoruus
866 330 1011 379 ausurus.
1192 311 1333 395 [numan.
1349 331 1435 372 xrnr.

212 480 271 540 Scd
284 484 382 536 manet
396 493 509 551 semper
522 472 629 532 veritas
645 471 769 554 Cuionis
783 480 890 532 nostra
904 493 970 532 curn
991 473 1106 532 Christo
1130 473 1244 553 Capite,
1269 494 1326 551 pcr
1348 493 1435 551 quam

210 559 349 620 beneficia
364 555 452 614 semel
467 553 571 612 collata
584 552 614 610 in
636 559 774 611 aeteruum
785 563 1001 613 conservantur.

253 638 342 697 XIV.
366 636 448 694 Licet
463 634 594 692 Christus
608 653 666 710 qua
678 633 759 704 Alpes
770 653 834 692 oum
851 635 937 692 Patre
951 642 981 693 et
996 633 1106 711 Spiritu
1129 634 1239 693 Sancto
1249 653 1382 710 regnum
1393 654 1436 690 cs-

212 718 331 779 66611616
347 717 385 776 611
398 715 577 774 exerciturus
587 715 617 771 in
632 713 750 773 beatos:
773 713 838 771 Nou
847 714 943 773 obstat
957 715 1012 774 hoc
1026 723 1131 788 tamen,
1143 712 1304 790 quominus
1316 714 1435 772 615661-

213 810 305 880 tgmq
334 807 433 873 etqua
448 793 593 852 Mediator
606 794 636 851 in
650 794 729 870 ipsos
754 794 792 852 sit
805 803 996 871 regnaturum
1021 804 1055 854 ut
1068 813 1146 852 nunc
1168 813 1297 870 regnum
1322 803 1437 852 natura

213 879 293 958 quod
306 878 417 936 obtinet
430 875 461 932 in
475 874 591 948 mundo,
607 893 666 932 666
679 873 756 932 161111
770 893 893 950 ragnum
907 875 1008 951 gretia
1022 875 1053 932 iu
1067 874 1210 932 Ecclesia.

255 959 327 1017 XV.
350 956 432 1015 Nihil
446 955 542 1012 obstat
556 953 692 1030 Regnum
707 954 814 1012 Christi
828 954 887 1012 dici
901 955 996 1030 simul,
1012 963 1043 1014 et
1053 957 1207 1030 temporale
1230 961 1261 1012 et
1285 963 1435 1022 aternum,

217 1039 295 1097 Illud
309 1045 441 1114 respectu
455 1033 534 1091 modi
548 1033 704 1109 regiminis,
720 1033 770 1110 qui
784 1035 814 1092 iu
828 1035 883 1092 hac
897 1035 959 1093 vita
972 1034 1084 1095 obtinet
1097 1035 1172 1093 iuter
1186 1033 1336 1108 inimicos,
1352 1034 1437 1092 Istud

215 1119 328 1198 proprie
343 1126 372 1175 et
385 1135 436 1192 per
445 1133 484 1188 se,
500 1113 569 1190 quia
582 1114 679 1172 nullus
694 1115 757 1190 ejus
768 1114 881 1173 futurus
890 1122 935 1172 est
944 1115 1019 1184 finis,
1031 1115 1078 1172 val
1091 1114 1187 1191 quoad
1204 1115 1323 1190 Regem
1339 1115 1436 1191 ipsum

215 1200 263 1257 rel
277 1196 373 1275 quoad
389 1193 572 1271 Regnicolas,
595 1194 643 1251 rel
656 1193 753 1271 quoad
772 1195 928 1272 gloriosam
952 1195 1200 1272 gubernationem,
1218 1195 1298 1254 Dan.
1316 1195 1372 1252 vii.
1389 1198 1436 1268 14,

219 1280 289 1340 Luc.
304 1279 322 1336 i.
339 1280 387 1352 33,
411 1275 503 1352 Apoc.
519 1273 590 1347 xxi,
606 1281 636 1332 et
649 1275 722 1332 xxii.

652 1512 847 1587 QUAESTIO
869 1513 995 1573 XVIII.

384 1696 423 1734 nu
445 1693 637 1734 anonarroxu
653 1691 689 1730 sn
711 1693 808 1732 curru
829 1691 1272 1732 (661666666616661666166.

448 1836 494 1893 Aa
507 1834 634 1893 Christus
648 1855 705 1910 qna
720 1835 909 1892 rllediatorsr't
919 1835 1107 1892 adorandus!
1129 1833 1204 1891 Dist.

262 1996 286 2055 1.
310 1996 382 2054 Cum
417 1994 492 2052 inter
515 1993 627 2052 Effecta
651 2002 680 2052 et
708 1994 920 2070 Consequentia
946 1993 1070 2052 Unionis
1107 1991 1310 2069 Hypostaticae
1332 1994 1439 2070 reponi

221 2077 319 2150 solent,
342 2077 446 2132 Honor
466 2074 658 2148 Adorationis,
682 2082 711 2132 et
727 2074 828 2132 Cultus
850 2074 1008 2150 religionis,
1024 2073 1075 2150 qui
1089 2072 1204 2132 Christo
1218 2080 1358 2143 tradesq-
1371 2073 1437 2131 Mc·

220 2155 324 2215 diatori
338 2163 436 2212 nostro
450 2154 589 2229 debetur;
614 2155 658 2212 De
673 2173 707 2212 eo
721 2153 831 2212 moveri
853 2162 949 2231 potest
962 2153 1166 2228 controversia,
1182 2161 1211 2211 et
1225 2160 1305 2208 mota
1319 2162 1367 2211 cst
1382 2173 1437 2211 66-

221 2237 314 2307 tohee,
325 2253 383 2292 non
396 2234 487 2291 solum
498 2253 516 2290 a
529 2234 696 2307 Socinianis,
712 2235 761 2311 qui
774 2233 820 2292 vel
831 2243 940 2310 negant
951 2234 1097 2292 Christum
1107 2233 1284 2291 adorandum
1295 2251 1375 2308 esse,
1386 2235 1438 2291 rel

221 2335 258 2372 cx
273 2313 439 2371 adoratione
454 2320 483 2370 ct
505 2313 585 2371 cultu
604 2315 668 2390 ejus
682 2323 790 2390 negant
814 2315 1005 2372 Divinitstem
1019 2314 1084 2391 ejus
1103 2333 1189 2390 possa
1213 2311 1352 2390 probari:
1382 2314 1438 2372 sed

221 2393 307 2453 ctiam
321 2391 397 2448 inter
411 2391 604 2450 Crthodoxos.

524 2471 566 2526 II.
589 2470 776 2529 Occasionem
792 2473 951 2547 Quaestioni
974 2472 1124 2547 dederunt,
1140 2493 1199 2531 non
1216 2472 1303 2531 modo
1329 2469 1436 2530 Ponti·

481 2550 549 2623 licii,
564 2550 615 2625 qui
628 2550 664 2608 dc
680 2551 787 2610 Christi
800 2553 925 2612 hnmana
940 2561 1042 2613 natura
1056 2552 1202 2612 adoranda
1215 2552 1384 2630 disquirunt
1397 2553 1437 2611 ad

483 2651 511 2708 p.
527 2633 555 2690 3.
575 2630 648 2688 Tho.
673 2651 701 2708 q.
725 2635 773 2700 25,
795 2641 825 2691 61
850 2633 1007 2693 Lntherani
1045 2633 1237 2710 Ubiquitistae,
1258 2633 1309 2710 qui
1332 2631 1437 2711 dispu-

222 2723 285 2773 tant
296 2713 332 2772 (16
346 2710 512 2771 adoratione
523 2711 623 2769 Carnis
638 2711 754 2788 Christi,
770 2732 821 2772 666
842 2713 878 2771 (16
893 2714 1059 2773 adoratione
1074 2713 1181 2772 Christi
1195 2712 1355 2772 secundum
1382 2713 1437 2772 hu-

223 2815 338 2853 manam
352 2802 492 2868 naturam,
508 2800 537 2850 et
548 2811 605 2868 qua
619 2791 764 2851 Mediator
778 2802 839 2852 est:
855 2793 1007 2852 Eclrsrdus
1029 2794 1059 2850 in
1074 2793 1168 2852 Fasci.
1185 2795 1300 2852 Contra.
1316 2813 1341 2851 6
1359 2795 1390 2852 6.
1405 2813 1435 2870 q.

228 2879 274 2951 12,
318 2873 479 2932 Balduinua
507 2872 537 2930 iu
559 2873 624 2930 Cas.
661 2873 773 2932 Consci.
809 2873 839 2931 li.
875 2878 903 2948 2,
929 2895 954 2932 c.
990 2877 1017 2942 5,
1053 2882 1082 2931 et
1111 2874 1168 2946 alii,
1201 2873 1253 2932 sed
1287 2873 1436 2951 praecipue

226 2954 381 3014 Sociniani.
438 2954 510 3012 Cum
542 2952 618 3011 enim
643 2952 806 3012 Orthodoxi
840 2963 975 3011 ectcrnarn
1012 2953 1118 3012 Christi
1153 2953 1308 3028 Deitatem,
1339 2962 1370 3012 at
1405 2959 1435 3011 τὶ

225 3035 348 3112 &pulum
362 3034 482 3112 probare
498 3040 631 3110 satagant
645 3053 683 3092 cx
696 3034 804 3092 honore
819 3041 849 3092 61
863 3033 1029 3092 adoratione
1052 3033 1095 3092 illi
1110 3033 1226 3107 dabita;
1250 3033 1313 3107 Isti,
1330 3042 1364 3091 ut
1378 3035 1437 3092 hoc

224 3124 425 3194 argumentum
450 3113 577 3188 eludant,
601 3113 749 3190 excipiunt
780 3122 880 3172 contra
911 3114 1032 3190 Majoris
1061 3113 1302 3190 consequentiam,
1330 3111 1436 3172 distin-

225 3197 340 3273 guendo
361 3197 437 3252 inter
451 3195 560 3253 cultum
575 3201 604 3251 et
617 3194 821 3267 adorationem,
838 3213 902 3270 quae
927 3194 1063 3252 tribuitur
1084 3203 1191 3252 aeterno
1210 3193 1272 3252 Deo
1299 3193 1390 3270 Patri,
1404 3203 1438 3252 ut

226 3295 320 3333 censae
347 3275 455 3351 primae,
495 3283 525 3332 et
550 3274 625 3332 iuter
658 3293 729 3348 cnm,
759 3295 824 3350 quae
860 3273 995 3333 tribuitur
1033 3273 1148 3332 Christo
1186 3273 1343 3331 Mediatori
1376 3294 1436 3350 qna

237 2538 339 2584 Occasio
360 2534 447 2585 (16666-

294 2595 376 2640 tionis.

226 3355 286 3429 tali,
302 3354 342 3410 id.
356 3361 493 3428 tanquam
508 3373 601 3411 causae
625 3354 767 3428 secundae,
784 3354 894 3428 rnediae,
918 3363 947 3412 et
962 3353 1155 3412 subordinate
1169 3357 1297 3411 omnium
1321 3373 1433 3427 eorum,
1545 3407 1546 3410 ,

225 3453 290 3510 quae
304 3431 448 3508 pertinent
462 3430 499 3488 ad
522 3432 652 3504 salutem,
679 3453 742 3507 quae
766 3441 887 3510 utraque
902 3432 1039 3506 adoratio,
1055 3433 1154 3490 diviua
1175 3432 1292 3509 quidam
1307 3433 1353 3508 sit,
1373 3453 1435 3492 666

226 3522 322 3572 tamen
334 3529 453 3584 summa,
464 3510 515 3568 sed
524 3511 575 3568 illa
585 3517 705 3583 tentum,
722 3531 779 3569 non
794 3532 863 3571 vcro
878 3513 941 3588 ista,
954 3522 986 3573 ut
1001 3513 1133 3572 Christus
1146 3532 1205 3571 non
1219 3513 1257 3571 sit
1271 3532 1432 3589 agnoscen-

226 3591 281 3649 dus
294 3609 346 3666 pro
355 3589 458 3647 6111166
472 3588 528 3646 1166
543 3589 738 3649 adorationis:
756 3591 867 3651 061661.
879 3595 969 3652 Rasa.
982 3613 1044 3671 cap.
1059 3594 1077 3651 i.
1089 3615 1096 3668 ;
1112 3595 1204 3651 Soein.
1219 3592 1249 3650 in
1260 3612 1335 3669 resp.
1353 3597 1380 3651 l.
1395 3593 1434 3650 ad

227 3671 381 3731 Volanurn.
436 3667 521 3726 Unde
549 3677 749 3745 argumentum
782 3673 818 3731 ab
853 3673 924 3748 ipsis
957 3673 1164 3751 propositum:
1200 3673 1271 3747 Ques
1302 3673 1433 3732 adoratio

226 3750 363 3812 tribuitur
395 3747 509 3806 Christo
537 3767 594 3824 qne
629 3748 792 3826 Mediatori,
829 3753 885 3810 Illa
919 3772 976 3810 non
1011 3753 1149 3830 competit
1183 3753 1247 3811 Deo
1278 3772 1336 3829 qua
1369 3753 1432 3824 tali,

223 3833 273 3892 vel
284 3831 352 3909 quia
365 3829 432 3889 talis
447 3837 507 3906 ast;
524 3829 562 3887 Et
576 3847 627 3906 par
639 3848 819 3908 consequens
834 3853 890 3890 non
905 3833 1013 3891 evincit
1024 3834 1114 3909 ipsius
1129 3833 1273 3890 Dcitntcm
1288 3832 1335 3891 rel
1348 3831 1433 3908 1μό

226 3935 292 3972 ner:
304 3912 363 3972 Sed
377 3909 506 3969 adoratio
521 3909 635 3969 Christo
649 3911 785 3970 tribuitur
798 3933 856 3990 qua
871 3913 1026 3971 Mediatori
1039 3935 1046 3972 ε
1057 3914 1144 3990 Ergo,
1158 3910 1212 3970 dec.
1236 3912 1290 3970 Cui
1305 3913 1373 3988 quia
1387 3932 1431 3970 re·

227 4012 364 4070 sponsum
385 3991 439 4050 luit
459 3990 634 4049 auonnnllis
653 4011 704 4068 per
717 3994 899 4068 negationem
916 3993 1039 4051 Minoris
1054 4014 1061 4068 ;
1085 3993 1163 4051 llinc
1177 4001 1246 4050 nata
1259 3993 1381 4068 queastio
1395 3991 1432 4050 de

228 4073 406 4131 Adoratione
435 4071 541 4130 Christi
566 4072 816 4148 quelledietoris,
834 4073 910 4132 circa
923 4092 1010 4148 quam
1032 4073 1062 4130 in
1081 4081 1177 4150 partes
1198 4072 1270 4130 itum
1285 4081 1338 4148 est,
1368 4071 1432 4130 aliis

227 4152 442 4226 affirmantibus,
465 4152 530 4210 aliis
544 4153 805 4228 veroncgentihus.

268 4232 328 4290 III.
351 4231 434 4289 Licet
447 4250 516 4289 vero
531 4230 677 4290 latendum
700 4233 746 4307 sit,
762 4232 887 4310 seposita
900 4232 1097 4292 controversia
1113 4232 1266 4291 Socinisna
1279 4232 1316 4290 de
1331 4231 1430 4290 edora-

227 4312 305 4371 tione
321 4311 434 4370 Christo
449 4309 555 4386 debita,
571 4311 607 4369 (16
621 4330 679 4388 qua
693 4332 745 4370 666
758 4312 823 4370 1666
840 4312 958 4386 dictum,
975 4312 1169 4386 Quaestionem
1182 4312 1267 4386 hanc,
1281 4320 1369 4387 prout
1388 4311 1431 4368 in-

227 4402 272 4451 ter
286 4390 470 4451 Orthodoxos
482 4390 617 4466 agitatur,
635 4391 875 4450 Problematicam
889 4411 952 4450 esse
963 4401 993 4451 et
1003 4393 1098 4451 minus
1112 4391 1308 4469 principalem,
1324 4391 1361 4449 de
1375 4409 1434 4466 qus

226 4472 361 4548 utrinque
385 4470 644 4547 disputariopotest
658 4472 739 4529 selva
753 4469 821 4528 fidei
834 4489 982 4548 compago,
998 4472 1056 4530 imo
1067 4482 1096 4532 61
1110 4473 1230 4530 multum
1243 4469 1431 4548 lngomachiae

226 4551 377 4610 involvat:
400 4549 521 4625 alicujus
542 4559 638 4608 tamen
663 4549 800 4608 momenti
814 4569 886 4623 esse,
902 4559 967 4627 post
986 4550 1114 4611 detectas
1131 4551 1347 4610 Sociuianorum
1362 4549 1432 4608 insi·

227 4629 299 4703 dias,
315 4636 344 4687 et
358 4627 478 4702 quaesita
492 4627 613 4686 latibula
627 4630 657 4686 in
671 4628 855 4686 distinctione
870 4628 919 4688 illa
937 4630 974 4688 de
989 4632 1068 4690 cultu
1084 4631 1199 4706 Christi,
1215 4651 1272 4708 qua
1287 4629 1431 4688 Mediato-
