3150 5206
248 355 305 414 190
619 365 624 378 ·
688 371 780 412 noces
794 371 996 414 nuonsemus.
1250 353 1386 436 [onnes.
1401 374 1443 416 vr.

243 529 413 570 monumen
431 529 490 569 uno
505 507 674 588 sanguine,”
697 508 761 588 dea,
785 513 803 546 ‘⁴
817 519 850 571 ut
870 519 1039 589 quererent
1053 513 1156 588 Deum,
1179 513 1203 572 si
1224 513 1297 575 forte
1317 514 1445 592 palpent

244 611 310 650 ιιιιιι
325 596 354 649 ιι
367 589 546 665 inveniant,”
562 587 625 666 sc,
646 590 741 652 innuit
756 591 873 668 quidem
889 593 984 651 Deum
1001 593 1042 651 ita
1056 611 1087 652 se
1107 592 1277 670 patefecisse
1290 595 1322 652 in
1342 603 1447 654 natura

243 691 295 748 per
309 669 489 728 creationem
506 677 535 728 et
557 668 781 746 Providentiam,
805 677 834 729 ιι
854 672 1000 748 pervarie
1020 671 1167 746 beneficis,
1190 691 1255 750 quas
1278 673 1447 734 bominibus

243 748 365 810 subinde
376 747 516 825 indulget,
528 757 561 808 ut
575 748 726 808 debuerint
739 769 890 827 assurgere
900 750 938 810 ad
952 751 1146 828 quarendum,
1159 752 1198 812 id.
1209 751 1445 829 cognoscendum

243 837 273 888 et
286 827 439 887 colendum
452 829 600 886 authorem
616 847 708 888 suum.
753 829 812 890 Sed
823 849 883 888 non
895 838 992 907 potest
1005 828 1139 891 concludi
1152 851 1188 890 eo
1201 832 1367 892 oonsilioet
1386 831 1447 890 fine

244 911 339 967 Deum
353 907 408 965 hoc
421 916 566 985 prestere,
581 917 614 967 ut
626 909 758 966 homines
772 908 866 986 ipsum
880 918 1011 986 quaerant
1024 910 1195 985 salutariter,
1211 910 1243 969 id
1255 920 1308 986 ιιι,
1325 911 1364 970 ed
1377 931 1444 976 eum

169 1001 174 1014 ·
243 987 420 1064 confligium,
447 996 477 1045 et
498 987 620 1062 gratiam
642 988 706 1066 ejus
730 996 876 1065 expetant.
920 992 946 1048 1.
962 989 1036 1064 Quia
1057 989 1206 1067 inquisitio
1229 990 1286 1050 ista
1310 991 1445 1068 supponit

242 1068 330 1126 fidem
343 1067 374 1124 in
387 1067 559 1143 requirente,
576 1067 653 1126 Hel).
668 1069 708 1126 xi.
724 1069 751 1142 6,
774 1087 837 1143 quoe
858 1087 917 1127 non
938 1068 1023 1128 datur
1043 1077 1126 1128 extra
1147 1069 1286 1144 Verbum,
1313 1069 1398 1130 Rom.
1413 1091 1442 1128 x.

244 1151 291 1206 17.
333 1151 361 1204 2.
377 1146 486 1222 Agitur
499 1146 546 1204 bic
560 1145 660 1204 detali
673 1147 866 1223 inquisitione,
878 1166 944 1223 quae
956 1147 1019 1206 fieri
1029 1155 1125 1225 potest
1138 1151 1222 1224 quari
1228 1151 1387 1225 palpanda
1402 1149 1442 1208 id

242 1225 273 1285 in
286 1225 390 1284 mediis
403 1225 537 1300 tenebris,
554 1225 632 1302 quod
645 1245 703 1285 non
713 1233 809 1303 potest
823 1227 880 1285 dici
894 1227 930 1286 de
944 1247 986 1302 ea,
1002 1247 1066 1304 quae
1087 1228 1128 1300 fit,
1144 1228 1191 1287 vel
1212 1228 1394 1288 invocatione
1415 1238 1445 1286 et

241 1306 383 1384 precibus,
399 1305 447 1362 vel
470 1304 565 1364 studio
590 1313 688 1364 sancte
709 1313 844 1381 reeteque
858 1306 986 1380 vivendi,
1009 1327 1074 1384 quoe
1098 1307 1132 1366 fit
1155 1308 1209 1366 sub
1233 1308 1298 1366 luae
1321 1307 1391 1366 iidei
1411 1317 1442 1366 et

241 1383 334 1443 Verbi
347 1382 448 1442 divini.
489 1387 517 1442 3.
533 1383 642 1442 Paulus
656 1385 854 1443 accommodat
867 1404 1027 1445 sermonem
1042 1405 1126 1444 suum
1139 1386 1175 1445 iis
1189 1403 1263 1462 quos
1276 1387 1441 1463 alloquitur,

242 1463 426 1540 Philosophia
440 1464 550 1522 seilicet
564 1463 737 1536 Gentilibus,
756 1463 871 1538 Stoicis,
887 1472 916 1524 et
937 1465 1105 1541 Epicureis,
1127 1485 1247 1541 quorum
1269 1465 1444 1542 quaestiones

240 1543 441 1620 utplurimum
456 1550 537 1601 erant
551 1542 587 1601 de
602 1543 658 1602 Dei
680 1543 842 1618 existentia,
867 1551 896 1602 ιι
917 1544 1109 1620 providentia,
1132 1564 1185 1604 nec
1207 1545 1283 1604 ultra
1305 1545 1443 1622 procede-

240 1623 320 1682 bant.
363 1621 496 1681 Ostendit
509 1641 579 1698 ergo
593 1631 637 1681 tot
651 1633 749 1681 extare
764 1622 936 1682 documenta
949 1624 1112 1682 existentiae
1127 1632 1157 1682 et
1170 1624 1360 1700 providentie
1375 1625 1440 1696 Dei,

239 1711 271 1762 ut
285 1702 396 1779 palpari
409 1721 427 1759 a
441 1702 525 1760 emole
535 1721 654 1778 quoque
673 1703 782 1778 possit;
804 1721 859 1760 neo
879 1703 1003 1780 amplius
1023 1703 1082 1762 illis
1095 1703 1143 1762 vel
1163 1703 1233 1780 fato,
1248 1704 1296 1764 vel
1317 1703 1440 1763 fortuna

239 1782 385 1840 heredum
400 1799 471 1856 esse,
488 1780 539 1840 sed
553 1780 590 1838 ad
605 1781 700 1840 Deum
714 1781 808 1840 solum
827 1783 1038 1859 respiciendum
1052 1783 1216 1842 Creatorem
1237 1793 1266 1844 et
1281 1784 1440 1844 Conserva-

237 1869 329 1920 torem
355 1859 469 1919 Mundi.
519 1863 548 1917 4.
571 1859 731 1936 Apostolus
751 1869 845 1934 vocat,
868 1882 896 1920 v.
919 1865 966 1934 30,
992 1862 1072 1920 illam
1096 1861 1349 1940 dispensationem,
1364 1881 1440 1940 resp.

238 1941 407 2014 Gentilium,
433 1948 539 2014 tempus
560 1940 733 2015 ignorantiae,
759 1940 838 2016 quod
859 1942 979 2018 opponit
1002 1948 1130 2000 externas
1153 1941 1323 2002 revelationi
1338 1943 1439 2016 Verbi,

237 2040 302 2097 ques
316 2019 348 2077 fit
362 2020 392 2076 in
407 2019 491 2075 Novo
506 2017 698 2092 Testamento,
715 2038 772 2094 qua
786 2018 940 2078 denunciet
954 2020 1087 2079 omnibus
1108 2029 1140 2079 ut
1160 2021 1338 2098 resipiscant,
1361 2021 1440 2098 quod

236 2099 295 2157 diei
309 2118 366 2156 non
380 2096 529 2174 potuisset,
546 2096 571 2154 ei
585 2097 773 2156 sufficientem
786 2098 991 2157 revelationem
1005 2099 1044 2158 ad
1063 2099 1186 2161 salutem
1204 2099 1276 2177 ipsis
1290 2101 1438 2160 exhibuis-

204 2247 206 2250 .
237 2185 290 2236 set.
333 2177 394 2233 Nec
409 2175 433 2232 si
453 2174 531 2248 dicit,
553 2177 648 2233 Deam
668 2195 741 2233 nanc
761 2176 885 2234 omnibns
905 2180 1074 2237 denunciare
1094 2181 1243 2255 utrobique
1262 2180 1436 2255 resipiscant,

237 2256 367 2331 sequitur
391 2254 580 2311 Vocetionem
606 2254 659 2313 sub
685 2254 769 2312 Novo
793 2255 977 2314 Testamento
1002 2276 1065 2316 csse
1089 2259 1282 2318 universalem
1306 2268 1440 2335 respectu

237 2332 365 2392 omnium
379 2341 409 2390 et
423 2331 618 2407 singulorum
641 2352 699 2390 non
713 2332 806 2408 magis
820 2353 915 2410 quam,
932 2335 1042 2394 Coloss.
1056 2337 1076 2394 i.
1092 2341 1139 2410 23,
1155 2357 1244 2413 quum
1266 2333 1376 2398 Paulus
1396 2339 1437 2398 ait

238 2415 256 2447 “
272 2410 466 2486 Evangelium
480 2409 665 2486 predicatum
680 2411 768 2470 fuisso
782 2413 861 2470 omni
874 2422 1011 2473 creature
1025 2415 1080 2474 sub
1093 2416 1197 2490 coelo,''
1212 2425 1308 2492 potest
1328 2417 1435 2493 colligi,

233 2494 295 2568 jam
310 2497 371 2548 tum
385 2488 518 2548 omnibus
532 2497 562 2548 et
576 2489 698 2566 singulis
720 2492 912 2568 Evangelium
932 2501 1060 2570 tempore
1083 2495 1166 2553 Pauli
1191 2495 1279 2554 luisse
1299 2495 1435 2572 praedica-

237 2581 308 2628 ιιιιιι.
352 2567 401 2626 Sic
414 2587 484 2644 ergo
498 2576 613 2627 notatur
627 2577 738 2628 tentum
758 2572 931 2646 generalitas
946 2573 1115 2632 Vocationie
1135 2574 1174 2632 ad
1194 2593 1294 2632 omnes
1314 2575 1436 2651 populos

237 2658 266 2706 ct
280 2666 417 2726 personas
435 2646 692 2722 indiscriminatim,
709 2649 839 2727 opposite
853 2650 891 2708 ad
905 2652 999 2710 Vetus
1012 2651 1237 2727 Testamentum,
1260 2654 1314 2712 sub
1328 2672 1387 2730 quo
1400 2653 1437 2712 ad

236 2728 351 2786 unicam
365 2733 480 2804 gentem
495 2727 730 2804 restringebatur.

277 2806 403 2864 XXVI.
426 2805 504 2864 Loca
526 2807 619 2881 Pauli,
644 2807 728 2866 Rom.
743 2808 761 2866 i.
780 2810 825 2882 19,
841 2812 889 2884 20,
914 2817 944 2868 et
958 2829 1019 2886 cap.
1034 2809 1064 2867 ii.
1079 2813 1107 2883 4,
1132 2829 1198 2887 quae
1219 2811 1266 2870 hic
1287 2819 1433 2887 urgentur,

236 2906 359 2946 excussa
373 2893 440 2944 sunt
455 2885 487 2943 P.
508 2886 532 2943 I.
555 2885 607 2944 Lo.
620 2887 645 2944 I.
668 2887 701 2961 Q.
723 2891 750 2961 4,
773 2887 842 2945 Vid.
857 2889 943 2946 etiam
959 2888 1011 2946 Lo.
1026 2888 1082 2947 IV.
1096 2888 1133 2947 de
1159 2887 1296 2950 Praedest.
1326 2890 1360 2963 Q.
1388 2893 1432 2963 li,

236 2967 287 3025 ubi
302 2966 388 3024 varies
402 2964 580 3042 objectiones
594 2965 651 3024 huo
665 2967 841 3043 pertinentes
855 2967 956 3025 soluta
971 2976 1046 3026 sunt.

276 3044 418 3103 XXVII.
442 3043 550 3102 Foedus
572 3045 680 3105 Gratiae
695 3065 753 3104 non
767 3055 826 3104 tam
840 3046 897 3104 late
911 3053 1009 3122 patere
1023 3045 1119 3121 debet,
1134 3066 1221 3123 quam
1235 3047 1330 3106 foedus
1344 3048 1432 3108 Natu·

235 3146 282 3200 ree,
305 3126 373 3183 licet
391 3123 530 3182 beneficia
551 3124 609 3182 sint
622 3124 804 3201 amplianda:
827 3124 901 3198 Quia
916 3125 1017 3184 Gratia
1027 3145 1094 3183 eum
1107 3125 1190 3203 lapsu
1203 3126 1291 3186 debet
1304 3127 1433 3199 conferri,

234 3225 293 3263 ιιοιι
307 3203 336 3260 in
350 3203 514 3276 aeterniora,
531 3202 614 3278 quasi
628 3205 747 3279 aequalis
761 3203 855 3261 forent
867 3203 1037 3278 latitudinis,
1052 3223 1110 3280 qno
1125 3225 1211 3264 sensu
1225 3224 1325 3264 omnes
1339 3225 1433 3266 serva-

234 3291 333 3341 rentur
346 3300 398 3356 per
411 3280 566 3353 Christum,
582 3289 724 3357 quotquot
737 3283 883 3358 perierunt
895 3301 947 3358 per
962 3282 1116 3358 Adamum,
1132 3284 1185 3343 sed
1198 3285 1228 3342 in
1242 3285 1392 3344 intemiorre
1405 3293 1433 3343 ct

234 3359 368 3430 efficacia,
384 3357 468 3415 etsie
482 3377 582 3416 verum
597 3367 650 3433 est,
665 3359 744 3434 quod
757 3361 808 3417 ubi
821 3360 980 3419 abundavit
992 3371 1150 3437 peccatum,
1166 3363 1208 3421 ibi
1221 3364 1431 3441 superabunda·

233 3439 278 3496 vit
288 3436 389 3514 gratia,
405 3435 473 3510 quia
486 3435 553 3511 plus
567 3443 611 3494 est
625 3455 713 3494 uuum
728 3456 851 3510 servare,
867 3457 953 3513 quam
968 3440 1046 3498 mille
1061 3441 1189 3518 perdere.

274 3511 434 3572 XXVIII.
459 3513 490 3570 Si
505 3512 602 3570 Adam
617 3514 646 3570 in
660 3514 767 3572 foedere
780 3523 890 3573 nature
910 3525 940 3574 et
953 3517 1079 3594 inlapsu
1094 3539 1193 3579 ornnes
1207 3521 1430 3597 repraesentavit,

233 3614 292 3652 non
307 3591 436 3667 sequitur
448 3590 479 3647 id
493 3590 555 3648 fieri
568 3592 675 3667 pariter
688 3593 718 3649 in
732 3593 912 3653 restitutione
926 3603 956 3654 et
968 3595 1076 3656 foedere
1090 3599 1200 3674 gretia.
1242 3600 1317 3674 Quia
1330 3599 1376 3656 vis
1389 3618 1431 3657 re·

234 3668 463 3750 presentationis
477 3669 603 3728 cessavit
616 3671 647 3727 in
660 3671 752 3747 lapsu,
775 3672 844 3730 dum
858 3672 983 3750 seipsum
998 3683 1027 3733 et
1041 3695 1109 3736 suos
1123 3685 1253 3754 posteros
1266 3677 1297 3734 in
1311 3677 1431 3736 exitium

233 3747 433 3828 precipitavit.
476 3745 562 3806 Unde
576 3767 633 3806 uon
648 3751 771 3810 sustinet
784 3751 907 3828 emplius
921 3773 1072 3828 porsonam
1095 3756 1250 3832 publicam,
1271 3755 1324 3816 sed
1337 3755 1430 3833 priva-

233 3840 301 3904 tam,
323 3825 407 3885 etita
427 3826 530 3884 initum
545 3835 589 3884 est
609 3827 702 3886 foedus
717 3849 782 3888 oum
795 3828 867 3906 ipso,
884 3840 913 3889 et
926 3833 1049 3908 posteris
1063 3835 1134 3910 ejus,
1150 3854 1208 3892 non
1222 3835 1365 3908 omnibus,
1380 3833 1430 3892 sod

1230 3993 1298 4052 ,ι
1344 3993 1431 4051 2..

396 4028 403 4043 .
726 4037 727 4042 ,
1133 4013 1150 4050 o

231 4067 409 4140 renicereales,
425 4064 493 4141 quia
507 4083 560 4122 nec
573 4063 604 4122 in
618 4065 685 4124 Vct.
697 4065 776 4124 'lest
788 4007 921 4125 §linibus
935 4067 1051 4126 suerunt
1064 4071 1262 4146 promulgate,
1278 4013 1365 4129 Dfflt.
1380 4070 1429 4128 vii.

232 4150 259 4220 7,
275 4147 303 4218 8,
329 4151 358 4202 ιι
373 4143 420 4201 Ps.
436 4143 534 4202 cxlvii.
553 4145 597 4216 19,
614 4147 661 4219 20,
686 4143 753 4202 Act.
769 4145 829 4202 xiv.
846 4148 892 4218 16,
918 4153 947 4204 et
961 4147 1032 4205 xvii.
1048 4149 1095 4206 30.
1140 4149 1199 4206 Nec
1213 4149 1431 4226 promulgantur

231 4226 261 4282 in
277 4224 361 4281 Novo
375 4222 462 4296 Test,
478 4241 544 4281 eum
558 4231 671 4282 constet
693 4223 887 4301 Evangelium
901 4225 1063 4284 successim
1082 4225 1269 4302 praedicatum
1282 4227 1380 4302 tirisse,
1402 4235 1430 4286 ct

232 4321 381 4380 superesse
405 4295 500 4359 adhue
514 4302 624 4360 Gentes
645 4301 784 4378 plurimas
802 4303 907 4379 quibus
923 4303 997 4362 illud
1019 4305 1194 4380 praeconium
1215 4325 1268 4364 neo
1285 4306 1363 4380 olim,
1378 4325 1430 4366 neo

230 4381 316 4440 bodie
331 4379 469 4456 contigit;
494 4379 551 4438 Sed
571 4387 684 4439 tautum
696 4384 846 4440 secundem
865 4383 941 4458 queit,
963 4390 993 4441 et
1006 4384 1129 4458 limitem,
1145 4403 1183 4442 ιιι
1196 4384 1302 4442 divinas
1317 4384 1430 4461 dispon-

230 4459 350 4520 sationis
364 4458 472 4534 duplici
482 4459 577 4533 modo,
592 4459 649 4518 alio
663 4469 783 4518 externo
796 4461 892 4536 quoad
906 4463 1106 4538 obligationem,
1128 4482 1193 4539 quae
1207 4462 1244 4524 ed
1255 4483 1363 4538 gerrem
1376 4464 1429 4522 sia-

229 4541 360 4614 gnloram
382 4537 547 4596 extenditur
568 4537 825 4615 indiscriminatim,
849 4539 916 4598 licet
940 4560 999 4598 non
1023 4541 1060 4598 ad
1074 4541 1188 4619 singula
1203 4561 1350 4618 generum,
1373 4542 1429 4600 alio

230 4617 342 4675 interno
357 4615 452 4692 quoad
474 4617 688 4691 applicationem
710 4625 739 4675 et
752 4617 887 4694 fructum,
908 4627 1040 4696 respectu
1066 4621 1185 4680 omnr'um
1209 4630 1236 4680 et
1256 4622 1430 4696 singulorum
