3150 5206
236 347 293 406 mr
689 363 781 404 nocua
795 361 996 404 uuonucruus,
1241 341 1371 424 [eumer.
1386 365 1439 406 ιιι.

235 513 326 566 totam
340 503 593 582 dispensationem,
608 522 673 581 quae
688 504 835 564 Christum
856 503 1011 562 antecessit
1031 502 1069 562 ab
1089 501 1152 580 ipso
1168 502 1295 562 hominis
1308 505 1393 582 lapsu
1413 517 1442 566 et

257 585 427 644 romissIone
441 585 485 642 illi
499 583 575 660 data,
590 588 608 643 2
625 585 689 644 Cor.
705 585 745 642 iii.
762 588 809 644 14.
853 584 940 643 Unde
954 583 1095 658 Christus,
1112 583 1189 642 Heb.
1210 585 1252 642 ix.
1269 587 1316 660 15,
1342 586 1447 646 dicitur

236 605 383 722 IIediator
405 667 423 698 ‘²
437 665 611 726 constitutus
625 664 663 722 cd
677 665 871 743 expiationem
885 662 1147 740 transgressionum
1158 663 1316 740 quaefactae
1330 665 1446 724 fuerunt

236 745 291 807 sub
305 745 393 822 priori
407 745 516 818 Test.,’'
541 763 599 803 nou
612 745 713 822 utique
727 753 839 804 tautum
854 745 908 804 sub
923 743 1011 820 Lege,
1037 743 1089 802 sed
1108 743 1170 821 jam
1184 743 1221 802 ab
1235 743 1319 804 initio
1333 745 1444 820 mundi,

236 833 266 883 et
280 845 306 884 c.
320 824 381 885 viii.
399 826 445 900 13,
461 825 500 882 V.
515 825 548 884 Τ.
564 834 685 884 vocabu
698 824 837 902 quiequid
850 823 1057 900 antiquandum
1083 832 1136 898 est,
1161 842 1220 882 non
1242 824 1329 882 modo
1352 825 1444 884 Caere-

235 905 340 963 monise
355 925 372 962 a
387 905 471 964 Mose
484 904 577 982 primo
591 906 667 980 latae,
683 903 735 964 sed
751 903 898 964 Sacrificio.
912 911 941 961 et
956 902 1152 979 Circumcisio,
1168 923 1233 980 quse
1246 913 1314 962 ante
1336 903 1443 982 Legem

235 985 372 1062 scriptam
383 985 445 1063 jam
459 984 637 1044 obtinebant.

278 1064 369 1123 VIII.
392 1065 454 1124 Nee
469 1064 494 1124 ei
507 1065 675 1124 ceconomiae
690 1065 830 1123 Mosaicae
850 1061 989 1141 peculiari
1009 1062 1120 1122 ratione
1133 1061 1228 1140 pactio
1243 1063 1360 1122 Veteris
1375 1065 1442 1124 Tes-

237 1145 358 1203 tamenti
372 1145 540 1204 attribuitur
560 1143 725 1220 aliquando,
747 1145 876 1221 sequitur
898 1144 992 1202 Vetus
1006 1143 1223 1202 Testamentum
1237 1151 1307 1202 tunc
1328 1143 1441 1204 demum

236 1223 403 1284 inchoatum
418 1224 525 1300 fuisse;
549 1224 691 1301 siquidem
712 1224 814 1284 eadem
835 1223 952 1300 Religio
965 1222 1119 1300 utrobique
1134 1223 1268 1297 obtinuit,
1290 1231 1320 1284 et
1333 1233 1400 1286 aute
1414 1235 1442 1284 et
1551 1231 1552 1250 ¹

235 1311 303 1380 post
317 1304 435 1381 Legem,
463 1304 618 1378 Sacrifieia,
643 1304 838 1378 Circumcisio,
860 1311 889 1361 et
902 1303 960 1362 alie
973 1302 1073 1379 multa,
1089 1323 1153 1379 quee
1168 1303 1262 1362 Vetus
1276 1301 1442 1364 Testamen-

235 1393 298 1444 tum
312 1384 509 1442 constituunt:
533 1382 592 1442 Sed
611 1384 667 1442 hoc
680 1383 713 1442 iit
726 1384 837 1442 ratione
851 1383 1016 1442 illustrioris
1037 1382 1271 1458 confirmationis,
1286 1384 1355 1460 quia
1375 1393 1442 1444 tune

236 1461 416 1524 confirmatio
430 1463 590 1540 priscorum
605 1462 691 1520 simul
705 1471 734 1521 et
748 1481 889 1521 novorum
903 1462 1011 1522 rituum
1024 1462 1056 1520 in
1079 1471 1186 1521 eertum
1210 1463 1363 1522 Sacrorum
1385 1464 1440 1522 for·

236 1561 313 1600 mam
328 1543 459 1619 accessit,
475 1550 504 1601 et
518 1541 653 1619 periodus
666 1542 717 1600 illa
731 1542 844 1601 solenni
858 1541 974 1601 foederis
988 1543 1183 1617 renovatione,
1206 1551 1235 1601 et
1249 1543 1348 1602 multis
1362 1544 1441 1602 eddi·

235 1623 371 1682 tamentis
398 1622 440 1682 itu
466 1622 521 1682 fuit
547 1621 730 1700 locupletata,
759 1631 793 1681 ut
812 1621 965 1699 perfectior
984 1622 1072 1699 longe
1093 1621 1187 1697 fuerit,
1210 1630 1239 1680 et
1259 1631 1442 1700 antegressas

236 1721 336 1762 omnes
349 1703 504 1764 absorbere
517 1702 600 1780 quasi
615 1702 770 1778 videretur,
785 1722 844 1780 qno
858 1721 945 1760 sensu
960 1701 1146 1762 circumcisio
1159 1722 1178 1760 a
1192 1701 1275 1760 blesa
1290 1702 1359 1761 dete
1372 1703 1442 1762 dici-

234 1791 290 1858 tur,
312 1783 421 1844 Johan.
436 1783 488 1843 vii.
502 1787 551 1859 22,
567 1804 631 1860 quae
646 1785 732 1861 longe
747 1793 814 1842 ante
836 1783 949 1840 Mosem
964 1780 1037 1856 fuit;
1063 1781 1111 1842 Sic
1126 1801 1201 1858 saepe
1215 1781 1247 1841 id
1259 1781 1323 1840 fieri
1337 1783 1441 1842 dicitnr

235 1861 266 1922 in
280 1863 434 1941 Scriptura,
449 1863 528 1942 quod
550 1873 706 1924 renovatur
729 1872 759 1922 et
782 1861 933 1921 illustriori
956 1861 1043 1921 modo
1057 1862 1234 1938 proponitur,
1258 1870 1293 1921 nt
1306 1872 1392 1922 antea
1404 1863 1442 1924 de

234 1961 312 2002 nevo
327 1943 449 2002 Foedere
463 1943 630 2002 novissimis
641 1943 744 2004 diebus
755 1941 908 2020 pungendo
923 1941 1041 2000 dictum.
1064 1941 1103 2000 Et
1116 1941 1184 1999 hinc
1199 1941 1282 2000 facile
1293 1943 1441 2020 explican-

235 2031 283 2082 tur
296 2022 369 2100 lcea,
385 2023 472 2082 Deut.
487 2043 516 2081 v.
532 2027 559 2096 2,
576 2025 603 2096 3,
619 2023 729 2082 Jerem.
741 2023 823 2080 xxxi.
834 2025 882 2096 32,
898 2022 964 2081 Gal.
979 2021 1018 2079 iv.
1031 2025 1079 2096 24,
1095 2021 1125 2079 in
1139 2021 1245 2098 quibus
1259 2021 1377 2081 foederis
1390 2043 1441 2082 seu

235 2102 414 2161 Testamenti
428 2101 535 2162 veteris
548 2101 662 2161 initium
676 2101 793 2160 videtur
806 2101 873 2158 duci
898 2121 915 2158 a
930 2101 1022 2176 Mose,
1047 2109 1077 2160 et
1091 2099 1198 2160 foedere
1212 2101 1249 2159 ab
1271 2102 1335 2178 ipso
1356 2113 1441 2179 pacto

234 2201 300 2240 cum
325 2182 467 2240 Israelitis
481 2181 511 2238 in
526 2181 637 2238 Horeb.
678 2180 753 2255 Quin
776 2180 817 2238 ibi
839 2199 898 2238 non
912 2180 1008 2257 agitur
1021 2181 1059 2239 de
1072 2201 1103 2240 re
1117 2180 1188 2257 ipse,
1205 2179 1257 2240 sed
1277 2190 1389 2241 tentum
1404 2183 1442 2242 de

235 2261 321 2318 modo
335 2261 386 2334 rei,
402 2279 460 2318 non
474 2268 507 2318 ut
520 2269 643 2336 negetur
655 2259 749 2318 Deum
761 2259 856 2318 fedus
870 2261 1014 2338 pepigisse
1029 2279 1095 2320 eum
1110 2259 1255 2336 Patribus,
1265 2259 1345 2338 quod
1355 2263 1442 2322 toties

234 2339 373 2400 asseritur
397 2339 475 2413 alibi,
503 2339 561 2398 imo
583 2339 722 2416 quicquid
748 2341 828 2398 Deus
842 2338 911 2400 feeit
925 2341 1036 2415 Isre'e'li,
1060 2339 1128 2398 fecit
1150 2360 1188 2398 ex
1202 2339 1309 2399 virtute
1323 2340 1442 2401 foederis

233 2438 299 2480 cum
311 2418 447 2478 Patribus
455 2418 528 2493 initi,
541 2419 636 2478 Exod.
651 2419 682 2478 ii.
696 2423 749 2496 ut;
774 2419 833 2478 Sed
847 2428 959 2478 tantum
969 2429 1003 2478 ut
1015 2421 1152 2478 innuatur
1165 2440 1200 2478 eo
1213 2420 1339 2479 modoet
1350 2421 1444 2482 forma

233 2497 362 2557 nondum
377 2498 484 2558 factum
498 2498 596 2574 fuisse,
618 2507 647 2558 et
662 2519 726 2558 eum
742 2499 793 2558 teli
807 2508 954 2576 apparatu,
973 2500 1146 2576 alloquendo
1161 2519 1211 2558 cos
1225 2520 1241 2558 e
1255 2501 1351 2559 medio
1366 2503 1441 2561 toni-

234 2587 331 2640 truum
342 2587 372 2638 et
385 2578 583 2656 fulgetrornm,
596 2578 692 2638 dendo
703 2579 775 2658 ipsis
789 2578 898 2657 Legem
907 2579 1024 2657 propria
1033 2599 1120 2638 runnu
1135 2599 1187 2638 sue
1201 2587 1358 2660 exaratum,
1374 2603 1439 2640 cum

232 2657 429 2724 additamento
443 2667 487 2719 tot
501 2659 617 2721 rituum.

274 2739 334 2800 IX.
357 2739 430 2800 Cum
452 2739 561 2800 Paulus
582 2741 630 2816 ait,
653 2741 730 2800 lIeb.
752 2741 792 2801 ix.
810 2743 856 2816 18,
873 2744 921 2816 20,
943 2741 1010 2800 Vct.
1034 2741 1113 2799 Test.
1135 2741 1272 2800 initiatum
1293 2761 1351 2800 esse
1379 2763 1442 2801 cunr

230 2822 373 2898 sanquine,
389 2841 448 2881 non
462 2821 526 2880 vrrlt
540 2821 637 2882 statIm
651 2822 793 2899 originem
814 2823 878 2900 ejus
892 2820 991 2890 referri
1005 2819 1120 2879 demum
1136 2821 1173 2878 ed
1187 2823 1390 2897 ιὶμαπκχυπιιι
1403 2821 1441 2879 de

232 2922 298 2978 qua,
316 2901 412 2963 Exod.
427 2901 509 2962 xxiv.
525 2903 552 2978 6,
579 2903 662 2979 quasi
684 2921 784 2962 recens
807 2901 901 2960 adhuc
920 2900 1015 2959 fuerit.
1058 2900 1140 2976 Quia,
1156 2901 1441 2979 praeterquamquod

230 2981 282 3042 ills
296 2982 473 3044 consecratio
487 2983 582 3060 potuit
598 2983 659 3061 jam
680 2983 743 3041 fieri
763 3002 815 3059 per
828 2982 1029 3056 ιίμιταχυπιιι
1051 2981 1080 3038 in
1095 2981 1242 3040 sacrificiis
1258 2981 1438 3041 Petriareha·

232 3083 296 3121 rum
311 3064 434 3139 faetam;
457 3063 482 3122 si
497 3063 534 3121 ad
558 3063 654 3121 Exod.
670 3063 751 3120 xxiv.
767 3061 914 3136 referetur,
937 3060 1050 3119 notabit
1070 3060 1218 3118 solennem
1232 3069 1344 3120 tautum
1359 3061 1440 3120 dedi-

232 3144 382 3220 cationem,
399 3163 457 3202 non
470 3143 592 3220 primam
606 3142 825 3216 institutionem,
837 3140 982 3219 quomodo
997 3139 1027 3198 id
1040 3159 1156 3218 quoque
1171 3139 1228 3198 dici
1241 3149 1337 3218 potest
1352 3142 1438 3216 ἔγκαι-

233 3223 344 3298 ιίζωιιω,
370 3222 449 3300 quod
471 3221 566 3282 denuo
589 3222 746 3280 solenniter
769 3221 926 3297 dedicetur,
950 3221 1019 3280 licet
1043 3239 1089 3278 res
1111 3219 1174 3296 ipss
1187 3220 1274 3296 longo
1289 3229 1356 3280 autc
1376 3222 1437 3298 jam

231 3302 368 3362 extiterit.
410 3303 544 3371 'umba
564 3321 634 3376 ergo
648 3309 770 3378 possunt
786 3301 822 3358 de
847 3301 950 3377 quevis
972 3299 1162 3375 dedicatione,
1177 3299 1239 3358 sive
1253 3301 1354 3376 prime,
1377 3301 1438 3358 sire

230 3379 398 3454 instaurata,
413 3379 546 3455 intelligi,
564 3382 578 3438 1
597 3381 710 3438 Maceh.
725 3379 764 3436 vi.
780 3387 809 3436 et
822 3379 863 3437 iv.
878 3383 925 3452 43,
941 3380 1049 3440 Johan.
1065 3399 1093 3437 x.
1109 3384 1157 3454 22,
1172 3389 1201 3438 et
1217 3379 1293 3438 Ileb.
1309 3401 1339 3438 x.
1355 3385 1403 3440 20.

273 3459 315 3518 Χ.
339 3459 371 3516 Si
385 3479 403 3515 e
416 3458 574 3534 Theologis
593 3457 687 3516 foedus
710 3457 819 3534 gratiae,
845 3457 924 3533 quod
948 3459 1002 3518 sub
1026 3459 1214 3536 promissione
1228 3458 1307 3518 nude
1322 3459 1438 3518 Adarno

230 3537 307 3598 facta
321 3537 529 3612 continebatur,
545 3537 689 3614 accepisse
704 3536 811 3596 dicitur
826 3537 907 3614 σχίσιν
917 3538 1011 3614 magis
1021 3538 1187 3598 foederelem
1198 3548 1327 3616 tempore
1342 3541 1436 3598 Abra-

230 3617 317 3692 hami,
333 3625 362 3674 et
377 3616 470 3676 Mosis
485 3625 612 3694 tempore
634 3617 828 3676 characterem
848 3617 1048 3694 perfectiorem
1063 3619 1298 3678 Testamentariae
1313 3618 1435 3697 disposi-

229 3696 326 3770 tionis,
351 3696 417 3756 Non
437 3695 503 3754 ideo
517 3695 558 3772 lit,
584 3705 617 3754 ut
638 3696 739 3755 Patres
753 3706 820 3754 ante
836 3697 944 3774 Legem
966 3697 1159 3756 excludantur
1172 3719 1189 3756 a
1203 3699 1320 3758 Veteris
1334 3699 1433 3758 Testa·

229 3777 320 3836 menti
338 3775 501 3854 complexu,
530 3777 578 3835 vel
607 3785 639 3838 ut
674 3777 742 3836 Vet.
771 3777 851 3836 Test.
880 3777 1071 3854 restringatur
1098 3787 1210 3837 tentum
1238 3779 1275 3836 ad
1309 3780 1437 3856 typicam

229 3857 448 3936 promissionem
463 3865 545 3915 terrae
561 3857 693 3932 (laneam
719 3856 777 3916 Sed
790 3865 823 3916 ut
837 3877 1007 3934 progressus
1021 3857 1207 3916 revelationis
1227 3857 1345 3918 foederis
1361 3859 1434 3919 Gru·

229 3940 277 4002 tie
291 3947 415 4012 notetur,
439 3945 467 3996 et
481 3937 648 3995 oeconomiae
669 3937 753 3996 istius
774 3936 896 3996 infantie
916 3946 945 3996 et
958 3937 1130 4012 rudimenta,
1153 3959 1217 4015 quse
1231 3935 1348 3997 fuerunt
1368 3949 1434 3997 unte

230 4008 348 4096 Legem,
372 4017 589 4094 distinguantur
613 4017 650 4074 ab
672 4017 735 4093 ejus
754 4015 918 4094 perfectiori
942 4017 1156 4076 constitutione.
1199 4017 1282 4075 Licet
1295 4037 1365 4076 vero
1380 4019 1434 4076 sub
1546 4083 1547 4090 ,

228 4096 298 4160 vet:
312 4099 391 4161 Test.
401 4098 432 4156 in
440 4097 563 4175 quadam
575 4097 638 4173 ejus
648 4097 767 4174 periodo
775 4097 930 4156 haeredites
944 4107 1027 4156 terrae
1043 4097 1159 4155 Censen
1174 4097 1242 4156 duta
1257 4097 1295 4156 sit
1309 4097 1432 4168 Israeli3

227 4180 284 4238 hoc
308 4198 365 4237 non
389 4177 516 4240 absolvit
538 4177 680 4254 integram
695 4177 733 4238 V.
749 4177 782 4235 T.
804 4185 944 4254 naturam,
971 4176 1049 4254 quod
1074 4177 1275 4253 complectitur
1296 4177 1434 4255 quiequid

228 4259 372 4338 Typicum
396 4267 425 4317 et
450 4257 655 4318 Caeremoniele
678 4255 732 4316 fuit
753 4257 784 4315 in
806 4256 1021 4336 dispensatione
1035 4257 1086 4314 ille
1104 4257 1167 4334 jem
1192 4257 1228 4320 ab
1249 4257 1313 4334 ipso
1334 4257 1434 4318 mundi

227 4339 357 4400 exordio.

227 4460 381 4506 Pnrneetns
396 4455 478 4502 Eccle-
540 4418 599 4478 XI.
623 4417 665 4478 Ut
679 4427 775 4478 autem
789 4417 825 4476 de
847 4417 955 4496 duplici
976 4417 1032 4475 ista
1053 4417 1212 4476 oeconomia
1231 4415 1362 4476 dicamus
1376 4417 1433 4476 dis-

257 4517 301 4562 siae
325 4519 356 4561 ab
381 4516 477 4563 Anemo
498 4498 595 4575 tincta,
613 4498 703 4572 Prior,
716 4519 780 4575 quae
795 4506 840 4558 est
850 4497 967 4556 Veteris
981 4497 1168 4574 Testamenti,
1178 4497 1231 4556 sub
1246 4497 1339 4556 tribus
1355 4497 1433 4556 Peri-

256 4573 404 4620 adunentur
406 4589 470 4618 ”””””
492 4579 556 4636 odis
584 4598 634 4637 seu
670 4577 826 4637 Curriculis
861 4575 984 4654 spectari
1018 4585 1131 4652 potest:
1174 4575 1223 4634 Ab
1255 4577 1371 4636 Adcmo
1397 4576 1435 4634 nd

228 4659 443 4733 Abralrcmum3
467 4659 503 4718 ab
528 4657 694 4718 Abrahamo
715 4659 752 4719 nd
768 4660 897 4730 Mesem3
923 4656 1038 4716 ellIose
1053 4655 1090 4716 ad
1105 4655 1260 4716 Christum.
1303 4655 1434 4716 Primum
