3192 5206
258 353 318 412 364
640 371 731 413 noous
745 373 874 415 nncrnus
888 371 1031 422 suenrus.
1281 351 1408 430 [eumer.
1422 370 1468 411 rx.

259 513 308 585 25,
331 511 380 588 qui
403 511 523 588 exponit
544 512 698 588 peredere
717 533 829 592 penem,
850 523 880 572 et
901 513 1000 571 bibere
1027 511 1171 590 poculum,
1201 510 1467 589 “Quotiescunque

257 591 377 648 ederitis
391 610 494 667 penem
505 592 590 664 hunc,
606 601 635 651 et
649 593 779 652 biberitis
793 594 848 651 hoc
870 593 1014 670 poculum,
1030 591 1242 650 annunciabitis
1256 599 1378 650 mortem
1404 592 1467 650 Do-

259 670 339 744 mini,
355 667 429 727 &c.'’
474 671 558 730 Unde
574 671 710 730 Bellarm.
724 672 775 734 lib.
791 675 819 730 4.
835 672 871 730 de
886 673 977 731 Euch.
993 691 1055 749 cap.
1077 674 1133 747 16,
1156 671 1287 748 agnoseit
1307 671 1364 730 hoc
1386 691 1466 729 com-

258 769 344 807 mune
373 769 435 808 esse
458 751 590 809 omnibus
619 751 797 810 Christianis.
861 751 973 810 Deinde
994 751 1155 810 inauditum
1180 759 1224 809 est
1244 750 1345 809 eedem
1373 751 1467 808 verba

260 829 373 887 duobus
388 829 519 905 diversis,
535 839 565 890 et
578 851 595 888 s
609 851 640 889 se
654 831 739 889 valde
754 831 893 908 separatis
914 830 1101 890 sacramentis
1114 830 1254 888 inservire
1267 849 1362 907 posse,
1385 830 1467 906 quod

257 907 306 966 hic
320 908 408 983 fieret,
424 909 558 972 nimirum
577 910 614 968 ed
634 910 832 984 Eucharistiae,
848 920 877 968 et
904 909 1057 970 sacerdotii
1070 910 1289 970 institutionem.
1318 913 1346 968 3.
1363 909 1466 969 Gratis

258 989 430 1064 supponitur
438 993 466 1046 ri
472 993 582 1064 secere,
604 990 651 1048 hic
662 991 731 1067 poni
744 1010 797 1067 pro
807 992 977 1069 scmficare,
993 1009 1051 1066 quo
1065 989 1138 1046 nihil
1153 989 1274 1047 alienius
1288 1009 1353 1047 esse
1367 998 1466 1066 potest

258 1087 276 1124 e
290 1077 385 1126 mente
400 1069 515 1144 Christi,
531 1070 581 1145 qui
600 1070 647 1127 bic
669 1089 722 1128 nec
735 1070 827 1128 ullum
849 1069 1029 1128 sacrificandi
1047 1069 1134 1128 ritum
1159 1067 1329 1127 observasse
1352 1068 1465 1145 legitur

258 1167 311 1204 nec
325 1147 477 1225 Apostolis
498 1149 558 1207 suis
571 1149 750 1227 praecepisse,
764 1157 798 1207 nt
812 1169 864 1208 suo
878 1150 943 1208 loco
957 1149 1049 1207 frisius
1063 1146 1239 1207 ostendetur.

560 1227 636 1287 XX.
658 1229 765 1302 Tertio,
789 1229 863 1302 Quis
877 1228 1070 1287 sacerdotium
1083 1228 1138 1286 hoc
1156 1228 1314 1286 secundum
1328 1226 1462 1285 ordinem

254 1291 732 1395 ³·Sl1¹¹1ff,{⁶¹,{'(}1¹1¹2¹,¹1¹3¹,¹²⁰0?Melchisedeci,
757 1309 793 1366 iis
814 1308 1026 1366 characteribus
1048 1316 1077 1366 et
1098 1307 1175 1365 notis
1201 1306 1364 1384 insignitur,
1394 1327 1462 1383 quae

286 1365 482 1465 rosecompeeoih
490 1423 496 1462 ;
517 1387 624 1444 nemini
638 1389 694 1446 nisi
710 1387 823 1445 Christo
838 1397 999 1465 competere
1015 1396 1156 1464 possunt;
1179 1386 1222 1446 Ut
1235 1385 1312 1463 quod
1323 1386 1460 1445 sacerdos

517 1466 556 1525 sit
569 1469 689 1526 vocatus
703 1477 732 1526 et
746 1467 920 1526 constitutus
934 1487 951 1525 e
965 1466 1020 1525 deo
1034 1486 1099 1525 cum
1120 1467 1289 1543 juramento,
1306 1465 1384 1524 Heb.
1407 1467 1459 1525 vii.

256 1549 303 1621 21,
320 1545 369 1624 qui
384 1566 442 1604 non
456 1565 528 1623 opus
542 1547 648 1604 habeat
669 1545 769 1605 offerre
783 1547 839 1623 pro'
858 1547 961 1624 seipso,
985 1545 1037 1604 sed
1050 1565 1102 1623 pro
1117 1546 1232 1624 populo,
1249 1545 1326 1604 Heb.
1340 1544 1392 1604 vii.
1408 1549 1457 1621 27,

254 1626 377 1702 quinon
392 1625 505 1702 saepius,
523 1626 573 1684 sed
588 1627 676 1685 semel
692 1634 813 1702 tentum,
829 1645 887 1684 non
901 1626 1027 1684 alienum
1042 1625 1220 1702 sanguinem,
1237 1624 1289 1683 sed
1307 1625 1458 1702 proprium

254 1705 356 1764 offerre
371 1706 510 1780 debuerit,
526 1705 564 1763 ad
578 1707 738 1765 tollendum
759 1715 918 1783 peccatum,
935 1706 1012 1764 Heb.
1035 1705 1075 1766 ix.
1101 1709 1149 1779 26,
1172 1705 1222 1782 qui
1244 1724 1295 1782 per
1307 1705 1456 1780 proprium

254 1786 423 1862 sanguinem
438 1794 545 1843 aeterne
558 1786 754 1863 redemptione
765 1794 880 1862 peracte
887 1786 918 1843 in
929 1786 1045 1844 coeleste
1056 1785 1212 1843 sacrarium
1223 1784 1322 1843 debuit
1331 1784 1455 1860 ingredi,

254 1863 331 1923 Heb.
348 1866 387 1924 ix.
406 1868 451 1939 12,
468 1865 561 1942 quiin
577 1874 714 1923 eeternum
730 1866 832 1924 vivens
854 1865 979 1941 perfecte
994 1873 1092 1941 posset
1106 1864 1220 1922 sei-vare
1235 1863 1404 1922 accedentes
1418 1863 1458 1922 ed

254 1943 349 2003 Deum
364 1964 415 2022 per
437 1945 540 2021 ipsum,
570 1945 646 2004 Heb.
669 1946 720 2003 vii.
747 1949 794 2020 25,
818 1945 941 2021 denique
963 1944 1012 2022 qui
1034 1943 1071 2001 ed
1092 1944 1154 2001 hoec
1176 1943 1273 2000 omnis
1290 1943 1457 2020 praestanda

251 2043 341 2100 purus
356 2033 440 2100 esset,
457 2024 633 2101 impollutus,
650 2034 820 2100 segregatus
834 2044 851 2081 a
865 2024 1072 2100 peccatoribus,
1089 2022 1166 2081 Heb.
1182 2023 1232 2081 vii.
1244 2025 1292 2082 26.

552 2103 646 2162 XXI.
670 2103 786 2178 Quarto,
803 2103 877 2177 Quis
902 2103 1069 2181 Apostolus,
1095 2103 1144 2178 qui
1172 2111 1231 2160 tem
1256 2101 1378 2160 sollicite
1393 2101 1457 2179 egit

250 2182 272 2227 4·
283 2181 349 2231 Quia
357 2182 450 2226 Paulus
461 2183 491 2251 <¹9
513 2183 548 2241 de
563 2182 764 2241 convenientia
777 2183 937 2241 Sacerdotii
951 2181 1205 2242 Melchisedecieni
1216 2190 1245 2240 et
1256 2181 1372 2256 Christi,
1388 2201 1455 2239 ver-

279 2254 321 2340 ξζ,
332 2253 382 2349 {²⁰¹¹
412 2240 491 2295 1οψ
513 2262 582 2319 bum
596 2263 707 2320 nullum
722 2262 790 2321 facit
804 2262 936 2321 sacrificii
960 2262 1043 2320 istius
1066 2261 1217 2335 incruenti,
1233 2279 1284 2319 seu
1298 2260 1455 2320 oblationis

512 2341 595 2416 panis
609 2350 638 2399 et
652 2341 721 2416 vini,
748 2342 778 2399 in
805 2361 863 2418 que
887 2343 1029 2419 prsecipue
1053 2341 1137 2399 sitam
1159 2361 1223 2400 esse
1237 2341 1340 2398 volunt
1367 2341 1456 2400 istem

249 2419 475 2494 similitudinem,
491 2419 570 2496 quod
583 2440 641 2478 non
659 2419 761 2479 fuisset
775 2422 941 2495 emissurus,
958 2421 1025 2478 siin
1041 2421 1141 2478 eadem
1155 2419 1257 2480 fuisset
1271 2439 1336 2478 cum
1352 2419 1454 2479 Ponti-

248 2500 322 2557 ficiis
337 2499 487 2557 sententia.
531 2499 591 2556 Nec
613 2500 660 2558 hic
675 2499 827 2558 dicendum
848 2520 914 2558 curn
929 2501 1105 2558 Bellermino
1118 2521 1125 2558 :
1139 2499 1261 2558 Velhoc
1275 2519 1333 2558 non
1347 2499 1453 2558 fecisse

247 2578 286 2637 ad
299 2579 477 2656 propositum
492 2578 636 2655 Apostoli,
652 2579 730 2656 quod
750 2589 812 2638 eret
836 2579 1036 2638 excellentiam
1061 2580 1220 2638 Sacerdotii
1236 2579 1343 2638 Christi
1357 2579 1452 2638 extol-

246 2659 306 2718 lere
322 2677 408 2736 supre
436 2659 615 2733 Leviticum3
643 2660 716 2718 Nam
745 2660 769 2718 si
798 2659 958 2736 Apostolus
985 2659 1154 2718 intendebat
1180 2658 1339 2718 Sacerdotii
1367 2659 1454 2718 istius

246 2739 370 2816 duplicis
385 2738 567 2798 collationem
582 2739 739 2812 instituere,
763 2741 812 2797 An
823 2739 916 2816 potuit
934 2740 983 2797 vel
1002 2738 1102 2799 debuit
1116 2738 1293 2816 potissimam
1308 2739 1372 2815 ejus
1385 2759 1451 2815 pur·

245 2828 304 2878 tem
333 2819 488 2878 omittere?
528 2819 586 2876 Vel
610 2820 778 2896 mysterium
804 2819 993 2877 Eucharistiae
1021 2819 1107 2878 altius
1134 2818 1232 2894 fuisse,
1255 2838 1341 2896 quem
1366 2827 1399 2877 ut
1412 2819 1452 2876 eb

246 2898 380 2957 Hebraeis
394 2899 501 2977 percipi
516 2907 621 2976 posset,
638 2900 715 2975 quod
731 2899 890 2976 Apostolus
902 2907 987 2956 vocat
1000 2895 1187 2978 longissimus,
1209 2899 1286 2957 Heb.
1301 2918 1351 2974 r.;
1374 2897 1403 2955 N
1404 2917 1450 2956 em

246 2980 270 3037 si
285 2980 347 3038 haec
362 2979 434 3037 ratio
449 2980 566 3052 valeret,
588 2979 662 3038 nihil
683 2979 782 3038 debuit
803 2979 898 3037 dicere
919 2979 955 3036 de
970 2988 1012 3037 tot
1026 2979 1091 3037 aliis
1104 2979 1250 3056 mysteriis
1277 2997 1335 3036 non
1353 2977 1451 3036 minus

246 3059 352 3133 arduis,
382 3060 440 3117 imo
466 3060 553 3136 longe
582 3059 789 3118 difficilioribus
816 3059 955 3136 mysterio
984 3058 1182 3134 Eucharistiae,
1198 3058 1280 3116 verbi
1294 3057 1396 3134 grstia,
1412 3058 1450 3116 de

247 3139 408 3198 Dirinitste
423 3139 538 3214 Christi,
564 3138 600 3197 de
621 3139 685 3216 ejus
697 3140 907 3214 Incarnstione,
933 3138 1088 3213 Sacrificio,
1104 3135 1158 3196 &c
1201 3137 1264 3196 lmo
1287 3138 1404 3214 capri.
1422 3142 1448 3213 1,

245 3227 369 3277 testetur
381 3218 548 3295 Apostolus,
563 3237 621 3275 non
635 3218 740 3277 debere
756 3220 896 3277 Hebraeos
914 3219 1024 3276 heerere
1037 3219 1067 3275 in
1091 3217 1261 3276 rudimentis
1277 3217 1448 3294 Religionis,

246 3297 298 3356 sed
312 3298 413 3356 relicto
425 3317 555 3356 sermone
569 3298 702 3374 principii
715 3299 832 3356 tendere
847 3297 882 3356 ad
898 3297 1110 3375 perfectionem.

548 3376 660 3433 XXII.
682 3376 798 3450 Quinto,
827 3377 901 3451 Quin
929 3377 969 3435 sic
997 3376 1193 3436 Sacerdotium
1219 3374 1396 3434 Aeronicum
1420 3385 1451 3435 ct

246 3453 268 3500 ⁵·
279 3452 489 3524 Quisnondin'ee·
510 3454 715 3512 Melchisedeci
736 3475 795 3513 non
819 3457 966 3514 differrent
979 3457 1034 3514 hac
1048 3457 1078 3514 iu
1092 3464 1181 3533 perte,
1193 3464 1227 3515 ut
1250 3464 1450 3534 proponuntur

266 3512 489 3618 ffiffi‘gg'ffl
509 3534 661 3591 tamenab
686 3533 837 3611 Apostolo,
861 3543 998 3610 tanquam
1020 3535 1225 3611 diversissime,
1252 3535 1394 3612 siquidem
1418 3535 1449 3593 in

267 3626 389 3672 ehieedect
399 3625 443 3671 hec
461 3629 486 3672 in
507 3612 558 3670 illo
573 3612 658 3670 etiem
671 3614 837 3672 occurrebat
852 3615 959 3673 oblatio
973 3616 1057 3694 penis
1071 3624 1099 3674 et
1113 3615 1182 3689 vini,
1199 3635 1236 3673 ex
1251 3615 1347 3673 Exod.
1362 3614 1447 3674 xxix.

266 3690 344 3742 parte.
508 3695 556 3765 24,
584 3691 654 3748 Lev.
670 3692 699 3750 ii.
714 3701 783 3766 toto,
800 3693 886 3751 Num.
906 3695 1009 3752 xxviii.
1026 3697 1053 3770 5,
1071 3698 1116 3768 12,
1138 3695 1188 3754 ubi
1212 3694 1373 3754 oblationes
1400 3693 1446 3752 Si·

507 3771 582 3828 milae
596 3771 807 3848 praecipiuntur,
824 3791 881 3830 non
895 3781 1007 3833 tantum
1025 3782 1058 3833 ut
1077 3793 1144 3851 pars
1168 3773 1300 3851 quaedam
1315 3773 1448 3832 sacrificii

245 3848 371 3924 alterius,
388 3850 434 3908 vel
449 3848 527 3909 illius
541 3849 763 3923 condimentum,
780 3854 975 3912 verumetiam
989 3861 1021 3913 ut
1035 3853 1143 3912 oblatio
1156 3874 1208 3931 per
1222 3873 1261 3928 se,
1277 3873 1314 3912 ex
1329 3854 1401 3911 Lev.
1415 3854 1446 3913 ii.

248 3934 273 4005 1,
290 3934 318 3988 2.
362 3931 424 3988 lmo
440 3929 732 3989 Melchisedecienum
755 3931 830 3990 infre
855 3933 1016 3991 Leviticum
1044 3934 1224 4011 abjiceretur,
1254 3933 1371 4010 siquod
1385 3933 1446 3992 illie

243 4019 354 4088 partem
377 4010 516 4084 sacrificii,
542 4011 589 4069 hic
614 4019 705 4069 toturn
730 4011 899 4070 sacrificium
925 4013 1082 4072 constituit.
1124 4014 1185 4072 Nec
1208 4014 1294 4090 juvat
1308 4032 1446 4090 reponere

246 4089 444 4150 Sacerdotium
460 4091 752 4150 Melchisedecienum
775 4091 803 4148 in
824 4113 858 4150 eo
872 4091 986 4150 differre
1001 4113 1018 4150 a
1033 4093 1174 4169 Levitico,
1191 4093 1275 4167 Quod
1289 4091 1367 4151 istud
1381 4093 1445 4169 qni·

242 4171 308 4229 dem
333 4171 426 4228 omnis
449 4171 562 4246 generis
587 4171 726 4229 sacrificia
750 4171 864 4230 offerret
885 4181 1003 4230 cruenta
1025 4180 1054 4231 et
1077 4173 1245 4249 incruents;
1268 4171 1347 4231 Illud
1375 4191 1445 4232 vero

242 4251 335 4308 solum
349 4250 538 4309 incruentum.
582 4252 655 4308 Nem
673 4260 784 4310 tantum
807 4251 897 4326 abest,
923 4259 955 4310 ut
969 4251 1029 4310 ulla
1052 4251 1119 4311 inde
1138 4252 1304 4329 praestantia
1325 4251 1446 4312 secedat

242 4329 513 4404 Melchisedeeiano,
528 4339 674 4389 utcontra
697 4331 859 4390 Leviticum
879 4332 964 4406 longe
985 4331 1175 4390 excellentius
1199 4351 1233 4390 eo
1248 4332 1310 4408 ipso
1325 4351 1443 4391 censen-

240 4410 308 4468 dum
324 4417 409 4467 esset.
452 4408 538 4468 Adde
559 4411 636 4488 quod
659 4411 789 4470 Christus
811 4411 852 4469 sic
866 4412 962 4489 potius
986 4411 1125 4470 dicendus
1153 4419 1230 4470 esset
1243 4411 1383 4470 Sacerdos
1398 4431 1442 4470 se·

239 4490 364 4548 cundum
387 4489 516 4548 ordinem
539 4488 673 4564 Aaronis,
699 4511 785 4568 quem
810 4491 1023 4565 Melchisedeci,
1053 4491 1195 4568 siquidem
1220 4501 1373 4568 utrumque
1386 4492 1442 4550 hoc

238 4589 325 4706 senssu
339 4577 369 4702 li
383 4577 532 4628 cruentum
546 4579 575 4628 et
585 4571 765 4630 incruentum
780 4571 893 4645 obtulit,
919 4579 1068 4630 cruentum
1092 4571 1122 4628 in
1138 4572 1237 4647 Cruce,
1260 4572 1441 4630 incruentum

237 4650 267 4706 in
310 4667 345 4705 uc
367 4647 473 4706 aristis.
