3108 5198
248 330 287 388 64
698 343 789 384 16616
804 341 983 383 1116611116.
1257 323 1384 405 [611161.
1403 347 1473 388 xrr.

246 493 335 546 tatem
350 483 560 559 dissimulandi,
575 504 660 563 posse
674 485 856 562 respondere,
879 502 910 541 se
927 501 985 540 non
1006 501 1070 540 esse
1087 481 1280 560 Sacerdotem,
1297 485 1473 547 dummodo

246 567 392 642 intelligat
406 585 437 623 ae
450 585 510 623 non
524 583 587 624 esse
603 563 788 623 Sacerdotem
803 562 911 634 Baalis,
927 570 1049 620 autnon
1064 581 1127 621 6666
1144 562 1338 642 Sacerdotem,
1354 575 1391 626 ut
1401 569 1471 627 boc

248 645 333 704 alteri
348 645 435 704 dicat.
1111 705 1117 712 ,

289 725 349 783 ΙΙΙ.
372 724 500 798 Quaestio
515 744 549 783 66
563 723 646 798 redit,
664 723 769 782 Utrum
783 721 981 798 AEquivocatio
1000 728 1030 780 61
1054 721 1238 798 amphibolia,
1261 743 1320 783 non
1344 725 1468 786 Rheto-

246 803 314 878 rica,
330 804 378 861 161
402 805 519 880 Logica,
546 823 584 862 ex
606 802 781 861 indifferenti
805 801 960 860 verborum
985 799 1204 878 significatione,
1228 811 1279 862 aut
1302 807 1466 865 sententiae

247 883 468 958 constructione,
484 892 535 942 611
549 883 828 941 circumstantiarum
843 881 1006 956 collatione,
1029 880 1081 940 sed
1101 883 1213 958 Elbt'ca,
1236 882 1274 940 ad
1293 884 1465 944 fallendum

247 963 414 1040 composita,
430 982 494 1039 quse
508 971 603 1021 mente
617 970 747 1020 reservat
763 961 964 1019 limitationem
978 960 1060 1020 nullo
1080 961 1256 1038 intelligibili
1277 962 1363 1022 modo
1385 985 1462 1042 pro-

247 1043 380 1120 positam,
395 1063 449 1101 166
463 1043 598 1119 utrinque
613 1041 791 1120 suppositam
806 1048 835 1100 61
854 1040 1094 1115 subintellectam,
1110 1040 1162 1099 sed
1176 1041 1213 1099 ab
1227 1051 1389 1102 66161111
1404 1047 1464 1122 qui

247 1121 376 1198 loquitur
389 1122 467 1180 intus
481 1130 665 1195 reservatam,
680 1122 776 1179 locum
790 1121 897 1178 babere
907 1119 1007 1197 possit,
1020 1120 1068 1178 vel
1082 1119 1112 1177 in
1126 1120 1148 1179 J
1150 1120 1253 1198 udicio,
1269 1122 1318 1197 vel
1331 1124 1362 1180 in
1377 1124 1463 1182 Con-

247 1200 380 1260 fessionia
395 1221 472 1276 casn,
487 1201 536 1259 vel
553 1202 583 1258 in
597 1200 742 1259 communi
762 1200 912 1258 hominum
932 1199 1085 1276 colloquio,
1107 1207 1137 1258 61
1157 1209 1277 1260 excuset
1297 1222 1315 1260 6
1335 1204 1462 1262 menda-

248 1281 302 1355 cio,
318 1281 386 1339 6161
406 1281 571 1359 juramento
588 1280 781 1356 confirmatur,
803 1299 821 1337 a
840 1277 992 1357 perjurio?
1012 1278 1167 1338 Affirmant
1188 1279 1368 1358 Adversarii,
1393 1283 1462 1343 Nos

249 1379 286 1418 ne
308 1379 398 1418 amus.

287 1379 344 1498 11.
367 1438 644 1516 AEquivocationum
659 1436 794 1514 Magistri
804 1437 866 1515 jam
880 1436 995 1496 1161111
1016 1437 1085 1495 olim
1099 1446 1212 1497 veteres
1234 1439 1393 1518 Haeretici,
1417 1442 1460 1502 ob

247 1538 297 1577 666
311 1518 433 1577 infames
446 1517 563 1577 fuerunt
576 1518 758 1592 Basrlidiucr‘,
773 1517 824 1592 qui
838 1516 998 1576 docuerunt
1011 1517 1098 1576 fidem
1119 1537 1182 1576 esse
1203 1518 1457 1597 dissimulandam,

247 1607 298 1657 aut
311 1599 438 1675 perjurio
452 1597 623 1676 negandam,
644 1606 677 1656 ut
700 1597 839 1675 martyria
861 1595 1066 1670 devitarentur,
1091 1597 1167 1656 Iren.
1191 1596 1243 1656 lib.
1268 1599 1287 1656 i.
1313 1619 1375 1677 cap.
1403 1605 1457 1678 23,

248 1677 356 1736 Euseb.
370 1677 421 1737 lib.
437 1678 476 1736 iv.
491 1678 558 1736 hist.
574 1697 636 1754 cap.
652 1681 669 1735 7
673 1720 680 1736 .
723 1674 805 1734 Idem
819 1683 949 1753 6661666
964 1677 1055 1735 secuti
1074 1685 1142 1735 eunt
1162 1677 1391 1755 Ptmcittt'auistoe,
1416 1680 1458 1740 de

246 1757 354 1835 quibus
369 1757 448 1834 Aug.
464 1756 500 1816 de
524 1758 626 1816 haeres.
642 1776 704 1833 666.
720 1759 767 1832 70,
783 1756 832 1831 611,
854 1763 971 1833 6166161
987 1756 1173 1815 occultandas
1195 1757 1458 1820 contaminationes

248 1846 277 1896 et
291 1837 484 1915 turpitudines
499 1857 575 1912 suas,
590 1837 696 1895 babere
708 1835 774 1894 illos
788 1836 819 1894 in
833 1835 893 1894 suis
907 1835 1091 1912 dogmatibus
1106 1836 1161 1894 ista
1171 1836 1268 1908 verba,
1282 1839 1369 1914 Jura,
1379 1859 1457 1914 per-

240 1919 322 1992 jura,
338 1926 473 1976 secretum
482 1920 609 1993 prodere
622 1917 698 1975 noli:
719 1916 797 1975 Nota
811 1915 897 1974 etiam
917 1923 962 1974 est
983 1913 1051 1973 Arii
1071 1917 1168 1989 666616,
1191 1937 1249 1993 qua
1270 1916 1457 1976 Constantini

249 1996 285 2055 de
299 1997 357 2054 fida
373 1997 492 2055 Nicaena
505 1997 592 2055 elusit
606 2015 736 2070 examen,
752 1995 829 2072 apud
848 1994 969 2072 Nicapb.
983 1994 1051 2053 hist.
1066 1995 1117 2054 lib.
1131 1995 1193 2054 viii.
1208 2015 1270 2074 cap.
1287 1999 1334 2057 51.
1359 1997 1454 2074 Supe-

247 2075 316 2134 riori
331 2076 428 2135 666116
442 2076 519 2134 idem
534 2075 641 2152 dogma
654 2075 736 2134 velut
749 2075 785 2132 ab
801 2093 868 2132 orco
882 2082 1055 2133 revocarunt
1068 2075 1090 2134 J
1092 2076 1191 2135 esuitae
1206 2076 1299 2134 omnis
1323 2077 1456 2154 perfidiae

247 2155 393 2232 Magistri.
436 2155 575 2228 Quamvis
590 2175 659 2212 vero
682 2153 755 2212 illud
769 2173 827 2211 non
846 2152 971 2212 libenter
993 2154 1045 2212 sed
1066 2175 1141 2232 pene
1163 2155 1248 2215 inviti
1270 2156 1301 2213 in
1323 2157 1455 2216 medium

246 2233 401 2311 proferant,
417 2241 446 2291 et
460 2234 535 2292 inter
556 2233 708 2292 Societatis
730 2253 789 2292 suae
809 2252 914 2291 arcana
933 2233 1067 2310 babeant,
1090 2243 1186 2294 tamen
1206 2235 1237 2293 in
1258 2235 1373 2313 scriptis
1394 2256 1456 2294 non

247 2312 439 2387 dissimulant,
455 2321 484 2371 et
497 2311 582 2372 factis
596 2311 667 2388 ipsis
686 2312 756 2370 satia
777 2312 972 2389 comprobant.
1016 2313 1125 2392 Aperte
1146 2316 1221 2373 hanc
1241 2323 1332 2374 artem
1353 2314 1454 2374 defen-

246 2390 320 2450 dunt
335 2393 445 2450 Toletus
460 2391 575 2450 Cardin.
589 2391 640 2450 lib.
655 2391 695 2450 iv.
711 2392 798 2450 Instr.
816 2390 950 2451 Sacerdo.
966 2414 991 2451 6.
1012 2397 1059 2468 21,
1075 2395 1183 2452 Suorez
1195 2402 1265 2454 tom.
1281 2395 1317 2454 de
1332 2394 1408 2454 virt.
1424 2405 1455 2456 et

247 2471 333 2532 Statu
348 2470 443 2548 Relig.
459 2479 494 2530 tr.
509 2475 537 2546 4,
553 2471 604 2530 lib.
624 2471 664 2529 iii.
686 2491 748 2548 cap.
773 2473 819 2545 10,
844 2474 891 2530 11.
943 2473 1055 2531 Larcius
1076 2473 1112 2531 de
1133 2474 1222 2533 Justi.
1244 2483 1274 2533 61
1294 2475 1369 2534 Jure
1388 2496 1453 2553 cap.

245 2550 329 2609 xlvii.
345 2549 413 2609 dub.
430 2553 457 2624 6,
473 2571 496 2609 6.
512 2553 559 2626 35,
575 2553 747 2609 Emmanuel
759 2552 801 2609 Sa
815 2551 845 2609 in
860 2551 971 2629 Aphor.
987 2552 1017 2610 in
1028 2572 1100 2612 voce
1113 2555 1313 2613 Juramaaum
1327 2562 1357 2614 et
1376 2576 1452 2614 men-

245 2631 365 2704 dacium,
381 2630 513 2706 Suucbeu,
529 2631 579 2690 lib.
594 2631 634 2690 iii.
652 2631 769 2689 Deculo.
785 2651 847 2708 cap.
863 2634 891 2705 6,
912 2633 1049 2707 Valentia,
1072 2633 1110 2691 ad
1129 2637 1157 2692 2.
1173 2638 1200 2711 2,
1216 2654 1245 2712 q.
1262 2637 1328 2709 110,
1351 2643 1381 2692 61
1401 2635 1453 2694 6111

245 2709 351 2787 611166,
367 2711 494 2785 1116νί66,
510 2712 704 2785 Maldonatua,
726 2711 891 2786 Parsom'ue,
914 2713 1231 2772 Eudaemon-Jobanaea
1253 2713 1283 2771 in
1304 2713 1455 2792 Apologia

245 2809 297 2866 pro
313 2789 449 2864 Garneto,
466 2789 516 2868 qui
530 2810 568 2849 ex
581 2791 711 2868 professo
726 2798 756 2849 et
769 2810 888 2883 operose
901 2791 977 2850 hanc
991 2811 1107 2850 causam
1121 2794 1191 2870 agit.
1234 2792 1346 2868 Quibus
1360 2795 1453 2852 omni-

246 2869 301 2928 bns
317 2869 385 2928 addi
399 2868 486 2928 debet
503 2870 645 2930 (laruatus
659 2869 729 2946 1666,
744 2889 796 2946 qur
809 2890 848 2929 ex
868 2870 952 2947 praxi
973 2877 1002 2929 et
1023 2871 1157 2949 apologia
1178 2891 1274 2932 coram
1294 2872 1454 2933 Judicibns

244 2949 320 3008 banc
334 2957 424 3008 artem
443 2950 585 3028 probavit,
601 2959 634 3009 11
649 2950 748 3009 videre
762 2959 807 3008 661
828 2951 859 3007 11
877 2950 950 3008 66116
974 2959 1075 3009 661116
1090 2951 1256 3012 Proditores
1270 2952 1453 3030 Anglicanos

244 3049 296 3106 per
311 3029 507 3089 Cambdenum
522 3030 617 3106 editis,
630 3039 659 3089 at
673 3030 703 3087 in
717 3027 866 3107 Apologia
880 3029 971 3106 Regis
985 3030 1007 3089 J
1008 3030 1090 3089 acobi
1105 3051 1156 3108 pro
1172 3033 1336 3109 juramento
1358 3032 1451 3092 fideli·

245 3109 333 3186 16116;
357 3111 396 3168 Et
410 3110 441 3167 hi
455 3129 555 3169 omnes
569 3130 607 3169 ex
628 3109 729 3169 ordine
743 3109 765 3168 J
766 3109 940 3186 ascitarum
964 3109 1036 3168 Cum
1054 3110 1159 3187 quibus
1173 3112 1282 3172 faciunt
1295 3113 1453 3172 Nouanus

246 3189 410 3262 Canonista,
427 3210 489 3265 666.
507 3193 553 3263 12,
569 3190 725 3248 Μ6116116.
737 3191 852 3248 Bouuea
866 3187 896 3246 in
911 3193 939 3246 2.
955 3193 982 3265 2,
998 3209 1027 3266 q.
1042 3193 1089 3265 62,
1105 3200 1158 3249 art.
1174 3196 1202 3267 2,
1218 3192 1286 3251 dub.
1301 3193 1329 3266 8,
1349 3193 1454 3252 Gaea

245 3269 328 3325 Juris
344 3267 482 3326 Ouuouici
504 3268 541 3326 ad
566 3288 627 3344 cap.
643 3271 690 3326 Ne
713 3269 775 3344 qur's
798 3272 835 3326 22
851 3288 900 3345 qu.
931 3269 1087 3328 Vincentius
1111 3269 1257 3330 Candidum
1280 3272 1311 3330 in
1335 3271 1452 3350 Disqui.

246 3346 361 3403 Morali.
377 3346 451 3421 disp.
467 3349 515 3422 26,
531 3355 576 3404 art
590 3351 617 3422 3,
633 3346 702 3412 dub,
719 3350 745 3422 1,
760 3355 790 3405 61
803 3347 853 3406 alii
866 3349 973 3425 pluras.

285 3425 324 3482 V.
347 3425 912 3498 0161166616Β66611661616111611
936 3427 1070 3505 injuriam
1087 3428 1142 3487 sibi
1162 3429 1313 3506 sociisque,
1329 3430 1381 3507 qui
1400 3431 1451 3490 do·

246 3515 331 3563 ceant
345 3504 464 3580 sincere,
481 3504 611 3580 candide,
627 3513 656 3564 et
679 3505 884 3564 66611666111
905 3508 1132 3584 aequivocatione
1152 3509 1329 3587 loquendum
1344 3530 1408 3569 6666
1422 3519 1453 3570 61

246 3583 495 3660 respondendum
519 3584 618 3644 Facile
632 3593 728 3644 tamen
744 3585 842 3664 colligi
856 3595 951 3664 potest
965 3608 1030 3647 eum
1045 3609 1124 3647 1616
1139 3608 1192 3648 616
1212 3589 1407 3667 tergiversari,
1423 3599 1453 3651 et

247 3661 474 3738 aequivocatione
487 3663 596 3722 ludera.
638 3664 712 3740 Quia
726 3667 827 3726 statuit
841 3687 922 3725 reum
941 3687 999 3726 non
1013 3667 1105 3727 teneri
1118 3667 1157 3727 ad
1170 3668 1363 3728 confitendam
1377 3670 1452 3730 veri-

247 3750 345 3818 tatem,
361 3742 386 3800 61
400 3741 501 3802 Judex
519 3763 578 3802 non
599 3753 697 3804 servat
715 3745 746 3803 in
767 3745 972 3824 interrogando
991 3747 1153 3824 legitimum
1173 3748 1247 3825 juris
1267 3769 1451 3827 616666611,

248 3823 389 3882 Censetur
402 3831 498 3882 autem
512 3823 614 3883 Judex
627 3845 686 3883 non
709 3845 825 3884 servare
840 3827 969 3885 ordinem
991 3827 1013 3886 J
1014 3827 1081 3903 uris,
1098 3827 1214 3904 quando
1232 3828 1393 3906 interrogat
1416 3830 1452 3889 da

248 3901 361 3962 occulto
376 3902 503 3978 crimine,
519 3903 555 3962 de
570 3923 627 3980 quo
641 3925 734 3981 neque
748 3904 825 3963 fama
839 3913 884 3965 est
897 3915 997 3966 contra
1009 3927 1098 3982 reum,
1111 3927 1205 3984 neque
1214 3907 1323 3985 judicia
1338 3928 1451 3987 compe·

248 3983 347 4056 tentia,
363 4001 456 4059 neque
467 3983 553 4061 plena
566 3984 706 4061 probatio,
722 3993 752 4043 et
772 3985 802 4042 in
816 3985 869 4044 tali
882 4005 951 4044 casu
965 3987 1088 4045 nonvult
1108 4006 1189 4046 reum
1209 3987 1334 4064 mentiri,
1358 3989 1384 4046 61
1404 4009 1452 4048 ne·

248 4069 298 4136 get
312 4081 330 4118 a
345 4081 376 4120 66
392 4070 536 4138 patratum
550 4063 666 4139 crimen,
689 4064 714 4122 si
735 4064 871 4123 videlicet
895 4065 1003 4124 crimen
1025 4066 1063 4125 611
1083 4066 1178 4126 adhuc
1192 4067 1346 4144 occultum,
1369 4068 1451 4146 quasi

249 4139 332 4199 ι11116
346 4140 417 4198 ordo
430 4142 555 4217 pendeat
569 4162 607 4201 ex
621 4143 810 4202 aesfimatione
825 4143 915 4220 ipsius
929 4145 980 4204 rei.

290 4219 346 4278 VI.
369 4220 531 4280 Fatendum
545 4231 642 4281 16161
656 4243 714 4281 161
727 4243 835 4300 666666
849 4224 977 4283 6111666
1007 4232 1037 4284 61
1057 4235 1155 4303 aperte
1176 4225 1296 4303 impium
1309 4226 1367 4285 hoc
1381 4225 1452 4305 dog·

248 4319 296 4357 ma
316 4298 435 4374 rejicere
456 4308 486 4359 et
506 4321 681 4379 oppugnare,
704 4303 804 4380 quales
824 4311 891 4363 6111
906 4305 1064 4381 Matutam,
1080 4313 1163 4365 tract.
1183 4305 1220 4364 de
1239 4306 1452 4366 restrictionem

248 4379 415 4438 mentalium
431 4379 531 4454 abusu,
548 4401 609 4459 cap.
625 4382 673 4456 11.,
689 4383 855 4458 Sepulueda,
871 4382 901 4440 in
914 4385 1054 4461 opusculo
1072 4384 1109 4443 do
1121 4385 1233 4444 ratione
1244 4384 1385 4444 reddendi
1397 4395 1452 4446 166-

244 4459 370 4534 timonii,
393 4461 501 4518 Paulus
514 4461 624 4535 Sylvius
638 4461 804 4538 Theologus
827 4463 990 4539 Duaoanus,
1016 4473 1046 4522 61
1064 4465 1200 4542 61661616
1213 4466 1281 4523 Jolr.
1296 4466 1453 4524 Bumest'tu

249 4538 463 4614 Benedictinus,
480 4540 529 4616 qui
543 4541 717 4617 peculiarem
731 4548 884 4602 116616111
899 4543 990 4603 edidit
1000 4553 1102 4604 contra
1111 4545 1374 4622 AEquivocationes
1388 4565 1452 4604 cum

248 4618 453 4694 approbatione
469 4619 629 4680 Facultatis
643 4620 827 4698 Theologicae
841 4621 1022 4691 Parisiensia,
1037 4623 1088 4701 qui
1102 4625 1261 4686 doctrinam
1283 4645 1366 4684 suam
1387 4645 1451 4704 pro-
