3152 5198
285 273 343 332 576
692 287 782 328 aucus
797 287 927 330 nucrnns
942 288 1062 330 saurus.
1320 270 1437 351 [cuasa
1449 289 1481 330 nr.

282 439 329 492 tus
343 439 460 510 propter
474 430 646 508 imputatum
660 429 715 509 ipsi
729 437 858 489 nostrum
880 439 1040 508 peecatum,
1065 451 1129 490 non
1155 439 1258 509 potest
1282 431 1340 490 dici
1361 441 1480 508 peccator.

280 512 359 590 quod
373 513 508 588 importat
523 511 734 589 corruptionem
749 511 944 586 inhaerentem,
962 512 1014 570 sed
1029 511 1154 570 victima
1176 521 1293 570 tantum
1308 531 1359 588 pro
1372 519 1479 588 peccato,

277 613 342 670 quse
357 611 457 669 poenas
470 600 590 668 peccato
614 591 726 651 debitas
748 591 777 648 in
802 611 833 649 se
856 591 974 669 recepit,
999 592 1135 669 adeoque
1162 603 1281 650 reatum
1306 590 1479 657 auferendum,

277 691 335 730 non
350 672 501 730 maculam.

317 752 425 811 XXV.
442 752 500 812 Ubi
516 751 580 810 duae
595 760 663 810 sunt
676 751 774 808 formae
789 759 818 809 et
831 751 986 827 qualitates
1001 752 1159 812 contrariae
1179 751 1315 828 physicae
1332 750 1384 808 sub
1397 747 1479 807 eodan

277 853 401 910 gencrc;
417 831 458 891 ibi
486 841 593 891 certum
619 843 663 888 est
687 830 950 890 denominationem
975 831 1037 890 fieri
1061 832 1164 909 potius
1188 831 1227 889 ab
1243 831 1407 901 intrinseca,
1429 847 1480 903 qua

277 913 439 990 subjectum
454 911 547 986 magis
561 909 656 984 afficit,
672 928 758 985 quarn
780 910 817 968 ab
832 913 1005 970 extrinseca.
1031 913 1074 970 At
1084 911 1210 990 justitia
1226 911 1381 984 inhaerens,
1395 917 1421 966 et
1430 909 1478 983 jus·

277 993 340 1052 titia
374 993 521 1069 imputata,
548 1009 606 1048 non
633 1000 701 1048 sunt
728 989 782 1048 sub
808 989 910 1048 eodem
934 1011 1059 1068 genere;
1090 992 1152 1050 Illa
1181 990 1308 1068 quidem
1336 989 1366 1046 in
1392 1005 1478 1064 genero

276 1072 432 1144 relationis,
457 1071 514 1128 ista
535 1089 605 1127 vero
630 1070 685 1128 sub
710 1088 815 1148 genere
841 1072 1010 1147 qualitatis;
1038 1072 1110 1131 Ideo
1126 1071 1206 1129 nihil
1223 1071 1324 1130 obstat
1338 1067 1476 1144 subjectum

276 1151 454 1210 denominari
468 1149 504 1207 ab
519 1157 641 1227 utraque
662 1150 716 1208 sub
731 1150 847 1208 diversa
858 1159 945 1220 exten.
989 1151 1063 1210 Nam
1089 1173 1185 1229 quum
1203 1151 1361 1228 respicitur
1375 1146 1477 1224 qualitas

274 1231 427 1304 inhaerens,
443 1229 548 1288 dicitur
561 1239 697 1307 peccator
710 1239 739 1289 et
761 1229 876 1306 impiae,
898 1231 950 1289 sed
964 1251 1053 1308 quum
1079 1231 1245 1310 respicitur
1259 1229 1363 1288 relatio
1377 1237 1476 1285 eatena

275 1319 305 1370 et
319 1310 449 1384 sorensis,
466 1309 572 1370 dicitur
582 1311 680 1387 justus
695 1311 724 1367 in
740 1309 863 1368 Christe.
900 1310 1011 1369 Verum
1025 1312 1147 1390 quidem
1164 1321 1213 1370 est
1228 1310 1375 1369 neminem
1382 1308 1475 1384 justum

274 1411 358 1468 posse
373 1389 431 1449 dici
445 1390 618 1449 inhaerenter
638 1391 753 1469 justitia
775 1390 877 1464 aliena,
903 1391 972 1466 quia
993 1392 1018 1450 si
1039 1401 1083 1452 est
1106 1393 1270 1466 inhaerens,
1293 1408 1352 1447 non
1373 1383 1476 1474 amplius

275 1481 319 1531 est
334 1471 435 1530 aliena.
480 1470 539 1530 Sed
561 1479 657 1549 potest
679 1479 775 1529 tamen
798 1470 968 1546 imputative
995 1471 1052 1530 dici
1064 1474 1255 1552 justificatus,
1273 1489 1340 1528 eum
1367 1463 1475 1543 qnotidie

275 1553 350 1611 inter
362 1551 495 1610 homines
509 1549 622 1610 debitor
643 1558 759 1629 propter
780 1549 952 1609 solutionem
974 1571 991 1608 a
1015 1553 1163 1629 Sponsore
1187 1551 1352 1630 praestitam
1373 1545 1438 1603 liber
1454 1551 1476 1597 et

276 1634 387 1692 solutus
401 1633 520 1708 dicatur,
537 1632 587 1708 qui
608 1651 663 1690 aere
685 1629 830 1706 alienojn
844 1649 875 1689 se
889 1639 951 1690 erat
971 1632 1156 1692 constrictus.
1205 1629 1295 1706 Quod
1311 1623 1476 1703 Augustinus
1537 1645 1538 1654 ¹

275 1713 424 1789 eleganter
448 1712 568 1789 exponit
590 1711 641 1770 lib.
660 1711 744 1770 xxiii.
760 1710 796 1768 de
810 1709 913 1769 Trinit.
932 1731 994 1789 cap.
1012 1715 1069 1770 14:
1093 1713 1243 1789 “Utique
1256 1713 1371 1787 justum
1390 1711 1435 1774 est,
1452 1709 1477 1755 ut

275 1792 420 1852 debitores
442 1812 515 1869 qnos
539 1791 656 1850 tenebat
684 1789 834 1864 Diabolus,
858 1791 940 1849 liberi
956 1791 1140 1852 dimittantur
1170 1793 1204 1850 in
1234 1810 1303 1850 eum
1333 1783 1473 1848 credentes,

274 1893 361 1950 quem
376 1873 437 1931 sine
451 1872 511 1932 ullo
525 1871 623 1930 debito
638 1870 772 1930 occidit.’'
817 1870 902 1930 Unde
916 1879 996 1949 patet
1017 1873 1188 1950 exemplum
1204 1867 1359 1946 AEthiopis
1373 1863 1474 1948 allatum
1537 1861 1538 1914 l

275 1973 293 2012 a
308 1953 494 2028 Bellannino,
510 1951 561 2028 qui
574 1952 671 2029 potius
682 1971 699 2009 a
712 1949 863 2028 nigredine
878 1952 1014 2028 corporis,
1030 1973 1117 2029 quam
1132 1955 1171 2013 ab
1187 1949 1327 2012 albedine
1343 1943 1434 2035 vestis,
1446 1947 1475 1994 nt
1537 1951 1538 1958 '

274 2032 512 2106 denominandus,
525 2052 588 2090 esse
607 2038 790 2106 repertam
824 2031 896 2090 Cum
910 2031 958 2091 hic
982 2053 1041 2091 non
1055 2043 1159 2110 agatur
1183 2033 1222 2091 de
1246 2029 1385 2116 qualitate
1398 2021 1473 2079 inha-

273 2121 363 2188 rente,
386 2113 434 2172 vel
448 2113 484 2171 de
499 2121 580 2171 veste
599 2111 772 2184 adhaerente,
789 2111 840 2169 sed
854 2111 890 2170 de
905 2112 1043 2171 relatione
1054 2113 1184 2190 juridica
1207 2113 1252 2171 illi
1275 2131 1294 2168 a
1316 2105 1418 2167 Judrce
1431 2098 1472 2154 do·

274 2203 350 2250 nata.
394 2194 590 2269 Praeterquam
618 2191 697 2269 quod
718 2191 857 2268 AEthiops
871 2211 983 2270 semper
997 2201 1094 2252 manet
1108 2189 1367 2271 AEthiopseodem
1382 2179 1472 2248 modo?

273 2271 324 2329 sed
338 2272 432 2330 tidelis
443 2291 501 2330 non
515 2280 612 2330 manet
626 2271 739 2348 impius,
755 2271 807 2330 sed
821 2273 1006 2332 convertitur.

315 2349 439 2408 XXVI.
462 2351 602 2422 Quamvis
628 2351 708 2408 Deus
722 2370 775 2408 nos
797 2352 938 2429 justificet
960 2361 1076 2431 propter
1097 2354 1256 2414 Iustitiam
1272 2344 1380 2410 Christi
1392 2342 1470 2414 impu·

273 2436 371 2502 tatnm,
387 2447 445 2485 non
465 2427 572 2486 desinit
590 2428 733 2505 judicium
747 2429 811 2507 ejus
826 2451 889 2490 esse
904 2434 1061 2492 secundum
1083 2434 1249 2509 veritatem,
1266 2430 1335 2509 quia
1348 2441 1403 2484 non
1416 2436 1468 2510 pru·

273 2507 390 2567 nunciat
404 2527 458 2566 nos
467 2508 564 2584 justos
578 2508 608 2565 in
625 2508 709 2566 nobis
724 2509 893 2585 subjective,
910 2512 988 2587 quod
1003 2513 1107 2572 falsum
1122 2523 1211 2590 esset,
1229 2511 1282 2574 sed
1307 2509 1338 2567 in
1360 2502 1413 2562 alio
1426 2515 1467 2554 nn·

273 2589 403 2667 putative
417 2597 446 2648 et
460 2587 588 2663 relative,
604 2588 682 2665 quod
697 2597 742 2646 est
756 2589 947 2649 verissimum.
992 2593 1040 2652 Sic
1055 2595 1135 2653 Deus
1150 2615 1222 2656 vere
1241 2611 1303 2651 rem
1318 2585 1434 2646 aestimat
1445 2583 1467 2631 et

268 2671 282 2750 j
287 2670 383 2730 udicat
396 2669 440 2729 uti
454 2677 505 2746 est,
521 2689 580 2728 non
595 2669 625 2726 in
636 2687 666 2728 se
681 2677 710 2727 et
724 2678 826 2728 natura
841 2690 901 2746 sua,
918 2672 1013 2730 sedin
1029 2673 1152 2732 Christo.
1411 2739 1416 2751 Ι

314 2750 457 2809 XXVII.
482 2751 595 2828 Sponsa
615 2749 645 2808 ia
663 2748 744 2808 Cant.
774 2769 835 2827 cap.
865 2751 904 2810 iv.
934 2755 962 2821 7,
991 2753 1098 2812 dicitur
1122 2764 1180 2814 toto
1189 2754 1318 2831 pulchra
1339 2741 1465 2803 bifariam·
1536 2753 1537 2760 ¹

275 2834 301 2888 1.
317 2831 353 2889 In
370 2831 470 2908 Capite
482 2838 512 2890 et
529 2831 641 2908 Sponsa
655 2849 708 2890 suo
729 2829 907 2908 imputative,
930 2852 1019 2909 quum
1033 2834 1097 2911 ejus
1115 2834 1234 2910 justitia
1248 2847 1347 2892 omnes
1360 2813 1465 2881 macula

272 2913 336 2988 ejus
350 2913 391 2970 ita
404 2919 549 2990 teguntur,
565 2919 598 2970 ut
613 2910 692 2969 nulla
706 2909 743 2969 sit
757 2911 881 2989 amplius
895 2912 924 2970 in
939 2933 973 2972 ea
987 2913 1196 2990 condemnatio,
1213 2935 1268 2974 nac
1286 2899 1464 2993 viriathus
1536 2965 1537 2978 ,

271 2991 302 3048 in
317 3011 351 3050 ca
365 2993 518 3070 quicquam
529 2991 626 3070 quoad
640 2990 834 3068 cognitionem
849 2993 1004 3069 practicam
1028 3000 1058 3051 et
1079 2995 1234 3072 poenalem,
1249 2987 1336 3072 'quod
1349 2971 1462 3060 animad:

271 3079 375 3130 vertat.
417 3077 445 3131 2.
462 3073 497 3130 In
522 3073 741 3146 scinderentur,
757 3071 825 3148 quia
844 3073 1050 3150 perspiritum
1072 3082 1212 3133 renovata
1237 3085 1282 3134 est
1303 3061 1428 3146 perfecte,
1443 3071 1463 3108 ⁵¹
1536 3103 1537 3168 ,

271 3171 330 3210 non
343 3152 517 3229 perfectione
532 3152 682 3229 graduum,
708 3161 737 3210 at
758 3151 931 3228 perfectione
954 3152 1078 3230 partium
1092 3163 1122 3212 et
1143 3155 1255 3231 gratiae,
1271 3167 1335 3230 qua
1359 3135 1461 3202 tandem

271 3239 316 3290 cst
330 3233 494 3291 coronanda
507 3231 681 3310 perfectione
696 3231 805 3308 gloriae.

312 3310 473 3370 xxvrn.
497 3311 832 3372 arcesseremusne
846 3313 987 3391 anpuan
1010 3322 1184 3374 saturans
1207 3315 1292 3376 noan
1320 3308 1349 3366 n
1371 3291 1459 3359 rnna
1535 3257 1537 3364 l

271 3397 400 3447 mentum
419 3399 525 3450 nostrae
550 3412 645 3450 coram
670 3393 733 3451 Deo
754 3392 979 3470 justificationis,
1002 3413 1060 3452 non
1083 3393 1190 3454 desinit
1214 3395 1281 3456 ideo
1305 3403 1366 3448 esse
1391 3389 1456 3436 more

271 3468 398 3542 gratuita
411 3487 428 3526 a
442 3479 523 3544 parte
548 3471 639 3529 nostri
651 3493 657 3546 ;
683 3472 752 3548 quia
773 3492 884 3532 merum
906 3473 963 3532 Dei
986 3473 1190 3534 misericordia
1204 3486 1249 3538 est
1263 3475 1375 3536 donum,
1389 3474 1426 3551 qu

273 3547 401 3620 Sponsor
409 3548 493 3606 nobis
502 3569 519 3605 a
529 3549 592 3606 Deo
607 3549 692 3609 datus
703 3559 755 3625 est,
768 3561 797 3610 et
806 3553 837 3610 in
851 3553 1085 3614 locumnostrum
1099 3553 1245 3631 suffectus,
1261 3563 1290 3615 et
1303 3541 1378 3627 quod
1390 3535 1456 3596 dhus
1533 3531 1536 3588 l

270 3623 434 3684 obedientia
456 3635 485 3684 et
494 3626 617 3702 justitia,
641 3649 726 3704 quam
742 3630 798 3707 ipsi
822 3651 860 3689 ex
884 3633 979 3708 rigore
1003 3633 1091 3711 Legis
1112 3645 1247 3711 praestare
1263 3627 1450 3700 debuissemus,

268 3712 367 3764 nostra
381 3705 458 3782 apud
480 3706 574 3764 Deum
590 3717 730 3782 censetur,
746 3716 775 3767 et
788 3711 873 3768 nobis
893 3711 1060 3789 inputatur;
1083 3711 1182 3791 Atque
1197 3715 1238 3773 ita
1259 3715 1280 3774 J
1283 3731 1316 3772 us
1330 3698 1410 3790 Legi}3
1429 3707 1452 3746 ¹¹¹

269 3785 353 3846 nobis
380 3786 523 3864 impletur,
540 3785 594 3843 no.
610 3785 671 3844 viii.
687 3789 714 3861 4,
743 3795 773 3846 et
798 3788 969 3864 justificatio
997 3792 1037 3851 ita
1064 3793 1170 3853 desinit
1193 3813 1256 3854 esse
1271 3813 1307 3854 ex
1334 3773 1450 3862 operibus

269 3867 358 3946 Legis
372 3889 389 3926 a
403 3867 487 3928 nobis
501 3866 646 3946 praestitis,
661 3875 766 3926 utnon
787 3867 838 3925 fiet
859 3877 955 3928 tamen
969 3881 1070 3931 contra
1094 3873 1182 3950 illam,
1199 3875 1250 3934 sed
1269 3875 1352 3952 juxta
1374 3856 1449 3918 illssfflr

267 3957 296 4008 ct
311 3949 375 4007 Lex
398 3969 456 4008 uon
470 3949 625 4008 modonon
639 3947 720 4008 irrita
741 3947 799 4024 fiat,
824 3947 876 4006 sed
898 3950 994 4027 potius
1019 3953 1182 4014 stabiliatur
1203 3953 1358 4032 perfidem,
1379 3938 1448 3996 1³⁰II·

264 4029 305 4087 iii.
320 4031 369 4088 31.

307 4107 436 4168 XXIX.
460 4110 542 4170 Licet
563 4109 741 4172 Justificatio
763 4111 856 4189 possit
879 4111 937 4171 dici
965 4113 1128 4173 extrinseca
1152 4115 1303 4192 objectiva
1324 4103 1447 4185 quatenus

265 4196 309 4248 est
333 4188 484 4266 imputatio
503 4191 634 4268 justitiae,
660 4210 725 4268 quae
753 4200 798 4251 est
821 4191 979 4251 formaliter
993 4202 1077 4252 extra
1090 4215 1152 4271 nos,
1182 4203 1226 4254 est
1254 4203 1346 4254 nmen
1363 4181 1444 4264 trustra
1534 4199 1535 4232 1

264 4268 464 4328 terminative:
486 4271 513 4328 N
515 4289 547 4328 ec
561 4271 654 4348 magis
669 4271 824 4330 absurdum
836 4281 880 4332 est
889 4271 1040 4333 Iustitiam
1055 4273 1171 4350 Christi,
1187 4274 1271 4333 nohis
1283 4289 1342 4332 esse
1352 4265 1443 4322 catun-

262 4367 366 4424 secam,
390 4357 419 4406 et
441 4357 537 4407 tamen
556 4351 640 4408 nobis
664 4350 807 4428 imputari,
824 4371 909 4428 quam
925 4351 1083 4412 absurdum
1098 4364 1142 4414 est
1156 4365 1274 4432 peccata
1288 4355 1379 4410 nostra
1390 4344 1442 4417 0³⁵9
1534 4351 1535 4370 ³

263 4429 377 4486 Christo
399 4429 568 4504 extrinseca,
584 4437 724 4489 ettamen
746 4429 860 4489 Christo
874 4429 912 4488 ad
932 4451 1046 4508 poenem
1068 4433 1211 4511 imputari,
1228 4434 1284 4509 vel,
1301 4427 1347 4512 (ad
1365 4423 1440 4480 110¹¹¹¹'

261 4507 351 4585 nem,)
363 4527 449 4583 quarn
469 4516 513 4566 est
526 4508 683 4568 absurdum
701 4509 911 4569 satisfactiones
932 4509 1103 4571 Sanctorum
1117 4514 1182 4573 aliis
1196 4512 1336 4591 imputari,
1350 4505 1439 4573 11101·

260 4585 383 4642 tendunt
398 4585 552 4645 Pontificii.
