3186 5210
163 399 275 448 cuasa.
291 383 381 463 xvia]
577 403 616 442 ne
632 402 799 444 vocarrosa
814 403 852 442 ar
867 405 944 444 rios.
1310 387 1368 443 545

162 542 212 618 qui
228 561 341 602 omnem
357 543 492 602 connarii
512 542 693 602 formidinem
707 553 845 622 perpetuo
861 545 1004 618 excludat,
1028 543 1079 604 sed
1093 545 1142 622 qui
1162 564 1229 603 eum
1253 543 1369 602 tandem

162 631 279 698 superet
293 631 322 681 et
337 623 459 682 evincat.
502 622 698 700 Agnoscimus
707 625 783 682 enim
792 624 927 683 fiduciam
938 625 1031 700 istam,
1047 626 1152 682 innatae
1161 623 1368 682 imbecillitatis

160 710 302 778 respectu,
318 704 433 762 concuti
443 703 596 780 aliquoties
610 711 639 762 ct
653 703 800 779 fluctuare,
816 705 974 781 praesertim
989 706 1019 762 in
1031 704 1200 763 Vocationis
1214 704 1365 779 tyrocinio,

160 780 276 856 quando
290 781 391 840 fideles
412 791 479 842 sunt
500 791 604 858 na‘qm,
626 785 675 841 vel
696 793 848 858 lanterna,
871 783 920 842 vel
941 784 994 842 sub
1012 805 1095 843 cruce
1110 793 1140 842 et
1154 781 1365 859 afflictionibus,

159 860 286 919 maximo
300 862 325 920 si
339 871 406 920 sunt
420 883 524 940 graves
546 872 575 921 et
595 861 746 938 diuturnae,
767 863 816 920 vel
838 863 868 921 in
890 865 969 922 lucta
990 863 1165 938 tentationis,
1181 871 1210 920 et
1225 862 1255 920 in
1269 862 1365 920 deser-

159 939 286 998 tionibus
301 941 505 1018 spiritualibus,
522 942 572 1000 ubi
589 943 713 1019 Spiritus
727 942 933 1001 consolationis
945 944 986 1002 sic
1010 961 1215 1019 nonnunquam
1231 942 1366 1000 interclu-

159 1018 244 1093 ditur,
267 1028 296 1078 et
316 1020 414 1079 lumen
434 1021 526 1080 divini
548 1021 646 1080 vultus
667 1022 861 1098 absconditur,
877 1031 909 1082 ut
924 1023 954 1080 in
968 1043 1090 1082 excessu
1111 1023 1215 1080 mentis
1229 1021 1366 1080 excidant

159 1098 238 1155 fideli
260 1117 336 1176 saepe
363 1101 460 1160 tristes
481 1102 615 1178 querelae;
640 1103 819 1178 “Projectus
841 1122 903 1160 sum
926 1124 943 1160 a
969 1103 1041 1161 facie
1056 1103 1204 1160 oculorum
1219 1103 1364 1175 tuorum,''

159 1177 236 1236 Psal.
262 1180 345 1238 xxxi.
369 1185 428 1256 223
463 1181 629 1240 “Terrores
658 1182 776 1254 Domini
803 1182 929 1240 militant
956 1191 1056 1240 contra
1083 1183 1159 1255 mc,''
1182 1181 1251 1240 Job.
1274 1182 1313 1239 vi.
1335 1186 1363 1239 4.

158 1256 297 1330 Quamvis
311 1280 381 1318 vero
396 1261 434 1318 ad
448 1269 561 1337 tempus
575 1262 606 1318 in
619 1262 687 1320 filiis
703 1262 759 1320 Dei
771 1262 859 1339 sopiri
873 1263 964 1339 possit
974 1282 1075 1320 sensus
1090 1261 1191 1338 gratiae
1205 1261 1364 1338 praesentis,

155 1345 184 1394 ct
196 1337 304 1396 fiducia
317 1339 428 1413 futurae,
444 1341 640 1416 pertendimus
653 1349 750 1400 tamen
761 1351 838 1400 certo
850 1362 886 1399 ex
898 1342 948 1400 illa
958 1343 1150 1401 tentationum
1165 1341 1271 1418 abysso
1285 1342 1363 1399 eluc-

156 1416 211 1474 tari
225 1418 350 1476 animam
364 1420 480 1478 fidelem
491 1439 529 1478 ex
544 1421 600 1479 Dei
614 1421 757 1498 eligentis,
774 1421 949 1496 redimentis,
965 1421 1163 1495 custodientis
1176 1441 1210 1478 ac
1224 1421 1363 1498 erigentis

155 1496 257 1573 gratia,
273 1517 338 1574 quae
352 1499 397 1556 illi
410 1499 505 1558 reddit
520 1500 621 1559 salutis
632 1521 691 1560 suae
706 1501 853 1579 gaudium,
870 1501 981 1560 etfacit
995 1510 1028 1561 ut
1041 1501 1159 1560 tandein
1168 1500 1260 1558 serius
1272 1520 1362 1577 ocyus

157 1595 273 1635 sensum
284 1579 372 1636 istum
386 1579 424 1636 ad
438 1580 483 1638 aui
498 1580 633 1638 solatium
648 1581 752 1640 eliciat.

196 1656 255 1715 XI.
280 1656 365 1717 Unde
382 1659 480 1717 Status
496 1659 669 1734 Quaestionis
684 1681 717 1719 eo
732 1660 825 1720 radit:
849 1660 899 1718 An
914 1680 1000 1718 verus
1017 1658 1111 1718 fidelis
1135 1657 1235 1735 possit,
1251 1677 1309 1714 non
1324 1679 1361 1715 cx

154 1735 304 1812 dignitatis
316 1745 345 1796 et
359 1737 556 1815 dispositionis
570 1740 700 1816 propriae,
717 1742 768 1799 sed
782 1739 958 1817 dignationis
980 1749 1008 1798 et
1029 1738 1167 1797 custodiae
1188 1737 1295 1795 divinae
1316 1737 1360 1793 in·

153 1816 237 1892 tuitu,
253 1825 349 1876 certus
363 1838 435 1895 esse,
451 1838 509 1876 non
524 1819 694 1878 certitudine
710 1829 820 1879 tantum
833 1820 946 1898 objecti,
959 1819 1009 1878 sed
1019 1817 1151 1895 subjecti,
1166 1836 1225 1874 non
1244 1817 1361 1874 moralis

154 1897 354 1972 conjecturalis
376 1898 550 1974 opinationis
565 1908 595 1959 et
608 1900 678 1977 spei,
695 1900 746 1958 sed
759 1899 827 1957 fidei
846 1920 923 1958 vera
938 1907 967 1958 et
976 1897 1172 1976 justificantis,
1198 1915 1249 1973 per
1270 1896 1358 1974 adop-

151 1974 238 2034 tionis
255 1976 393 2053 Spiritum
408 1978 438 2035 in
452 1979 516 2055 ejus
530 1980 616 2038 corde
630 1981 772 2054 excitatae,
788 1999 825 2037 ex
839 1979 969 2056 legitimo
994 1977 1039 2036 sui
1060 1977 1201 2050 examine,
1222 1995 1279 2033 uon
1294 1985 1356 2034 tau-

152 2063 214 2112 tum
229 2055 264 2114 de
279 2058 414 2133 prasenti
428 2058 464 2116 de
479 2057 535 2116 fido
555 2079 608 2118 sua
622 2068 650 2118 et
660 2059 875 2138 justificatione,
893 2058 944 2116 sed
958 2065 986 2116 et
1001 2056 1097 2133 quoad
1115 2056 1241 2115 futurum
1256 2055 1292 2113 de
1308 2075 1360 2114 sua

154 2134 247 2193 salute
258 2144 287 2194 et
301 2136 519 2213 glorificatione.
562 2139 678 2216 Negant
693 2138 871 2213 Adversarii,
884 2138 944 2196 Nos
959 2136 1140 2195 affinnumus.

168 2253 289 2298 Probatur
299 2255 377 2300 cm„
452 2217 530 2276 XII.
554 2218 692 2277 Rationes
707 2227 793 2277 sunt:
817 2221 843 2275 l.
859 2217 1098 2296 Auuturafldei.
1141 2214 1291 2289 Quacum
1307 2214 1358 2272 du-

209 2315 268 2356 tudo
279 2311 343 2357 fidei.
414 2295 519 2374 plicam
530 2306 625 2356 actum
636 2298 749 2374 habeat,
760 2306 793 2358 ut
802 2317 889 2374 supra
897 2297 1001 2370 visum,
1011 2297 1150 2354 directum
1166 2303 1195 2352 et
1208 2293 1357 2368 reflexum,

161 2367 182 2410 ¹·
192 2370 216 2412 A
227 2377 317 2414 natura
326 2369 391 2415 fider.
416 2376 524 2436 directo
539 2378 629 2436 fertur
642 2379 672 2436 in
687 2378 905 2455 promissionem
919 2377 1020 2453 ipsam,
1037 2374 1144 2434 reflexo
1159 2394 1228 2432 vcro
1243 2375 1272 2430 iu
1293 2393 1358 2450 pro-

152 2453 244 2529 priam
266 2455 527 2532 apprehensionem,
544 2468 573 2516 et
586 2458 627 2515 ita
640 2477 698 2515 non
719 2465 831 2516 tantum
853 2457 952 2532 credit,
976 2455 1028 2515 sed
1052 2463 1082 2513 et
1102 2455 1156 2513 scit
1176 2473 1206 2512 se
1221 2454 1357 2512 credere:

151 2534 392 2609 quemadmodum
406 2535 436 2594 iu
450 2537 510 2595 vita
524 2537 657 2612 naturali,
673 2538 768 2595 anima
778 2557 835 2595 non
844 2544 955 2595 tantum
971 2535 1117 2612 iutelligit,
1134 2534 1186 2592 sed
1200 2541 1229 2592 et
1243 2533 1358 2614 conscia

151 2621 196 2670 est
210 2613 265 2671 sibi
280 2634 339 2673 suae
353 2616 534 2692 operationis,
551 2625 580 2676 et
594 2617 648 2676 scit
663 2637 693 2676 se
704 2616 874 2693 intelligere,
887 2616 966 2693 quod
975 2615 1122 2692 proprium
1137 2621 1181 2672 est
1195 2613 1297 2670 animae
1312 2632 1356 2670 ra-

149 2692 265 2752 tionalis
279 2694 471 2772 privilegium.
516 2697 562 2755 Ita
575 2697 605 2754 iu
619 2698 680 2756 vita
702 2696 852 2774 spirituaII,
868 2695 963 2753 anima
976 2695 1107 2771 negenite
1120 2693 1175 2750 hoc
1190 2692 1277 2750 habet
1291 2711 1354 2768 pro-

149 2773 253 2850 prium,
269 2783 301 2833 ut
319 2795 377 2832 non
397 2775 483 2834 modo
505 2787 587 2835 actus
612 2777 680 2835 fidei
704 2785 733 2835 et
755 2775 903 2835 charitatis
925 2774 1028 2848 eliciat,
1051 2772 1102 2830 sed
1124 2779 1153 2830 et
1176 2772 1207 2828 in
1231 2771 1355 2846 seipsam

149 2851 257 2912 reflexa
284 2863 449 2932 cognoscat,
472 2875 503 2914 se
524 2856 590 2914 illos
611 2856 723 2930 elicere,
746 2864 775 2914 et
796 2855 832 2913 de
853 2855 911 2912 illis
933 2863 1011 2912 certo
1036 2850 1250 2929 persuadeatur.
1294 2849 1355 2908 Nec

149 2934 242 3009 magis
263 2935 336 2993 ratio
358 2934 444 2993 debet
464 2936 555 3010 quaeri
574 2935 659 2995 istius
680 2934 882 3012 persuasionis,
899 2953 985 3010 quam
999 2933 1086 3009 illius,
1102 2949 1154 3010 per
1167 2949 1254 3006 quam
1268 2929 1354 2989 homo

149 3013 231 3071 novit
245 3033 275 3071 se
290 3015 388 3072 vivere
403 3023 432 3072 et
446 3015 616 3091 intelligere.
660 3015 734 3090 Quia
747 3023 844 3072 tamen
858 3013 931 3072 falsa
945 3012 1040 3071 carnis
1060 3009 1245 3088 presumptio
1260 3019 1355 3086 potest

149 3111 248 3150 veram
262 3093 329 3152 fidei
344 3095 558 3171 persuasionem
580 3094 702 3164 mentiri,
725 3094 832 3152 veritas
852 3093 937 3152 istius
961 3091 1154 3170 persuasionis
1175 3089 1295 3148 ulterius
1316 3090 1353 3147 ab

148 3171 257 3232 effectis
282 3183 311 3232 ct
326 3173 466 3232 fructibus
493 3193 570 3232 veras
592 3174 660 3232 fidei
674 3194 692 3232 a
705 3174 856 3251 posteriori
879 3181 975 3250 potest
999 3171 1106 3246 haberi,
1132 3169 1267 3226 nimirum
1291 3177 1353 3226 tum

147 3252 352 3312 consolationis
367 3262 395 3312 et
417 3252 517 3330 gaudii
539 3253 697 3330 spiritualis
719 3253 870 3326 suavitate,
886 3261 947 3312 tum
962 3249 1197 3310 sanctificationis
1218 3256 1247 3306 et
1262 3249 1352 3324 poeni-

147 3332 245 3389 tentia
259 3333 372 3392 studio:
395 3333 421 3390 N
424 3353 469 3390 am
483 3333 535 3410 qui
545 3342 698 3410 utrumque
709 3334 796 3392 istum
811 3333 879 3391 fidei
888 3331 1020 3391 effectum
1036 3332 1066 3388 in
1081 3349 1111 3388 se
1123 3328 1351 3406 deprehenderit,

147 3409 278 3470 dubitare
293 3432 350 3470 non
365 3413 450 3471 debet
464 3412 501 3471 de
526 3412 594 3470 fidei
620 3433 679 3472 suae
701 3413 832 3472 veritate.
875 3414 893 3446 “
905 3412 961 3470 Per
974 3411 1029 3470 hoc
1044 3410 1151 3469 scimus
1165 3407 1243 3485 quod
1257 3408 1351 3484 ipsum

146 3491 288 3567 novimus,
305 3492 329 3550 si
343 3493 479 3551 mandata
490 3495 553 3570 ejus
564 3493 781 3568 observamus,''
800 3496 814 3551 l
826 3493 847 3552 J
849 3493 896 3551 oh.
912 3491 941 3550 ii.
957 3493 984 3565 3,
1000 3495 1028 3549 4.
1071 3489 1156 3564 Quod
1167 3489 1191 3547 si
1202 3497 1278 3546 notae
1289 3488 1352 3546 istas

144 3590 203 3629 non
218 3571 258 3630 ita
273 3581 341 3632 sunt
354 3573 515 3648 sensibiles,
527 3581 559 3631 ut
570 3593 587 3630 a
597 3573 681 3632 nobis
691 3573 766 3631 clare
781 3593 893 3650 semper
906 3571 1107 3648 percipiantur,
1120 3569 1145 3628 si
1155 3569 1259 3646 frigeat
1271 3589 1352 3626 sanc-

144 3651 309 3710 tificationis
323 3652 460 3728 studium,
476 3653 501 3710 si
515 3653 653 3729 gaudium
673 3653 814 3711 contraria
835 3652 1013 3711 dubitatione
1035 3651 1174 3724 turbetur,
1203 3670 1262 3707 non
1286 3649 1351 3706 ideo

144 3729 366 3807 despondendua
380 3741 425 3791 est
439 3733 560 3807 animus,
575 3732 624 3791 vel
638 3733 674 3790 de
690 3733 781 3790 salute
796 3731 1015 3809 desperandum,
1027 3731 1079 3790 sed
1089 3730 1126 3788 ad
1135 3729 1275 3806 principia
1289 3729 1352 3804 ipsa

145 3809 237 3883 prima
247 3811 481 3871 sanctificationis
493 3812 715 3888 ascendendum,
726 3812 888 3888 cujusmodi
898 3819 974 3885 sunt,
993 3815 1019 3868 l.
1035 3810 1253 3885 Corruptionem
1264 3807 1350 3864 inter-

145 3905 211 3943 uam
227 3889 341 3948 sentire.
383 3895 411 3950 2.
436 3891 497 3951 sibi
519 3893 576 3970 ipsi
596 3893 633 3951 ob
655 3912 719 3951 earn
733 3890 893 3968 displicere.
936 3893 964 3948 3.
987 3890 1111 3947 Peccata
1125 3887 1191 3944 odio
1205 3886 1350 3962 prosequi.

144 3970 172 4022 4.
198 3966 302 4025 Dolere
325 3970 438 4045 quotics
461 3971 594 4046 labimur,
620 3980 649 4030 et
672 3972 766 4029 Deum
790 3970 970 4029 offendimus
1013 3971 1040 4025 5.
1063 3967 1164 4024 Vitare
1185 3964 1350 4022 occasiones

143 4045 291 4122 peccandi,
308 4057 337 4106 et
351 4049 453 4107 mediis
467 4069 484 4107 a
499 4051 561 4108 Deo
572 4051 746 4128 praescriptis
756 4051 798 4109 uti
808 4051 845 4108 ad
854 4050 962 4107 donum
977 4047 1032 4104 Dei
1043 4043 1239 4117 excitandum,
1253 4044 1351 4118 qualia

144 4133 212 4183 sunt
227 4127 326 4200 oratio,
343 4126 435 4186 Verbi
449 4129 605 4204 meditatio,
621 4132 727 4190 etaim.

185 4204 280 4264 XIII.
302 4207 388 4264 Ilanc
402 4226 487 4284 porro
501 4209 568 4268 fidei
583 4211 776 4288 cognitionem
792 4219 821 4269 et
835 4226 959 4280 sensum,
983 4224 1041 4263 non
1055 4202 1140 4260 modo
1155 4209 1258 4260 natura
1271 4199 1348 4275 fidei,

144 4283 195 4341 sed
210 4293 239 4342 et
255 4285 403 4362 Scriptura
417 4297 513 4363 aperte
528 4288 659 4348 adstruit.
695 4290 804 4349 Paulus
825 4290 861 4347 dc
883 4307 913 4346 se
940 4287 1071 4362 loquens,
1095 4285 1112 4316 ⁴‘
1123 4282 1230 4356 Novi,''
1245 4281 1347 4357 inquit,

145 4366 163 4396 “
173 4363 220 4422 cui
235 4365 415 4440 crediderim,
431 4377 460 4425 et
474 4375 568 4428 certus
583 4389 655 4442 sum,
676 4369 755 4446 quod
768 4378 870 4446 potens
893 4376 937 4426 cst
951 4366 989 4423 ad
1000 4364 1171 4423 servandum
1187 4361 1349 4438 depositum

142 4463 238 4502 meum
264 4443 295 4501 in
321 4445 404 4503 illum
431 4446 537 4522 diem,”
567 4453 584 4506 2
613 4450 687 4507 Tim.
716 4449 734 4507 i.
756 4453 803 4507 12.
845 4449 900 4523 Ita,
924 4444 994 4520 Job.
1021 4448 1060 4502 1ω
1074 4443 1103 4501 ii.
1120 4447 1146 4516 3,
1163 4448 1296 4509 γιιόηιμιι
1316 4446 1350 4491 tw

142 4529 272 4590 ὶγιόιιμιι
288 4531 355 4578 αὐτὸν
380 4527 397 4558 “
407 4525 513 4585 scimus
527 4528 605 4604 quod
619 4549 684 4587 eum
699 4528 862 4600 novimus,''
887 4535 916 4584 et
930 4547 992 4603 cap.
1013 4545 1042 4582 r.
1059 4525 1105 4597 10,
1124 4524 1141 4555 “
1151 4520 1200 4598 qui
1215 4517 1306 4576 credit
1319 4515 1350 4574 iu

143 4601 251 4659 Filium
269 4602 332 4678 Dei,
348 4604 437 4664 habet
458 4606 653 4666 testimonium
675 4609 705 4665 in
731 4608 855 4684 scipso.'’
899 4605 970 4664 Ideo
986 4601 1120 4682 Apostoli
1135 4599 1304 4677 profitentur
1318 4615 1349 4654 se

141 4681 267 4752 credere,
284 4682 353 4744 Job.
370 4685 409 4743 vi.
425 4687 473 4761 69,
491 4687 508 4718 “
520 4706 573 4744 nos
595 4687 768 4746 credidimus
794 4694 822 4745 et
837 4686 944 4745 scimus
967 4693 996 4744 te
1010 4704 1073 4744 esse
1097 4681 1241 4818 Chris2tum
1257 4677 1347 4750 illum,

218 4781 292 4820 ran<
308 4783 339 4821 u.
1209 4777 1229 4818 st
