3108 5198
233 349 272 408 54
692 352 784 406 naeus
798 363 978 406 55555555.
1248 341 1378 424 [auser.
1393 363 1439 403 rx.

234 504 314 566 Trid.
333 505 385 565 lib.
399 501 527 564 111115
547 503 680 582 pertinet,
701 503 780 582 5555
798 505 958 564 Camarina
970 504 1101 564 Medicas
1115 503 1221 564 (151115
1235 502 1350 582 Regina
1363 523 1443 563 anno

238 588 326 662 1551,
340 584 379 644 55
394 584 478 644 Pium
490 583 547 643 IV.
557 584 657 644 literas
670 584 759 661 dedit,
774 585 880 661 quibus
894 585 1144 662 15155555551111,
1159 585 1364 660 5115555551
1374 603 1443 642 usus

235 685 256 726 a
268 668 333 724 Deo
345 665 452 742 uetitus,
470 673 497 722 et
514 684 534 723 a
547 665 585 724 B.
603 663 744 741 Gregorio
758 667 909 724 damnatus
927 686 941 725 5
960 667 1020 724 1555
1033 665 1209 740 5555511555
1224 683 1347 740 5555555
1361 665 1442 721 15115-

236 755 324 806 retur.
366 745 406 804 Ε1
419 763 495 802 anno
511 745 588 803 1562
603 744 667 822 ejus
685 745 771 821 jussu
784 745 959 804 Valentinus
972 753 1003 804 et
1018 745 1166 822 sagiensis
1180 743 1326 820 Episcopi,
1344 743 1442 802 Butil-

235 825 333 900 lerius,
363 824 545 902 Espeneaeus,
570 831 601 883 et
624 824 802 884 Picherellus
826 825 931 884 delecti
958 824 995 883 55
1022 823 1244 884 consultandum
1268 822 1304 880 de
1328 821 1443 882 ratione

236 903 370 964 ineundae
384 923 450 964 cum
465 904 695 963 Protsstantibus
709 904 878 981 concordiae,
893 905 968 964 inter
981 904 1038 962 alia
1051 905 1106 963 555
1120 911 1207 981 caput
1219 910 1442 980 proposuerunt,

239 981 549 1044 “Uessuuium
569 983 679 1061 effigies
700 984 858 1062 eTamplis
878 984 1004 1060 tollattu,
1027 996 1060 1044 ut
1080 1003 1193 1043 coronae
1207 993 1237 1042 51
1249 990 1347 1042 vestes
1367 981 1442 1040 ima·

238 1064 358 1142 ginibus
369 1082 429 1122 555
448 1063 640 1140 imponantur,
655 1063 693 1122 ad
706 1083 756 1123 eas
768 1073 839 1123 vota
852 1071 881 1123 et
895 1063 1056 1124 oblationes
1069 1083 1127 1122 non
1141 1063 1228 1137 fiant3
1250 1063 1281 1120 in
1295 1059 1443 1138 snpplica-

238 1144 366 1204 tionibns
392 1162 451 1202 nou
478 1143 752 1221 circumgeetentur;
789 1144 889 1204 Crucis
916 1143 1032 1222 signnm
1062 1164 1121 1203 non
1148 1142 1272 1220 amplius
1299 1141 1442 1200 colatur.”

239 1223 323 1284 Licet
335 1242 405 1283 vero
419 1221 525 1283 exinde
543 1231 611 1302 5551
625 1223 747 1284 concilii
767 1224 953 1301 sanctionem,
968 1225 1063 1284 cultus
1078 1223 1242 1300 Imaginum
1263 1221 1294 1279 iu
1308 1220 1444 1280 Ecclesia

239 1303 373 1364 Romana
394 1303 504 1382 passim
527 1302 699 1381 obtinuerit,
728 1304 795 1363 Non
818 1303 971 1363 defuerunt
991 1311 1089 1362 tamen
1112 1321 1233 1379 semper,
1258 1320 1311 1359 nec
1336 1299 1445 1359 desunt

239 1383 397 1443 etiamnum
416 1381 503 1442 hodia
520 1381 639 1475 plurimi
660 1383 736 1442 inter
757 1385 844 1460 ipsos,
866 1403 939 1460 5555
953 1393 1013 1442 tarn
1026 1403 1130 1443 crassa
1148 1379 1319 1441 idololatria
1333 1379 1443 1458 pudet;

242 1461 329 1523 Unde
343 1469 388 1522 tot
400 1461 609 1538 distinchonsa
630 1471 797 1540 pretextus,
812 1472 842 1522 et
863 1461 922 1522 1551
943 1464 1145 1540 excogitanto:
1165 1461 1203 1520 ad
1226 1457 1443 1519 incrustsndam

227 1543 317 1600 'hanc
330 1541 571 1620 superstitionem,
586 1549 616 1601 51
628 1541 701 1602 tanti
716 1542 844 1602 criminis
856 1542 996 1602 invidiam
1011 1541 1210 1616 amoliendam,
1225 1541 1331 1618 quibua
1344 1547 1445 1598 tamen

240 1621 395 1699 nequidem
409 1621 466 1699 ipsi
478 1620 535 1680 sibi
549 1621 713 1680 satisfecere
726 1631 858 1700 possunt.
899 1622 964 1682 imo
979 1623 1053 1682 Bell.
1068 1621 1119 1682 lib.
1133 1622 1163 1680 ii.
1178 1620 1215 1679 de
1230 1620 1335 1697 Imagi
1350 1639 1377 1677 c.
1392 1623 1442 1693 22,

240 1705 289 1778 23,
305 1700 447 1776 55555511,
463 1701 481 1734 “
492 1701 518 1762 51
531 1700 568 1760 de
581 1701 676 1779 reipsa
689 1711 800 1779 agatur,
816 1702 963 1780 Imagines
976 1722 1062 1780 posse
1075 1701 1132 1761 coli
1145 1700 1307 1779 improprie,
1322 1697 1372 1757 vel
1393 1717 1447 1775 per

239 1780 383 1857 accidens,
405 1779 507 1840 eodem
527 1799 633 1858 genere
654 1782 757 1856 cultus,
772 1801 831 1860 quo
845 1782 993 1860 exemplar
1005 1783 1126 1857 colitur;
1149 1779 1201 1840 sed
1214 1779 1311 1856 55555
1323 1777 1444 1837 modum

240 1860 378 1954 loquendi
392 1860 430 1919 ad
442 1861 589 1954 populum,
596 1860 654 1920 dici
664 1881 723 1920 non
733 1862 838 1922 debere
848 1861 989 1955 imagines
999 1863 1074 1922 ullas
1084 1861 1197 1920 5555551
1207 1859 1313 1918 debere
1326 1857 1443 1934 latria,”

240 1939 990 2098 ῳῖινῃΙθΙῗὅέἰῐᾙῗῧεὲἓέωὴὶξῖῖᾒῖἓὲἒιὲῗῗ1
1000 2020 1089 2080 varis
1101 2040 1135 2079 ac
1149 2020 1273 2094 incertus,
1288 2017 1349 2076 imo
1362 2017 1446 2075 inex-

239 2098 386 2158 tricabiles
400 2099 550 2158 sententis
560 2117 659 2157 eorum
673 2119 759 2176 super
772 2100 938 2160 adoratione
949 2100 1123 2178 imaginum,
1133 2099 1288 2159 falsitatem
1297 2096 1446 2176 dogmatis

242 2178 314 2240 55115
335 2184 477 2254 arguunt;
500 2177 579 2236 Dum
599 2177 649 2235 alii
670 2178 818 2256 Imagines
838 2179 939 2239 eodem
959 2181 1040 2239 cultu
1060 2199 1117 2258 quo
1138 2178 1287 2256 exemplar
1307 2175 1447 2236 colendas

242 2275 307 2316 5555
320 2255 511 2333 pertendunt5
533 2256 682 2333 Imagines
695 2258 806 2318 scilicet
827 2259 892 2335 Dei,
914 2259 1029 2335 Christi,
1051 2269 1081 2319 et
1102 2259 1210 2334 Crucis,
1232 2257 1313 2316 cultu
1332 2255 1445 2332 latrias3

242 2335 391 2414 Imagines
404 2335 440 2392 B.
455 2335 540 2412 Virg.
554 2335 634 2396 cultu
647 2337 836 2414 hyperdulise,
851 2347 880 2398 et
896 2338 1066 2399 Sanctorum
1079 2340 1175 2416 551155,
1190 2347 1223 2397 51
1236 2337 1365 2396 Thomas
1378 2355 1446 2394 cum

243 2415 353 2474 iamilia
367 2433 427 2491 555,
442 2421 473 2476 51
491 2413 621 2494 plerique
644 2415 833 2478 Scholasticis
855 2417 919 2477 Alii
932 2438 1002 2478 vero
1016 2419 1096 2478 cultu
1116 2417 1244 2478 inferiori
1266 2437 1284 2476 5
1297 2417 1380 2476 55115
1394 2435 1446 2474 cx-

242 2494 388 2572 emplaris,
408 2503 440 2556 nt
453 2495 601 2571 Bellum,
616 2496 726 2558 etalii:
748 2496 811 2557 Alii
850 2497 944 2576 roprie
963 2507 993 2558 51
1015 2519 1067 2576 per
1081 2519 1111 2558 se
1126 2498 1262 2558 colendas
1275 2515 1359 2572 esse;
1381 2495 1447 2554 Alii

242 2582 355 2634 tantum
369 2593 421 2652 per
433 2573 576 2652 accidens,
591 2575 741 2655 analogice
755 2587 784 2636 et
794 2517 850 2637 rei

243 2653 376 2720 Ctdtores
390 2654 555 2732 imaginum
575 2654 703 2747 nondum
721 2665 842 2750 5555151,
857 2657 907 2716 An
920 2677 989 2718 vere
1003 2666 1033 2717 et
1051 2659 1166 2737 proprie
1181 2656 1295 2716 adorari
1308 2655 1446 2747 debeant,

241 2735 1449 2895 1150555111111551515155115111515

241 2893 420 2970 periculum:
441 2892 675 2971 Quotusquisque
689 2895 766 2956 enim
786 2904 831 2956 est
843 2897 892 2956 vel
914 2915 952 2957 ex
971 2897 1065 2974 plebe,
1084 2897 1143 2956 imo
1163 2904 1194 2956 et
1213 2915 1251 2955 ex
1271 2893 1376 2968 doctis,
1395 2893 1449 2969 qui

243 2972 316 3032 tales
331 2971 534 3034 distinctiones
546 2973 595 3032 vel
616 2973 769 3052 intelligat,
789 2976 838 3034 vel
859 2975 1021 3036 intellectas
1044 2977 1098 3036 rite
1112 2975 1254 3054 applicet:
1274 2982 1309 3032 51
1328 2993 1382 3050 per
1394 2971 1447 3030 ab·

242 3053 427 3114 structionem
440 3052 555 3128 mentis,
574 3051 644 3113 dum
663 3055 827 3133 procumbit
837 3073 936 3114 coram
956 3055 1091 3133 imagine,
1112 3074 1172 3114 non
1191 3054 1338 3132 proprium
1351 3053 1448 3111 ullum

243 3133 362 3205 cultum,
387 3132 439 3192 sed
458 3133 612 3192 rdativum
640 3141 671 3194 et
692 3134 875 3212 analogicum
897 3134 942 3194 illi
965 3135 1109 3211 exhibeat,
1129 3135 1177 3194 vel
1199 3135 1309 3194 cultum
1331 3140 1448 3191 tantum

241 3210 405 3270 inferiorem
419 3211 511 3271 cultui
530 3212 678 3290 prototypi
698 3212 812 3290 ipsine?
852 3213 923 3288 Quis
937 3223 1036 3274 contra
1049 3234 1108 3273 non
1121 3214 1203 3273 videt
1222 3213 1252 3272 in
1271 3213 1356 3290 praxi
1376 3231 1447 3269 con-

242 3289 334 3364 15551,
369 3309 414 3349 555
434 3307 541 3365 magno
560 3291 708 3350 molimine
728 3291 759 3350 in
773 3293 885 3351 theoria
899 3293 1040 3354 Doctores
1060 3302 1201 3354 conantur
1214 3293 1393 3368 distinguere
1406 3289 1448 3348 55

242 3309 419 3445 palliandam
432 3367 519 3425 nimis
531 3367 704 3428 horrendam
717 3369 944 3431 idolomaniam?
971 3373 1108 3433 Bellarm.
1123 3393 1192 3433 sane
1206 3373 1261 3431 555
1277 3391 1336 3430 555
1349 3371 1449 3448 551511

243 3446 435 3521 dissimulare,
449 3447 500 3523 551
513 3445 636 3524 loquens
646 3447 683 3506 de
693 3445 877 3510 distinctions
893 3453 910 3484 “
920 3451 1012 3512 latrias
1026 3453 1166 3512 55551515
1180 3461 1210 3512 51
1222 3451 1381 3526 55151155,”
1393 3449 1446 3525 511,

243 3524 295 3584 lib.
310 3525 340 3584 ii.
355 3543 382 3584 c.
390 3529 439 3598 22,
452 3527 470 3558 “
481 3543 531 3584 555
541 3525 592 3602 551
602 3525 760 3586 551555551
770 3529 917 3608 Imagines
929 3531 1042 3592 adorari
1049 3533 1142 3608 latria,
1155 3532 1221 3610 cogi
1231 3531 1275 3591 nti
1289 3529 1447 3590 subtilissi-

243 3603 299 3663 mis
309 3603 551 3680 515115511551555,
558 3625 631 3682 quas
640 3605 693 3664 vix
707 3606 822 3683 ipsimet
830 3608 1005 3688 intelligunt,
1012 3611 1118 3670 nedum
1127 3612 1251 3690 populns
1261 3609 1445 3686 imperitus.''

545 3684 640 3744 XIX.
663 3685 755 3746 Aliud
769 3695 813 3748 est
833 3687 983 3750 55555555
1002 3711 1031 3752 55
1044 3693 1086 3750 55
1103 3693 1252 3751 scabellum
1264 3689 1372 3766 pedum
1387 3689 1446 3748 Dei

503 3762 543 3824 id.
558 3783 660 3826 veretas
674 3765 791 3842 Arcen,
807 3787 872 3845 ques
885 3769 927 3828 115
939 3779 1068 3846 vocatur,
1083 3779 1117 3830 nt
1131 3769 1294 3848 symbolum
1309 3769 1446 3844 gloriosa

504 3843 743 3924 Deipraesentias;
758 3847 852 3908 Aliud
859 3867 929 3908 vero
940 3849 1031 3925 155551
1038 3851 1185 3910 5555511155
1193 3851 1320 3908 adorare
1325 3870 1338 3920 ,·
1359 3847 1447 3906 Prius

242 3921 346 3982 damus
359 3921 411 3982 sed
424 3939 484 3982 non
496 3923 648 4002 posterius
670 3925 732 3986 Neo
745 3928 919 3988 canterium
933 3929 1071 4005 probatur
1083 3949 1121 3989 ex
1131 3929 1207 3988 Psal.
1222 3928 1300 3986 xcix.
1317 3929 1345 4002 5,
1356 3946 1447 4004 quum

239 4001 326 4078 jubet
339 4001 453 4062 Psaltes
466 4005 526 4067 eea
543 4006 634 4063 ιιπὸ
648 4023 753 4082 umen,
767 4004 809 4066 15.
823 4009 951 4084 5555515,
965 4011 1010 4067 eei
1022 4010 1165 4068 inasrvate
1177 4029 1225 4067 555
1238 4009 1280 4066 ad
1295 4008 1448 4066 5555515151

238 4083 345 4155 pedum
358 4083 425 4157 ejus,
439 4089 472 4143 ut
486 4103 515 4142 v.
522 4085 550 4158 9,
564 4103 623 4161 1555
637 4086 692 4161 seh,
707 4088 750 4143 ad
760 4095 881 4145 51551551
893 4089 1048 4147 5555111551
1061 4093 1137 4164 ejas,·
1158 4087 1217 4148 Ubi
1232 4090 1307 4145 15555
1318 4085 1448 4163 publicu

240 4157 419 4218 5555555515
439 4163 617 4239 proponitur,
632 4183 691 4223 non
713 4167 1131 4244 55555555555555505515.
1152 4166 1256 4242 reddit,
1271 4167 1394 4224 adorate
1414 4167 1446 4224 in

241 4239 325 4298 55555
337 4243 495 4300 sanctuarii
506 4243 573 4319 ejus,
584 4243 623 4302 Et
633 4243 738 4304 LXX.
752 4244 854 4306 eadem
867 4246 957 4306 verba
971 4247 1049 4306 Psnl.
1063 4246 1175 4306 cxxxii.
1185 4249 1212 4322 t,
1227 4244 1354 4306 reddunt
1367 4271 1446 4328 xpm

241 4320 371 4394 5551555
392 4323 422 4384 sis
443 4325 482 4380 eia
501 4321 583 4399 siro»,
605 4322 787 4383 adorabimus
804 4326 847 4384 acl
868 4327 965 4402 155555,
988 4325 1017 4385 in
1039 4345 1094 4403 555
1114 4334 1250 4385 areanae
1264 4327 1354 4401 55555
1375 4331 1445 4401 qua.

241 4401 270 4458 2.
285 4397 433 4458 Jubentur
445 4401 487 4478 pii
500 4419 531 4460 se
545 4403 696 4463 incurme
704 4422 807 4464 versus
820 4403 981 4484 Templum,
997 4405 1046 4465 Ps.
1055 4426 1084 4466 v.
1100 4409 1128 4481 7,
1143 4403 1223 4482 quod
1235 4413 1333 4464 tamen
1348 4406 1446 4465 colen·

241 4475 310 4538 dum
324 4497 383 4538 555
396 4477 485 4540 titisse
499 4501 599 4542 omnes
612 4482 747 4542 fatentur.

282 4556 359 4617 XX.
371 4557 401 4617 A
411 4559 576 4620 05555155
585 4563 758 4638 5155555115
771 4581 847 4622 aeneo
860 4561 898 4622 ad
913 4563 1060 4642 imagines
1069 4583 1128 4624 non
1136 4565 1216 4624 valet
1226 4563 1445 4642 consequentia.

237 4633 334 4696 Aliud
357 4645 402 4698 est
423 4638 596 4718 symbolum,
611 4641 761 4716 emblema,
777 4650 806 4701 et
829 4651 917 4721 typus
940 4645 982 4702 rei
1004 4643 1137 4723 alicujus,
1151 4643 1297 4719 quomodo
1318 4643 1446 4724 Serpens

282 3747 373 3794 Fontes
385 3747 453 3796 Solu·

311 3807 415 3852 tionum.

845 2578 942 2639 uctivs
955 2578 993 2637 ad
1007 2579 1163 2656 exemplar.
1198 2579 1271 2637 Cum
1285 2595 1356 2652 ergo
1370 2575 1449 2633 inter
1540 2588 1541 2656 j
