3202 5194
247 367 304 429 138
688 381 779 426 rocus
794 381 974 424 onnscrnus.
1220 360 1346 444 [cussa.
1361 383 1450 426 xxiv.

246 528 342 586 Deum
356 525 509 587 colendum
524 525 578 586 rite
592 523 728 586 accedere
746 544 840 602 posse,
863 523 920 582 nisi
939 523 997 583 fids
1017 521 1048 582 in
1062 521 1209 582 Christum
1229 543 1247 581 a
1267 532 1452 602 peccatorum

244 617 327 667 reatu
341 609 435 687 plene,
450 608 487 666 ab
501 607 570 746 ipsa1
578 624 656 746 serap5
662 605 776 665 macula
788 605 891 665 saltem
906 623 944 664 ex
964 611 1045 682 parte
1064 611 1229 682 purgatum,
1244 604 1265 665 J
1268 605 1316 664 oh.
1336 606 1399 666 xiii.
1421 609 1451 683 8,

245 688 323 748 Heb.
339 709 369 747 x.
384 693 421 748 22
447 687 538 747 Titi.
575 688 592 745 5
620 689 634 744 l
659 730 666 745 .

424 733 432 764 ’
566 731 729 825 rixxrv.
751 764 894 841 neuque,
912 765 1152 841 rapsaces
1176 771 1252 842 sunt,
1267 765 1374 842 quibus
1394 765 1452 825 ns

261 820 465 880 temporassem
505 845 654 922 beneficia,
670 846 733 904 sivo
747 845 892 924 praeterita
906 845 969 904 sive
990 843 1096 920 futura
1119 843 1234 921 publice
1258 844 1452 922 predicantur

251 970 284 1016 ,u
324 971 475 1020 saaraim
506 935 536 986 et
563 925 753 985 celebrantur.
805 925 857 983 Ad
880 945 945 1004 ques
967 925 1099 1002 pertinet,
1130 927 1157 983 1.
1181 926 1257 1002 Jupe
1283 927 1452 1005 sacraficium

284 986 313 1031 ⁸⁰
506 1007 636 1084 quotidie
649 1025 734 1064 mane
748 1013 778 1064 et
791 1005 905 1083 vesperi
922 1025 987 1065 cum
1010 1004 1148 1082 adjuncto
1161 1025 1280 1064 munere
1294 1005 1390 1064 offerri
1404 1027 1450 1066 so·

242 1085 336 1162 litum,
351 1085 430 1162 quod
448 1093 510 1145 tum
525 1087 633 1146 Christi
653 1085 787 1145 sacrificii
799 1087 860 1142 vim
881 1093 910 1144 et
930 1085 1086 1144 efficaciam
1107 1093 1252 1162 aeternam,
1273 1095 1335 1145 tum
1356 1085 1451 1164 quoti-

243 1164 345 1224 dianas
359 1165 472 1243 piorum
485 1185 594 1246 preces,
611 1175 641 1226 et
654 1166 763 1225 cultum
777 1185 830 1243 per
844 1165 989 1224 Christum
1005 1166 1069 1224 Deo
1077 1172 1193 1258 gratum
1207 1165 1398 1259 signiticabat.

309 1297 437 1418 a,
462 1403 468 1418 ,
506 1326 859 1402 n
871 1245 1451 1402 reema,

244 1403 1448 1563 titiittirititlbtltititii,‘ititlatinitati

243 1563 291 1638 tis,
307 1581 361 1621 nos
375 1562 519 1624 admonet.
560 1568 711 1626 Mersa-uc
722 1567 885 1626 Neomenias
898 1567 1085 1642 vocabantur,
1095 1586 1160 1644 quse
1174 1566 1353 1645 singulorum
1367 1587 1448 1625 men-

243 1643 319 1702 sium
333 1643 462 1704 calendIs
476 1646 703 1722 celebrabantur,
719 1646 781 1706 siue
795 1646 855 1706 ulla
865 1655 962 1706 emen
976 1665 1095 1724 operum
1105 1655 1289 1706 externorum
1302 1647 1447 1706 intermis-

243 1723 333 1798 sione,
349 1743 414 1802 quae
428 1743 528 1784 omnes
541 1745 655 1786 menses
679 1745 836 1805 eorumque
857 1735 1044 1804 tempestates
1065 1727 1097 1786 in
1119 1727 1204 1786 nobis
1227 1746 1278 1803 per
1300 1725 1448 1786 Christum

243 1803 415 1862 sanctificari
429 1804 581 1866 docebant.

291 1882 452 1943 XXXVI.
474 1887 580 1946 Annua
599 1893 690 1962 erant
712 1907 777 1964 quea
796 1886 845 1946 vel
865 1886 1020 1964 quotannis
1041 1885 1233 1962 recurrebant,
1255 1886 1305 1945 vel
1334 1893 1447 1946 tantum

240 1971 308 2042 post
322 1972 432 2024 cenum
446 1985 586 2025 annorum
600 1987 771 2043 numerum
793 1967 841 2025 Ex
860 1967 1064 2026 anniversariis
1084 1966 1299 2042 festivitatibus,
1320 1967 1446 2026 maxime

242 2043 377 2102 solennes
390 2053 472 2104 erant
485 2054 544 2105 tres
558 2046 624 2122 illae,
640 2047 747 2125 quibus
760 2067 822 2106 mas
836 2047 929 2105 omnis
943 2047 974 2104 in
987 2055 1145 2124 conspectu
1163 2047 1290 2122 Domini,
1312 2067 1371 2106 non
1384 2047 1446 2107 sine

241 2143 369 2198 munere,
385 2143 550 2204 comparere
566 2126 739 2204 jubebatur:
760 2145 863 2204 nempe
878 2127 999 2202 Paschae
1016 2127 1195 2202 Pentecoste,
1212 2135 1241 2185 et
1256 2127 1375 2187 Festum
1389 2127 1445 2185 Ta·

240 2203 470 2264 bemeoulorum.
523 2205 663 2281 Quamvis
686 2226 756 2265 vero
778 2207 912 2266 instituta
934 2217 1032 2266 essent
1056 2207 1093 2266 ob
1111 2207 1340 2268 recordationem
1360 2207 1445 2266 bene·

241 2282 372 2342 liciorum
393 2285 611 2362 praeteritorum,
640 2295 674 2346 ut
695 2287 809 2345 Pascha
829 2287 860 2344 in
882 2287 1182 2346 commemorationem
1205 2287 1384 2347 liberationis
1407 2307 1446 2346 ex

242 2363 384 2441 AEgypto,
402 2365 573 2424 Pentecoste
587 2367 625 2424 ad
639 2367 824 2426 recolendum
844 2366 1015 2426 beneficIum
1030 2367 1105 2426 date
1127 2367 1224 2444 Legis,
1241 2369 1281 2429 Et
1303 2369 1445 2446 Scenope-

241 2443 291 2520 gia
308 2443 339 2502 in
359 2445 525 2504 memoriam
546 2446 654 2504 diuinae
676 2445 867 2506 Proteotionis
887 2447 919 2504 in
939 2447 1073 2524 deserto;
1094 2447 1240 2506 habebant
1259 2455 1357 2507 umen
1377 2467 1445 2507 con·

237 2523 1446 2684 titt?0diltiimptniititileriiinlgtiiiirritis*

610 2653 617 2683 a
1204 2651 1211 2682 r
1434 2640 1445 2652 “

240 2701 307 2741 nem
321 2703 358 2742 ex
373 2693 515 2761 potestate
529 2685 641 2761 inferni,
657 2695 687 2745 et
700 2687 810 2746 Christi
828 2687 1053 2747 immolationem
1074 2686 1271 2761 adumbrabat,
1295 2689 1310 2743 1
1327 2687 1392 2747 Cor.
1415 2708 1444 2748 v.

242 2766 269 2836 1,
288 2763 377 2823 lPet
392 2763 411 2823 i.
430 2767 536 2842 18,19;
560 2767 730 2826 Pentecoste
747 2767 871 2844 Spiritus
888 2768 988 2827 Sancti
1000 2767 1175 2841 missionem,
1196 2773 1225 2824 et
1240 2765 1328 2842 Legis
1349 2767 1379 2824 in
1400 2775 1443 2826 ta-

241 2842 318 2901 bulis
340 2843 470 2904 cordium
490 2846 686 2923 pereundam
709 2847 847 2925 Spiritum
868 2847 1092 2925 inscriptionem,
1116 2847 1215 2905 iCor.
1230 2845 1270 2905 iii
1285 2850 1313 2919 2,
1330 2848 1357 2922 3,
1380 2845 1443 2906 Jer.

240 2922 324 2982 xxxi.
340 2925 393 3000 333
416 2925 596 3003 Scenopegia
609 2926 868 3004 peregrinationem
883 2928 1009 2988 hominis
1029 2927 1070 3006 pii
1090 2945 1142 3006 per
1155 2927 1210 2986 hoc
1223 2926 1326 2986 mundi
1346 2927 1443 2986 deser·

239 3011 302 3062 tum
317 3003 355 3062 ad
368 3004 515 3064 coelestem
529 3005 659 3085 patriam,
676 3006 753 3066 lieb.
768 3008 831 3066 xiii.
848 3011 895 3066 14.

281 3082 459 3144 XXXVII.
483 3085 554 3144 Post
567 3094 710 3144 certorum
724 3105 866 3147 annorum
880 3087 1035 3146 intervalla
1047 3087 1223 3148 recurrentia
1237 3087 1311 3148 leste
1330 3087 1446 3148 fuerunt

239 3163 339 3221 Anaua
353 3165 541 3240 Sabbotlinrs,
558 3166 681 3243 septimo
694 3185 809 3244 quoque
830 3187 906 3226 anno
920 3168 1044 3244 rediens,
1059 3168 1091 3225 in
1110 3188 1169 3245 quo
1183 3169 1303 3228 culturae
1324 3168 1447 3228 dabetm

239 3243 432 3320 intermissio;
461 3246 620 3320 latitarunt,
633 3246 881 3324 quinquagesimo,
897 3248 928 3306 in
949 3267 1007 3324 quo
1021 3257 1161 3324 praterea
1175 3257 1237 3308 erat
1258 3249 1457 3308 manumissio.

240 3341 398 3397 servorum,
414 3324 544 3382 remissio
558 3324 729 3403 debitorum,
746 3328 928 3387 othonorum
943 3327 1127 3385 venditorum
1147 3327 1306 3387 restitutio:
1328 3328 1444 3404 symbo-

238 3400 300 3458 lum
322 3401 443 3461 Jubilaei
460 3403 632 3482 Evangelici
655 3427 707 3484 per
731 3407 838 3466 Christi
861 3405 1055 3481 Evangelium
1075 3405 1260 3481 promulgati,
1284 3407 1363 3482 quod
1376 3425 1445 3464 vers

239 3499 333 3574 annus
347 3483 533 3559 acceptabilis
547 3483 673 3580 Domini,
691 3487 731 3546 Is.
746 3486 797 3544 lxi.
816 3489 841 3578 1,
852 3487 879 3560 i,
890 3487 922 3576 3,
933 3484 964 3541 in
977 3503 1035 3560 quo
1050 3484 1148 3542 debita
1161 3484 1259 3577 orpnia
1272 3484 1442 3578 spiritpalia,

239 3563 1263 3722 intinniititiisistitinitiabilis:
1276 3563 1383 3701 iti:
1395 3563 1442 3718 ii:

235 3721 326 3779 Rom.
341 3722 380 3780 vi.
398 3723 443 3800 13,
459 3732 488 3783 et
501 3725 579 3783 bona
591 3745 643 3802 per
656 3725 802 3784 Adamnrn
818 3725 924 3783 amissa
939 3723 1149 3783 restituuntur:
1170 3741 1229 3782 uno
1243 3723 1342 3797 verbo,
1357 3723 1444 3800 plena

236 3801 276 3860 ab
291 3801 424 3940 omdpibus
438 3804 523 3864 malis
543 3805 685 3881 liberatio,
701 3813 731 3864 et
756 3803 884 3883 perlecta
906 3823 941 3863 ac
965 3804 1139 3883 sempiterna
1162 3803 1217 3864 sub
1232 3803 1347 3862 Christo
1361 3803 1443 3880 quies

236 3900 327 3940 conce
350 3883 414 3942 'tun

278 3962 475 4022 XXXVIII.
497 3963 571 4022 Hac
586 3963 679 4023 obiter
691 3971 721 4023 et
735 3963 856 4024 strictim
870 3963 907 4024 de
921 3963 1106 4024 Ceremoniis
1122 3970 1152 4022 et
1172 3981 1270 4022 earum
1283 3981 1348 4038 nsu,
1370 3979 1444 4040 pre·

236 4042 337 4100 sertim
358 4043 457 4121 typico
471 4052 501 4102 et
522 4043 686 4121 figurativo,
702 4043 780 4103 dicta
801 4053 896 4104 sunto.
939 4045 1046 4104 Fusius
1067 4044 1144 4102 enim
1167 4044 1223 4104 ista
1247 4043 1390 4121 persequi,
1416 4051 1445 4102 et

237 4122 376 4197 mysteria
390 4123 518 4182 omnium
533 4123 774 4183 Ceremoniarum
788 4124 939 4202 sigillatim
953 4123 1124 4202 expendere,
1140 4143 1199 4184 non
1212 4125 1300 4184 unius
1309 4123 1358 4182 vel
1372 4123 1443 4183 alte·

237 4200 298 4259 rius
319 4201 450 4278 pagella,
473 4203 525 4262 sed
545 4203 619 4281 justi
641 4211 780 4262 tractatus
801 4211 1004 4282 argumentum
1025 4213 1110 4280 esset,
1132 4205 1212 4282 quod
1229 4223 1306 4264 nunc
1325 4211 1445 4263 nonest

237 4281 330 4374 nostri
343 4281 476 4360 instituti,
492 4291 522 4343 et
535 4283 573 4342 ad
588 4282 768 4342 Didaeticam
787 4285 885 4362 potins
904 4305 991 4363 quam
1010 4285 1048 4344 ad
1063 4285 1242 4346 Elencticam
1256 4284 1445 4362 Theologiam

236 4369 370 4438 pertinet.
