3192 5206
115 356 226 406 oussr.
241 332 299 415 va]
466 354 505 394 uu
520 354 636 397 orarem
649 354 768 395 cunrsrr
782 353 978 396 usuraromo.
1271 339 1329 398 319

115 496 137 557 J
139 496 235 556 oh.iii.
247 497 295 571 34,
302 513 361 572 quo
375 491 550 555 sufficienter
560 496 718 556 instructus
729 496 783 555 fuit
797 495 834 554 ed
842 514 948 554 munus
963 513 1055 571 suum,
1071 503 1101 554 et
1113 495 1242 555 thesauri
1254 497 1330 576 sapi·

116 577 203 636 entim
214 585 244 634 et
257 574 457 651 intelligentiae
471 575 501 632 in
515 576 578 653 ipso
592 575 953 650 lueruntabsconditi,(lol.
968 575 998 634 ii.
1008 578 1037 635 3.
1047 575 1240 636 Confirmatur
1249 597 1286 636 ex
1296 597 1331 637 eo

115 657 195 734 quod
209 675 281 734 puer
295 654 389 712 adhuc
403 652 597 714 duodecennis
610 655 753 714 mirabilia
767 655 847 713 dedit
861 655 1008 732 sapientiae
1024 675 1082 713 suae
1098 656 1263 732 specimine,
1279 655 1330 715 do-

115 753 185 796 eens
200 735 230 794 in
245 734 367 811 Templo
381 741 411 792 et
424 735 574 812 disputans
588 755 653 794 oum
670 735 834 809 Pharisaeis,
845 735 916 793 Luc.
926 735 955 792 ii.
966 738 1014 794 47,
1038 735 1076 794 Ει
1087 735 1166 813 quod
1179 736 1209 793 iu
1220 735 1330 814 baptis-

115 835 165 874 mo
178 823 246 874 ante
257 814 390 872 fictitium
404 815 485 872 illum
499 825 613 892 raptum
629 815 715 874 Pater
729 815 843 874 coelitus
857 821 979 873 testatur
993 834 1024 872 se
1038 814 1068 871 in
1082 835 1117 874 eo
1137 815 1329 892 acquiescere,

115 894 263 973 quomodo
297 901 393 952 autem
408 903 505 972 posset
519 895 549 952 ln
560 915 594 953 co
608 895 799 972 acquiescere,
815 895 865 970 qui
879 894 1058 952 voluntatem
1073 896 1137 972 ejus
1150 905 1331 973 perspectam

117 975 247 1034 nondum
261 974 404 1033 heberet?
425 975 531 1049 Tertio,
539 974 564 1032 si
576 975 708 1033 Christus
722 973 900 1033 ascendisset
910 974 941 1030 in
952 974 1057 1032 omium
1066 983 1132 1051 post
1142 976 1329 1054 baptismum;

118 1053 269 1131 Scriptura
281 1053 456 1130 praemittere
470 1053 588 1113 deberet
603 1055 666 1132 ejus
680 1073 833 1112 ascensum
847 1053 1007 1130 descensui,
1024 1073 1090 1113 oum
1101 1054 1329 1114 contradescen·

117 1153 181 1194 sum
194 1131 353 1211 praemittat
367 1134 509 1208 ascensui,
527 1135 602 1211 Eph.
614 1133 653 1192 iv.
669 1135 697 1192 9.
1052 1177 1055 1184 .

420 1214 458 1273 V.
481 1213 574 1272 Aliud
588 1222 632 1272 est
646 1213 791 1272 Christum
807 1212 971 1272 ascendisse
993 1212 1024 1270 in
1047 1212 1152 1271 coelum
1171 1215 1293 1290 proprie
1306 1224 1333 1274 et

147 1288 328 1394 F⁰¹210⁸⁸⁰¹¹b
380 1294 506 1353 localiter
516 1293 626 1352 ratione
641 1292 836 1368 hamanitatis,
862 1290 954 1351 Aliud
963 1294 1122 1364 ‚mcendiase
1145 1295 1333 1370 metaphorice

179 1355 285 1396 tonum.
380 1383 408 1432 et
440 1374 551 1450 mystice
577 1393 629 1450 per
656 1372 806 1431 sublimem
849 1372 1052 1449 mysteriorum
1079 1373 1238 1433 eoelestIum
1263 1393 1332 1452 cog·

118 1453 266 1513 ultionem.
279 1455 412 1514 Christus
425 1473 484 1512 nou
494 1453 599 1512 dicitur
608 1451 771 1512 ascendisse
785 1451 816 1509 in
822 1452 926 1510 coelum
941 1453 1029 1528 priori
1043 1471 1138 1530 semu,
1150 1454 1172 1512 J
1174 1454 1220 1512 oh.
1230 1454 1271 1512 iii.
1285 1459 1332 1529 13,

120 1536 139 1567 “
149 1533 241 1593 Nemo
251 1533 418 1594 ascenditis
429 1533 533 1592 caelum
544 1532 600 1590 nisi
609 1532 659 1590 ille
673 1531 723 1610 qui
732 1531 881 1590 descendit
891 1531 927 1589 de
937 1531 1019 1606 coelo,
1037 1533 1129 1591 Filius
1143 1533 1268 1592 hominis
1283 1534 1334 1611 qui

118 1613 204 1672 estin
229 1614 332 1690 cmlo,”
347 1613 416 1691 quia
430 1612 507 1672 idem
520 1610 570 1690 qui
584 1611 723 1686 ascendit,
738 1610 922 1670 descendisse
937 1610 1049 1686 dicitur,
1065 1621 1095 1671 et
1109 1613 1150 1670 sic
1164 1631 1222 1671 uon
1235 1621 1335 1691 posset

118 1691 177 1750 dici
191 1713 254 1753 esse
268 1694 363 1754 adhuc
373 1693 404 1752 in
414 1693 505 1769 cralo,
528 1691 579 1751 sed
593 1691 629 1750 de
650 1711 771 1750 ascensu
792 1691 924 1768 mystico,
950 1700 982 1750 ut
1006 1691 1160 1751 ascendere
1184 1693 1214 1750 in
1228 1693 1334 1751 coelum

119 1771 235 1850 dicitur,
247 1774 409 1852 quiescens
417 1772 630 1850 coelipenetrat,
647 1772 734 1829 Prcv.
749 1791 822 1828 xxx.
838 1773 865 1846 4,
881 1771 1097 1847 quiaquantum
1108 1772 1213 1830 eoelum
1227 1791 1245 1830 a
1259 1781 1335 1832 terre

121 1851 219 1928 distat,
235 1861 347 1912 tantum
357 1851 478 1911 consilia
491 1851 591 1910 divina
604 1852 640 1909 ab
654 1849 796 1924 humanis,
814 1850 871 1908 Isa.
885 1849 926 1908 lv.
942 1851 969 1926 9,
982 1850 1061 1926 quod
1071 1871 1159 1929 prope
1168 1871 1222 1911 nos
1231 1860 1275 1911 est
1284 1851 1334 1911 ob-

123 1931 240 1990 viumet
248 1933 374 2009 planum,
384 1931 414 1990 id
422 1931 696 1991 diciturnonessein
704 1929 787 2004 coslo,
797 1939 830 1988 ut
838 1948 872 1988 eo
884 1929 921 1988 sit
930 1930 1152 2006 ascendendum,
1164 1932 1250 1990 Dent.
1262 1951 1337 1990 xxx.

125 2014 171 2087 12,
180 2010 265 2071 Rom.
280 2033 309 2072 x.
326 2014 354 2071 6.
377 2011 425 2071 Sic
439 2030 541 2070 sensus
555 2010 610 2070 erit
623 2009 767 2068 neminem
780 2028 866 2068 nosse
876 2028 923 2068 res
934 2009 1066 2069 coelestes
1074 2019 1103 2069 et
1112 2011 1258 2071 conscium
1273 2031 1338 2071 esse

122 2091 236 2150 consilii
250 2091 342 2150 divini
362 2101 466 2169 praeter
480 2110 519 2166 se,
535 2097 565 2149 et
578 2089 666 2148 series
681 2089 821 2148 sermonis
834 2109 869 2147 eo
878 2089 1028 2147 referende
1039 2089 1166 2149 esseista
1184 2091 1275 2149 verba
1284 2089 1336 2150 do-

122 2177 176 2244 cet,
187 2171 324 2248 quiever.
335 2170 510 2249 praecedenti
520 2170 556 2229 de
569 2169 747 2228 revelatione
761 2168 963 2246 mysteriorum
978 2179 1085 2246 egerat,
1100 2170 1137 2227 Si
1148 2179 1261 2230 terrena
1275 2171 1340 2229 dixi

121 2251 195 2310 vota
209 2260 236 2310 et
256 2271 312 2311 non
325 2251 446 2324 creditis,
462 2252 599 2327 thmodo
613 2249 738 2324 credetis,
754 2248 885 2307 sidicam
908 2249 1049 2307 caelestia!
1097 2249 1137 2308 Et
1149 2258 1183 2308 ut
1196 2250 1337 2309 munnam

121 2328 233 2406 reddat,
246 2351 298 2390 cur
307 2339 337 2390 st
350 2331 411 2408 ipss
427 2330 555 2390 caelestia
564 2329 657 2407 possit
670 2349 723 2388 suo
732 2329 799 2405 jure
813 2327 925 2403 docere,
940 2336 969 2387 et
983 2348 1068 2387 nemo
1082 2349 1117 2387 sa
1137 2349 1221 2388 nosse
1236 2330 1337 2407 possit,

122 2405 180 2468 nisi
203 2409 267 2487 ipso
289 2410 418 2486 docente,
434 2408 524 2476 addit,
549 2411 641 2468 Nemo
655 2407 819 2467 ascenditis
829 2411 934 2483 coehm,
947 2409 993 2482 dc.
1016 2408 1157 2468 Caeterum
1172 2409 1250 2486 quod
1265 2409 1337 2468 Fili·

125 2509 159 2548 us
182 2489 308 2548 hominis
332 2489 439 2549 dicitur
471 2509 535 2548 esse
558 2489 685 2563 incaelo,
700 2487 756 2546 hoc
770 2487 806 2546 ds
821 2487 949 2546 Persona
963 2487 994 2545 in
1007 2497 1149 2563 concreto,
1165 2509 1223 2548 non
1237 2488 1274 2548 de
1288 2509 1339 2550 na-

123 2577 189 2628 tura
202 2569 328 2629 humana
348 2569 379 2628 in
402 2569 547 2629 abstracto
569 2575 614 2627 est
627 2566 857 2645 intelligendum.

163 2649 219 2708 VI.
242 2649 338 2724 Quum
366 2649 498 2709 Christus
525 2649 632 2708 dicitur
651 2647 835 2706 descendisse
858 2667 873 2705 e
898 2647 980 2722 coelo,
1007 2653 1036 2706 st
1057 2647 1184 2706 exivisse
1209 2668 1227 2707 a
1252 2649 1338 2708 Patre

123 2727 194 2788 Joh.
216 2729 256 2788 vi.
278 2732 326 2804 38,
348 2737 378 2788 et
398 2729 459 2788 xvi.
481 2731 529 2805 28,
551 2728 649 2806 agitur
668 2726 704 2785 de
725 2726 920 2804 metaphorico
935 2727 997 2804 ejus
1011 2725 1153 2786 descensu
1173 2747 1225 2804 per
1245 2729 1337 2786 maui-

123 2808 306 2868 lestationem
319 2811 350 2867 iu
364 2827 457 2884 carne,
473 2828 532 2868 non
544 2816 578 2867 ut
591 2815 668 2866 esset
680 2806 732 2865 ubi
745 2825 803 2866 non
817 2814 879 2865 erat
892 2806 980 2883 prius,
997 2805 1049 2864 sed
1061 2814 1095 2864 ut
1107 2806 1148 2863 ibi
1158 2815 1338 2884 operaretur3

127 2887 186 2948 Sed
199 2908 258 2947 non
273 2889 444 2967 supponitur
456 2888 557 2948 localis
572 2887 636 2964 ejus
650 2885 808 2945 descensus
819 2884 977 2945 seeundum
991 2885 1208 2960 humanitatem,
1221 2906 1275 2944 nec
1285 2907 1339 2944 un·

124 2987 211 3045 quam
227 2969 359 3027 Christus
373 2967 480 3027 dicitur
493 2967 612 3028 rediisse
627 2987 643 3026 e
657 2966 740 3042 coelo,
756 2964 808 3024 sed
822 2967 937 3024 venisse
952 2972 1073 3023 tantum.
1105 2962 1137 3021 N
1138 2985 1171 3023 ec
1196 2966 1221 3023 si
1245 2965 1338 3024 Filius

125 3047 252 3108 hominis
265 3047 371 3107 dicitur
384 3047 539 3107 ascendere
553 3055 619 3125 post
644 3044 891 3118 resurrectionem,
920 3044 970 3102 ubi
984 3051 1045 3102 erat
1058 3044 1138 3121 prius
1150 3044 1219 3104 Joh.
1234 3045 1274 3103 vl.
1290 3047 1338 3120 62,

125 3127 181 3187 hoc
194 3126 416 3206 intelligendum
432 3126 590 3186 secundum
603 3125 821 3199 humanitatem,
837 3124 889 3183 sed
902 3122 1061 3182 secundum
1082 3123 1273 3197 divinitatem,
1288 3125 1339 3184 ubi

126 3215 193 3268 ants
207 3207 262 3267 fuit
276 3211 287 3266 t
301 3208 390 3283 Διγκ,
406 3227 472 3266 cum
486 3214 563 3266 esset
577 3233 636 3287 ηις
650 3210 689 3264 τιν
701 3208 756 3263 aaa
768 3205 839 3263 Joh.
853 3203 873 3262 i.
890 3207 917 3262 1.

167 3287 241 3347 VII.
263 3287 403 3363 Quemvis
417 3287 548 3346 Christus
563 3306 598 3346 ee
609 3287 752 3362 loquatur,
762 3303 828 3362 quae
838 3283 958 3343 edoctus
979 3287 1023 3341 est
1041 3301 1059 3340 a
1083 3282 1178 3358 Patre,
1196 3283 1266 3342 Joh.
1278 3283 1339 3344 viii.

127 3369 166 3426 38
182 3367 251 3444 quia
263 3367 393 3446 loquitur
406 3387 471 3446 quae
485 3366 607 3442 audivit,
623 3366 644 3426 J
646 3365 692 3424 oh.
718 3365 759 3423 iii.
783 3367 830 3438 32,
857 3370 886 3422 et
899 3362 973 3420 nihil
987 3361 1056 3421 lacit
1070 3361 1148 3440 quod
1161 3382 1220 3421 non
1234 3363 1342 3424 viderit

128 3447 245 3506 Patrem
269 3455 443 3526 operantem,
469 3446 539 3506 Joh.
567 3465 596 3505 v.
622 3447 668 3520 19,
682 3454 716 3504 ut
737 3444 874 3502 innuatur
895 3443 1003 3502 Filium
1027 3441 1126 3502 intime
1147 3443 1255 3503 hebere
1275 3463 1341 3520 per·

126 3535 225 3605 specta
235 3529 332 3586 omnia
345 3547 433 3606 opera
447 3526 559 3602 Petris;
582 3525 648 3585 Non
662 3524 792 3602 sequitur
804 3531 919 3601 raptum
933 3521 1021 3582 fuisse
1043 3521 1074 3580 iu
1096 3523 1209 3598 eoelum,
1224 3531 1258 3582 ut
1271 3523 1342 3583 talia

126 3607 247 3684 audiret,
258 3608 306 3667 vel
314 3606 435 3682 videret,
448 3606 517 3684 quia
526 3607 581 3664 hoc
591 3604 693 3664 habuit
703 3624 740 3662 ex
751 3604 853 3663 intima
861 3602 1060 3662 communione
1071 3623 1137 3662 cum
1148 3603 1243 3680 Patre,
1255 3621 1341 3681 prop-

125 3695 170 3746 ter
184 3707 270 3766 quam
285 3687 391 3747 dicitur
404 3707 468 3748 esse
482 3686 512 3744 in
526 3686 593 3746 sinu
602 3685 706 3760 Patris,
716 3683 738 3744 J
740 3685 787 3743 oh.
801 3683 821 3743 i.
838 3685 884 3760 18,
901 3691 930 3742 et
940 3682 1061 3761 quiaest
1071 3683 1101 3740 in
1116 3683 1181 3743 sinu
1191 3684 1264 3761 ejus,
1275 3703 1341 3743 eum

127 3767 211 3826 nobis
224 3768 363 3826 revelare.

168 3846 260 3905 VIII.
283 3847 366 3907 Licet
376 3846 508 3906 Christus
521 3865 580 3904 non
594 3843 680 3903 fuerit
692 3850 792 3920 raptus
806 3841 836 3901 in
850 3843 964 3918 coelum,
985 3859 1044 3899 non
1056 3849 1209 3919 propterea
1222 3859 1341 3900 censen-

129 3922 185 3982 dus
198 3933 244 3983 est
257 3925 341 3985 Mose
354 3933 385 3986 et
398 3926 491 3986 Paulo
505 3925 631 3998 inferior,
647 3922 697 4001 qui
712 3923 742 3981 iu
758 3921 863 3980 coelum
878 3921 953 3999 rapti
967 3929 1043 3996 sunt,
1057 3929 1122 3979 uta
1147 3921 1211 3979 Deo
1224 3919 1339 3979 institu-

130 4009 255 4063 erentur.
279 4007 305 4063 1.
327 4005 402 4080 Quia
415 4007 471 4066 etsi
484 4026 519 4066 eo
533 4004 608 4082 rapti
621 4003 753 4074 fuissent,
769 4001 901 4061 Christus
915 4001 1002 4078 longe
1023 3999 1216 4078 praestantiori
1229 4000 1340 4058 ratione

128 4103 147 4142 a
161 4082 225 4141 Deo
239 4081 359 4143 edoctus
369 4093 421 4160 est,
437 4105 475 4146 ex
488 4086 519 4143 vi
535 4083 659 4145 Uniouis
672 4081 872 4159 hypostatice.
887 4085 916 4140 2.
959 4079 1034 4155 Quia
1047 4079 1105 4137 alie
1118 4087 1163 4137 sst
1183 4077 1257 4137 ratio
1273 4079 1339 4138 Ser-

127 4181 241 4237 vorum,
257 4170 286 4222 et
299 4163 427 4222 Domini.
457 4165 506 4222 Illi
520 4184 592 4242 opus
602 4163 766 4222 habuerunt
780 4160 920 4239 singulari
940 4168 970 4218 st
984 4157 1212 4218 extraordinaria
1225 4157 1340 4218 institu-

126 4242 207 4303 tione
218 4240 256 4300 ad
270 4261 305 4301 ea
318 4262 352 4301 co
393 4244 518 4303 oscanda
527 4264 592 4322 quae
606 4241 788 4321 ignorabant.
812 4241 871 4300 Sed
885 4239 1016 4300 Christus
1030 4257 1048 4296 a
1060 4245 1206 4297 momento
1220 4257 1341 4315 concep·

127 4322 217 4382 tionis
230 4329 337 4380 unctus
373 4323 461 4400 piritu
473 4323 503 4383 S.
517 4323 684 4402 planissime
707 4321 770 4380 haec
796 4320 899 4380 habuit
925 4325 1083 4396 perspecta
1112 4319 1140 4376 3.
1170 4317 1268 4376 Moses
1282 4336 1341 4376 non

127 4401 236 4462 dicitru
249 4401 280 4458 in
294 4402 400 4460 coelnm
413 4413 511 4480 raptus
525 4403 577 4462 sed
591 4403 621 4462 in
634 4409 771 4460 montem.
799 4401 908 4460 Paulus
930 4398 1036 4457 dicitur
1058 4397 1175 4475 quidem
1197 4405 1296 4475 raptus
1310 4396 1341 4455 in

126 4481 247 4542 tertium
261 4481 376 4556 coelum,
392 4480 443 4539 sed
457 4483 615 4560 suspiritu,
631 4501 668 4541 an
684 4500 802 4561 corpore
810 4488 910 4558 raptus
921 4477 1016 4555 fuerit,
1026 4476 1084 4537 dici
1094 4497 1152 4536 uon
1162 4484 1266 4557 potest,
1278 4475 1342 4555 ipso

129 4563 222 4623 Paulo
236 4561 347 4622 fetente
361 4579 393 4621 se
405 4560 461 4621 hoc
474 4561 614 4640 ignorare.
