3146 5210
259 355 317 414 trs
641 370 734 412 noces
748 369 878 410 oremus
892 367 1037 418 curares,
1269 349 1398 430 [erasm
1413 370 1460 410 ιτ.

256 510 467 589 impetrandum
478 512 589 590 aliquid
598 509 776 590 permodum
788 510 860 569 novi
872 509 975 585 meriti,
990 509 1060 587 quie
1073 509 1205 570 Christus
1216 508 1245 567 in
1259 517 1354 570 morte
1368 511 1461 569 omnia

257 591 477 666 consummavit,
493 601 525 651 ut
539 594 601 672 ipse
612 600 742 666 testatur,
754 591 824 650 Joh.
837 590 909 649 xvii.
920 595 948 665 4,
964 598 993 649 et
1007 591 1068 648 xix.
1081 593 1129 666 30,
1145 599 1175 650 et
1189 590 1308 664 Paulus,
1325 591 1403 649 Heb.
1414 591 1460 648 vii.

257 673 305 740 28,
321 681 351 730 et
364 693 394 731 x.
412 675 458 730 14.
482 673 540 732 Sed
564 681 597 732 ut
610 671 688 751 quod
701 671 804 730 meritc
825 671 925 730 mortis
947 689 1007 730 suae
1035 670 1119 728 nobis
1132 669 1297 747 acquisivit,
1311 690 1415 748 reapse
1435 681 1462 728 et

257 750 410 810 efficaciter
426 752 511 811 nobis
532 753 571 812 cd
594 753 715 811 salutem
731 750 898 827 applicetur.

298 831 388 890 XIV.
420 832 493 890 llaec
531 831 704 892 Intercessio
728 831 817 888 variis
844 829 957 889 actibus
981 829 1162 888 absolvitur:
1187 831 1214 887 1.
1251 829 1462 905 Comparr'ticac

258 909 366 970 Christi
379 931 431 989 pro
446 912 538 986 nobis,
551 932 609 988 qua
622 931 653 970 se
668 909 744 969 sistit
767 911 830 968 Deo
846 910 926 968 Patri
949 917 1085 986 tanquam
1106 909 1225 967 unicum
1247 908 1463 968 Satislactcrsm

257 1009 310 1068 pro
334 992 460 1068 peccatis
481 992 596 1066 nostris,
612 989 781 1067 sanguinem
800 989 890 1048 semel
903 988 1007 1062 fusum,
1024 988 1063 1046 id.
1087 989 1221 1047 meritum
1235 989 1337 1048 mortis
1359 1009 1461 1066 repra-

258 1071 406 1146 sentando,
422 1078 451 1128 et
465 1071 604 1146 rogando,
620 1079 652 1129 ut
665 1069 703 1128 ad
717 1070 781 1146 ejus
794 1069 930 1127 intuitum
944 1077 1063 1145 peccata
1075 1077 1175 1127 nostra
1187 1067 1273 1126 nobis
1285 1069 1424 1142 remittat,
1437 1077 1464 1126 et

258 1149 399 1208 beneficia
422 1149 518 1208 omnia
540 1150 721 1209 adsalutem
746 1148 908 1208 neccssaria
929 1148 1014 1207 nobis
1027 1147 1174 1224 largiatur,
1200 1147 1293 1206 donec
1318 1149 1356 1206 ad
1371 1149 1463 1224 plenae

258 1229 404 1288 felicitatis
414 1231 626 1306 possessionem
650 1249 704 1288 nos
723 1228 886 1303 adduxerit,
912 1228 982 1288 Joh.
1006 1228 1078 1286 xvii.
1104 1231 1152 1303 24,
1167 1225 1269 1303 Pater,
1285 1231 1399 1302 volant
1420 1229 1466 1286 sti

258 1329 308 1385 epo
335 1329 405 1384 cunc
433 1311 472 1368 iti
495 1311 551 1368 sint
574 1320 600 1369 et
613 1311 656 1368 illi
674 1329 743 1385 quoa
756 1309 825 1366 miti
847 1309 955 1383 dedicta,
970 1317 1000 1366 ut
1019 1309 1133 1366 videant
1152 1308 1277 1382 ploriam
1289 1327 1392 1383 means,
1407 1305 1462 1364 &a

260 1389 354 1464 Unde,
372 1389 463 1466 Apoc.
489 1409 518 1448 v.
540 1392 568 1465 6,
596 1391 695 1466 Agnus
707 1390 817 1447 videtur
831 1390 860 1447 in
875 1389 958 1447 Calais
970 1397 1047 1446 stans
1071 1386 1265 1464 ὑςίσφιγμέικ
1289 1397 1321 1446 at
1348 1389 1464 1460 cem,

257 1470 327 1546 quia
341 1469 459 1546 sanguis
473 1469 535 1546 ejus
547 1489 659 1546 semper
682 1487 782 1527 recens
797 1476 842 1527 est
855 1476 884 1527 et
897 1469 992 1542 vivus,
1008 1467 1047 1525 id.
1069 1477 1183 1526 aeternae
1197 1467 1315 1526 virtutis
1324 1475 1354 1526 ct
1367 1466 1464 1525 effica-

257 1549 318 1610 ciae.
341 1553 369 1608 2.
384 1551 560 1624 Defensione,
577 1559 606 1608 et
623 1549 781 1626 patrocinio
795 1557 894 1607 nostro
907 1547 1047 1606 adversus
1057 1548 1145 1624 Legis
1154 1547 1283 1621 firlmina,
1298 1555 1329 1605 et
1344 1546 1465 1604 Diaboli

258 1630 480 1703 criminationes,
502 1649 619 1690 causam
633 1637 761 1687 nostram
788 1628 901 1704 egendo
915 1627 945 1685 in
969 1627 1024 1685 Dci
1034 1626 1155 1704 judicio.
1198 1629 1225 1685 3.
1240 1627 1397 1702 &cadom
1409 1646 1465 1703 pro

258 1709 352 1784 nobie,
369 1730 427 1787 qus
450 1718 483 1769 ut
504 1730 521 1768 a
541 1711 627 1768 Patre
649 1708 777 1786 postulat
795 1707 927 1784 gratiam,
943 1714 973 1764 et
996 1706 1072 1765 dona
1095 1706 1220 1784 Spiritus
1240 1706 1405 1765 necessaris
1425 1705 1466 1764 ad

256 1789 508 1866 perseverandum,
531 1789 578 1848 Ita
605 1788 733 1847 vicissim
755 1787 870 1846 nomine
884 1795 982 1846 nostro
1004 1786 1126 1863 spondet
1141 1787 1204 1845 Deo
1226 1786 1421 1844 obedientiam
1436 1793 1467 1844 et

256 1869 434 1929 fidelitatem.
457 1873 484 1927 4.
503 1869 647 1929 Oblationc
662 1887 862 1944 personatam,
885 1867 1138 1946 etscnctiſscationc
1156 1886 1277 1942 precum
1289 1875 1465 1940 normarum,

230 1962 235 1971 “
257 1959 284 2008 et
297 1951 378 2008 totius
392 1951 480 2007 cultus
493 1950 590 2023 metri,
605 1955 748 2026 quatenus
762 1947 906 2006 crationes
920 1965 1020 2004 omnes
1033 1954 1148 2005 nostras
1161 1953 1300 2022 tamquam
1315 1945 1465 2004 Sacrificio

257 2029 418 2106 spiritualia
431 2029 493 2105 ipse
515 2029 578 2086 Deo
593 2028 685 2103 offert,
701 2027 834 2086 sacrificii
854 2027 899 2085 sui
920 2025 1150 2102 flagrantissimo
1164 2025 1251 2084 odore
1275 2024 1415 2099 delibuta,
1429 2033 1465 2082 ut

257 2109 287 2166 in
301 2108 365 2185 ipso
376 2117 405 2167 ct
419 2128 470 2184 per
483 2108 578 2184 ipsum
594 2108 657 2166 Deo
671 2115 761 2184 gratia
776 2107 834 2166 sint
856 2114 886 2164 ct
908 2114 1042 2182 acceptoe,
1060 2108 1075 2163 1
1092 2106 1155 2164 Pet.
1175 2105 1204 2163 ii.
1231 2107 1259 2164 5.
1302 2104 1390 2164 Unde
1417 2124 1464 2162 re·

256 2195 454 2264 praesentatur,
482 2186 574 2265 Apoc.
589 2187 650 2246 viii.
675 2191 703 2261 3,
719 2195 753 2246 ut
767 2186 900 2262 Angelus
927 2205 993 2244 cum
1007 2185 1154 2244 thuribulo
1176 2205 1272 2261 aureo,
1294 2184 1342 2242 cui
1355 2183 1466 2242 dantur

256 2267 368 2325 suffitus
392 2267 484 2340 multi,
510 2276 542 2326 ut
564 2267 614 2327 det
627 2267 805 2326 orationibus
826 2267 995 2324 Sanctorum
1008 2287 1015 2340 ;
1040 2272 1070 2322 ct
1084 2264 1153 2322 alibi
1166 2264 1273 2323 dicitur
1287 2264 1400 2338 Altera,
1415 2265 1465 2322 cui

256 2344 430 2420 imponenda
444 2354 512 2403 sunt
533 2347 629 2404 omnia
650 2346 789 2404 sacrificia
810 2353 917 2419 nostra,
933 2352 963 2403 ct
980 2345 1083 2421 inquo
1104 2343 1166 2403 solo
1187 2345 1283 2404 cultus
1302 2344 1463 2418 rationalis,

256 2443 342 2499 quem
359 2424 422 2481 Deo
436 2424 615 2498 exhibemus,
631 2432 727 2501 potest
739 2425 802 2482 Deo
817 2444 880 2482 esse
896 2433 1005 2500 gratus.

297 2502 369 2560 XV.
392 2502 470 2560 Hinc
485 2511 564 2578 patet
580 2522 667 2579 quam
681 2504 768 2579 longe
782 2512 811 2563 ct
824 2503 883 2561 late
897 2503 1032 2563 differant
1042 2502 1195 2578 orationes,
1208 2521 1280 2579 quas
1290 2500 1394 2560 fideles
1407 2523 1462 2580 pro

257 2600 287 2640 se
302 2582 427 2639 invicem
438 2581 570 2657 fundunt,
593 2584 630 2641 ab
652 2583 865 2641 Intercessionc
883 2583 1000 2642 Christi.
1042 2583 1174 2642 Christus
1188 2583 1264 2641 enim
1279 2583 1359 2640 solus
1372 2583 1464 2640 inter·

256 2661 334 2720 cedit
347 2681 399 2738 pro
413 2661 497 2720 nobis
511 2662 613 2722 merito
627 2673 656 2722 et
666 2662 782 2739 justitia
802 2681 855 2720 sua
875 2662 970 2737 rusus,
987 2663 1066 2722 solus
1079 2683 1131 2740 per
1145 2683 1175 2720 se
1189 2671 1218 2721 et
1231 2669 1349 2739 propter
1362 2681 1394 2719 se
1409 2663 1464 2719 im·

255 2751 349 2819 petrat
363 2741 442 2819 quod
455 2743 536 2819 petit,
552 2742 631 2803 solus
645 2742 810 2802 immediate
830 2750 860 2801 et
881 2742 941 2801 sine
956 2743 1016 2801 ullo
1031 2743 1088 2801 alio
1103 2742 1297 2801 Intercessere
1312 2741 1350 2798 ad
1365 2741 1464 2799 Deum

255 2822 375 2897 accedit,
393 2823 471 2881 solus
493 2823 557 2882 loco
579 2831 677 2882 nostro
700 2831 759 2882 stat
780 2829 810 2881 et
831 2829 978 2900 comparet
999 2841 1095 2880 coram
1117 2823 1189 2896 Deo,
1206 2820 1284 2880 solus
1298 2819 1382 2878 offert
1398 2822 1464 2880 Deo

254 2921 401 2978 personas,
424 2923 532 2980 preces,
557 2911 586 2962 et
608 2904 737 2962 actiones
758 2909 880 2961 nostras.
930 2901 989 2962 Sed
1009 2901 1119 2977 fideles,
1143 2921 1197 2960 nec
1220 2900 1337 2978 proprio
1358 2902 1464 2958 merito

255 2983 394 3057 nituntur,
410 3003 463 3042 nec
477 3003 528 3061 per
539 3003 569 3042 sc
583 2991 613 3042 et
626 2991 743 3061 propter
757 3002 788 3041 so
811 2983 965 3058 quicquam
986 2989 1089 3059 petunt
1102 2981 1151 3040 vel
1164 2982 1327 3057 impetrant,
1343 2980 1397 3038 sed
1411 3001 1459 3038 no·

255 3062 332 3120 minc
344 3063 452 3121 Christi
462 3071 582 3136 tantum,
595 3083 648 3122 nec
659 3063 823 3122 immediate
834 3061 872 3119 cd
883 3061 978 3118 Deum
988 3061 1049 3120 sine
1064 3062 1179 3120 Christo
1193 3059 1329 3118 accedere
1343 3061 1462 3134 audent,
1557 3057 1558 3112 ὲ

254 3161 308 3200 nec
322 3142 386 3201 loco
400 3150 499 3202 nostro
514 3163 545 3202 se
559 3143 660 3202 sistere
681 3163 778 3202 coram
800 3142 862 3200 Dec
883 3149 1068 3218 praesumunt,
1084 3139 1133 3199 vel
1146 3139 1248 3199 offerre
1260 3149 1383 3217 possunt
1398 3160 1463 3218 per·

255 3240 341 3280 sonas
355 3231 384 3280 et
398 3242 497 3298 preces
511 3230 624 3281 nostras
637 3224 709 3281 Deo.
752 3221 838 3281 Unde
851 3219 995 3278 Pontifioii
1008 3240 1066 3279 non
1081 3219 1185 3280 minori
1199 3219 1351 3297 sacrilegio
1367 3219 1463 3280 Inter·
1558 3216 1559 3259 ³

255 3301 413 3359 cessionem
430 3303 537 3361 Christi
552 3321 617 3360 cnm
642 3301 819 3360 secundariis
834 3300 1086 3375 Intercessoribus,
1101 3319 1188 3376 quam
1204 3299 1382 3358 Sacrificium
1396 3302 1462 3377 ejus

255 3398 321 3437 cum
344 3380 521 3439 secundariis
545 3381 759 3454 Sacerdotibus,
783 3380 1013 3457 communicaut;
1044 3400 1097 3438 nec
1121 3380 1177 3438 hoc
1199 3380 1307 3438 odmen
1331 3379 1462 3438 minuere
1550 3398 1553 3407 ·

253 3465 350 3550 potest
365 3458 511 3516 distinctio
533 3460 608 3517 inter
629 3459 806 3518 Mediatores
827 3458 1042 3519 intercessionis
1057 3468 1085 3519 et
1098 3459 1313 3537 redemptionis,
1327 3467 1362 3517 ut
1376 3478 1462 3537 supra

255 3555 360 3594 visum.

295 3615 385 3673 XVI.
409 3613 551 3672 Caeterum
565 3635 631 3673 cum
646 3617 820 3675 Intercessio
835 3616 949 3677 Christo
964 3619 1109 3694 tribuitur,
1126 3638 1185 3677 non
1198 3617 1240 3677 ita
1253 3615 1291 3676 ad
1304 3617 1460 3676 humanam
1558 3602 1559 3605 Ἴ

253 3694 317 3770 ejus
331 3703 463 3754 naturam
477 3695 677 3771 restringenda
691 3704 744 3770 est,
760 3706 819 3755 uta
832 3696 932 3755 divina
946 3698 976 3755 in
990 3699 1135 3775 personali
1149 3698 1264 3758 Unione
1279 3697 1461 3758 considerata

252 3775 368 3851 penitus
393 3782 583 3834 removeatur.
636 3775 775 3850 Quamvis
800 3777 877 3836 enim
901 3797 959 3836 non
981 3788 1079 3854 posset
1104 3779 1147 3836 illi
1171 3787 1334 3855 competere
1359 3797 1461 3837 secum

253 3854 322 3913 dum
336 3855 368 3913 id
381 3853 460 3932 quod
474 3862 518 3912 est
531 3865 664 3933 respectu
679 3857 810 3916 essentiae
822 3856 962 3932 absolute,
975 3858 1044 3934 quia
1057 3879 1122 3917 cum
1138 3859 1176 3916 sit
1189 3877 1278 3916 unum
1293 3878 1360 3916 cum
1375 3858 1460 3916 Patro

253 3936 376 3994 subhac
391 3934 481 4010 exim,
498 3953 556 3992 non
577 3944 672 4012 potest
692 3937 736 3994 illi
757 3937 845 3996 tribui
866 3938 966 4012 oratio,
989 3957 1046 4013 qua
1067 3938 1177 4015 aliquid
1190 3938 1318 4016 postulet
1332 3957 1350 3996 a
1365 3937 1458 3996 Patre.

254 4014 336 4073 Nihil
350 4016 446 4075 obstat
461 4024 557 4073 tamen
568 4015 611 4074 illi
620 4015 708 4075 tribui
719 4016 878 4076 secundum
888 4019 1077 4076 oeconomiam
1090 4019 1199 4096 gratim,
1212 4017 1280 4094 quia
1293 4037 1353 4076 non
1366 4018 1460 4078 minus

252 4094 296 4152 illi
322 4095 459 4186 convenit
479 4115 570 4172 orare,
592 4116 679 4173 quam
699 4095 820 4157 formam
845 4096 921 4156 servi
946 4097 1084 4175 accipere,
1108 4108 1136 4157 et
1159 4097 1329 4157 Mediatoris
1350 4117 1455 4157 munus

256 4192 411 4252 suscipere.
