<?xml version="1.0" encoding="UTF-8"?>
<!DOCTYPE html PUBLIC "-//W3C//DTD XHTML 1.0 Transitional//EN"
    "http://www.w3.org/TR/xhtml1/DTD/xhtml1-transitional.dtd">
<html xmlns="http://www.w3.org/1999/xhtml" xml:lang="en" lang="en">
 <head>
  <title>
</title>
<meta http-equiv="Content-Type" content="text/html;charset=utf-8" />
  <meta name='ocr-system' content='tesseract 3.04.00' />
  <meta name='ocr-capabilities' content='ocr_page ocr_carea ocr_par ocr_line ocrx_word'/>
</head>
<body>
  <div class='ocr_page' id='page_1' title='image "./francisciturret00pictgoog_0093.png"; bbox 0 0 3108 5198; ppageno 0'>
   <div class='ocr_carea' id='block_1_1' title="bbox 227 319 1441 402">
    <p class='ocr_par' dir='ltr' id='par_1_1' title="bbox 227 319 1441 402">
     <span class='ocr_line' id='line_1_1' title="bbox 227 319 1441 402; baseline -0.007 -11"><span class='ocrx_word' id='word_1_1' title='bbox 227 335 265 392; x_wconf 79' lang='lat'>62</span> <span class='ocrx_word' id='word_1_2' title='bbox 673 345 766 388; x_wconf 81' lang='lat' dir='ltr'>cocos</span> <span class='ocrx_word' id='word_1_3' title='bbox 779 343 959 388; x_wconf 83' lang='lat' dir='ltr'>usosemus.</span> <span class='ocrx_word' id='word_1_4' title='bbox 1244 319 1373 402; x_wconf 77' lang='lat' dir='ltr'>[auser.</span> <span class='ocrx_word' id='word_1_5' title='bbox 1391 341 1441 382; x_wconf 74' lang='grc'>11.</span> 
     </span>
    </p>
   </div>
   <div class='ocr_carea' id='block_1_2' title="bbox 224 481 1438 727">
    <p class='ocr_par' dir='ltr' id='par_1_2' title="bbox 224 481 1438 727">
     <span class='ocr_line' id='line_1_2' title="bbox 224 481 1433 562; baseline -0.003 -14"><span class='ocrx_word' id='word_1_6' title='bbox 224 490 262 550; x_wconf 94' lang='lat' dir='ltr'>de</span> <span class='ocrx_word' id='word_1_7' title='bbox 286 489 368 547; x_wconf 87' lang='lat' dir='ltr'>salvo</span> <span class='ocrx_word' id='word_1_8' title='bbox 393 487 538 546; x_wconf 84' lang='lat' dir='ltr'>conductu</span> <span class='ocrx_word' id='word_1_9' title='bbox 552 486 661 562; x_wconf 89' lang='lat' dir='ltr'>confisi,</span> <span class='ocrx_word' id='word_1_10' title='bbox 677 487 714 546; x_wconf 91' lang='lat' dir='ltr'>ad</span> <span class='ocrx_word' id='word_1_11' title='bbox 738 487 834 546; x_wconf 90' lang='lat' dir='ltr'>locum</span> <span class='ocrx_word' id='word_1_12' title='bbox 855 483 988 544; x_wconf 84' lang='lat' dir='ltr'>venerint</span> <span class='ocrx_word' id='word_1_13' title='bbox 1006 481 1120 560; x_wconf 87' lang='lat' dir='ltr'>judieii,</span> <span class='ocrx_word' id='word_1_14' title='bbox 1136 481 1209 541; x_wconf 86' lang='lat' dir='ltr'>alias</span> <span class='ocrx_word' id='word_1_15' title='bbox 1221 501 1281 540; x_wconf 91' lang='grc'>111</span> <span class='ocrx_word' id='word_1_16' title='bbox 1294 484 1433 544; x_wconf 78' lang='lat' dir='ltr'>ventris-i:</span> 
     </span>
     <span class='ocr_line' id='line_1_3' title="bbox 225 563 1437 645; baseline -0.003 -17"><span class='ocrx_word' id='word_1_17' title='bbox 225 589 280 629; x_wconf 89' lang='lat' dir='ltr'>nec</span> <span class='ocrx_word' id='word_1_18' title='bbox 294 569 336 628; x_wconf 87' lang='lat' dir='ltr'>sic</span> <span class='ocrx_word' id='word_1_19' title='bbox 356 567 580 645; x_wconf 81' lang='lat' dir='ltr'>promittentem,</span> <span class='ocrx_word' id='word_1_20' title='bbox 605 587 672 626; x_wconf 91' lang='lat' dir='ltr'>eum</span> <span class='ocrx_word' id='word_1_21' title='bbox 694 567 766 626; x_wconf 82' lang='lat' dir='ltr'>alias</span> <span class='ocrx_word' id='word_1_22' title='bbox 787 565 887 625; x_wconf 86' lang='lat' dir='ltr'>lecerit</span> <span class='ocrx_word' id='word_1_23' title='bbox 901 564 979 641; x_wconf 91' lang='lat' dir='ltr'>quod</span> <span class='ocrx_word' id='word_1_24' title='bbox 993 565 1024 622; x_wconf 94' lang='lat' dir='ltr'>in</span> <span class='ocrx_word' id='word_1_25' title='bbox 1044 564 1107 640; x_wconf 90' lang='lat' dir='ltr'>ipso</span> <span class='ocrx_word' id='word_1_26' title='bbox 1121 571 1174 637; x_wconf 87' lang='lat' dir='ltr'>ast,</span> <span class='ocrx_word' id='word_1_27' title='bbox 1197 582 1235 621; x_wconf 87' lang='lat' dir='ltr'>ex</span> <span class='ocrx_word' id='word_1_28' title='bbox 1255 563 1312 624; x_wconf 90' lang='lat' dir='ltr'>hoc</span> <span class='ocrx_word' id='word_1_29' title='bbox 1326 564 1357 622; x_wconf 90' lang='lat' dir='ltr'>in</span> <span class='ocrx_word' id='word_1_30' title='bbox 1379 564 1437 624; x_wconf 85' lang='lat' dir='ltr'>ali·</span> 
     </span>
     <span class='ocr_line' id='line_1_4' title="bbox 225 640 1438 727; baseline -0.006 -18"><span class='ocrx_word' id='word_1_31' title='bbox 225 669 283 727; x_wconf 90' lang='lat' dir='ltr'>quo</span> <span class='ocrx_word' id='word_1_32' title='bbox 307 647 480 706; x_wconf 74' lang='lat' dir='ltr'>remansisse</span> <span class='ocrx_word' id='word_1_33' title='bbox 502 647 692 724; x_wconf 63' lang='grc' dir='ltr'>1111311111.Η</span> <span class='ocrx_word' id='word_1_34' title='bbox 735 646 820 721; x_wconf 88' lang='lat' dir='ltr'>Quod</span> <span class='ocrx_word' id='word_1_35' title='bbox 840 654 870 704; x_wconf 93' lang='lat' dir='ltr'>et</span> <span class='ocrx_word' id='word_1_36' title='bbox 890 644 987 703; x_wconf 90' lang='lat' dir='ltr'>statim</span> <span class='ocrx_word' id='word_1_37' title='bbox 1008 644 1071 720; x_wconf 90' lang='lat' dir='ltr'>ipsa</span> <span class='ocrx_word' id='word_1_38' title='bbox 1084 640 1169 721; x_wconf 86' lang='lat' dir='ltr'>praxi</span> <span class='ocrx_word' id='word_1_39' title='bbox 1183 643 1438 702; x_wconf 85' lang='lat' dir='ltr'>confirmamatum</span> 
     </span>
    </p>
   </div>
   <div class='ocr_carea' id='block_1_3' title="bbox 224 722 1438 1599">
    <p class='ocr_par' dir='ltr' id='par_1_3' title="bbox 224 722 1438 1599">
     <span class='ocr_line' id='line_1_5' title="bbox 225 722 1438 802; baseline -0.005 -14"><span class='ocrx_word' id='word_1_40' title='bbox 225 737 271 789; x_wconf 92' lang='lat' dir='ltr'>est</span> <span class='ocrx_word' id='word_1_41' title='bbox 297 728 328 785; x_wconf 92' lang='lat' dir='ltr'>in</span> <span class='ocrx_word' id='word_1_42' title='bbox 352 728 487 787; x_wconf 89' lang='lat' dir='ltr'>Johanne</span> <span class='ocrx_word' id='word_1_43' title='bbox 516 727 615 786; x_wconf 89' lang='lat' dir='ltr'>Husso</span> <span class='ocrx_word' id='word_1_44' title='bbox 640 735 669 786; x_wconf 86' lang='grc'>11</span> <span class='ocrx_word' id='word_1_45' title='bbox 697 727 819 784; x_wconf 89' lang='grc' dir='ltr'><strong>Η11111.</strong></span> <span class='ocrx_word' id='word_1_46' title='bbox 845 725 993 802; x_wconf 85' lang='lat' dir='ltr'>Pragensi,</span> <span class='ocrx_word' id='word_1_47' title='bbox 1018 723 1070 800; x_wconf 91' lang='lat' dir='ltr'>qui</span> <span class='ocrx_word' id='word_1_48' title='bbox 1091 731 1193 782; x_wconf 88' lang='lat' dir='ltr'>contra</span> <span class='ocrx_word' id='word_1_49' title='bbox 1218 722 1305 782; x_wconf 88' lang='lat' dir='ltr'>fidem</span> <span class='ocrx_word' id='word_1_50' title='bbox 1333 723 1438 782; x_wconf 88' lang='lat' dir='ltr'>datam</span> 
     </span>
     <span class='ocr_line' id='line_1_6' title="bbox 225 802 1436 883; baseline -0.005 -15"><span class='ocrx_word' id='word_1_51' title='bbox 225 817 255 868; x_wconf 88' lang='lat' dir='ltr'>et</span> <span class='ocrx_word' id='word_1_52' title='bbox 282 807 396 868; x_wconf 89' lang='lat' dir='ltr'>salvum</span> <span class='ocrx_word' id='word_1_53' title='bbox 423 806 597 866; x_wconf 89' lang='lat' dir='ltr'>conductum</span> <span class='ocrx_word' id='word_1_54' title='bbox 628 805 807 883; x_wconf 79' lang='lat' dir='ltr'>sigismundi</span> <span class='ocrx_word' id='word_1_55' title='bbox 837 804 1032 882; x_wconf 90' lang='lat' dir='ltr'>Imperatoris,</span> <span class='ocrx_word' id='word_1_56' title='bbox 1056 802 1164 862; x_wconf 77' lang='lat' dir='ltr'>nefarie</span> <span class='ocrx_word' id='word_1_57' title='bbox 1188 802 1332 862; x_wconf 89' lang='lat' dir='ltr'>combusti</span> <span class='ocrx_word' id='word_1_58' title='bbox 1353 813 1436 862; x_wconf 88' lang='lat' dir='ltr'>sunt.</span> 
     </span>
     <span class='ocr_line' id='line_1_7' title="bbox 225 882 1435 959; baseline -0.005 -11"><span class='ocrx_word' id='word_1_59' title='bbox 225 888 288 948; x_wconf 86' lang='lat' dir='ltr'>Nec</span> <span class='ocrx_word' id='word_1_60' title='bbox 302 887 450 945; x_wconf 72' lang='lat' dir='ltr'>debuisset</span> <span class='ocrx_word' id='word_1_61' title='bbox 464 886 625 946; x_wconf 78' lang='lat' dir='ltr'>Concilium</span> <span class='ocrx_word' id='word_1_62' title='bbox 639 886 768 945; x_wconf 87' lang='lat' dir='ltr'>Trident.</span> <span class='ocrx_word' id='word_1_63' title='bbox 785 887 863 945; x_wconf 86' lang='grc'><strong>8111.</strong></span> <span class='ocrx_word' id='word_1_64' title='bbox 878 887 926 959; x_wconf 97' lang='grc'><strong>25,</strong></span> <span class='ocrx_word' id='word_1_65' title='bbox 949 885 980 942; x_wconf 94' lang='lat' dir='ltr'>in</span> <span class='ocrx_word' id='word_1_66' title='bbox 1002 883 1084 942; x_wconf 87' lang='lat' dir='ltr'>salvo</span> <span class='ocrx_word' id='word_1_67' title='bbox 1107 882 1252 942; x_wconf 89' lang='lat' dir='ltr'>conductu</span> <span class='ocrx_word' id='word_1_68' title='bbox 1274 882 1342 942; x_wconf 90' lang='lat' dir='ltr'>dato</span> <span class='ocrx_word' id='word_1_69' title='bbox 1358 883 1435 942; x_wconf 92' lang='lat' dir='ltr'>Pro·</span> 
     </span>
     <span class='ocr_line' id='line_1_8' title="bbox 225 961 1436 1043; baseline -0.005 -15"><span class='ocrx_word' id='word_1_70' title='bbox 225 965 399 1028; x_wconf 81' lang='lat' dir='ltr'>testantibus</span> <span class='ocrx_word' id='word_1_71' title='bbox 408 986 466 1042; x_wconf 82' lang='lat' dir='ltr'>pro</span> <span class='ocrx_word' id='word_1_72' title='bbox 480 967 603 1026; x_wconf 79' lang='grc'><strong>11111111</strong></span> <span class='ocrx_word' id='word_1_73' title='bbox 617 969 757 1043; x_wconf 68' lang='lat' dir='ltr'>derogare</span> <span class='ocrx_word' id='word_1_74' title='bbox 770 963 940 1024; x_wconf 88' lang='lat' dir='ltr'>nominatim</span> <span class='ocrx_word' id='word_1_75' title='bbox 955 963 1084 1022; x_wconf 75' lang='lat' dir='ltr'>Concilio</span> <span class='ocrx_word' id='word_1_76' title='bbox 1099 961 1321 1038; x_wconf 85' lang='lat' dir='ltr'>Constantiensi,</span> <span class='ocrx_word' id='word_1_77' title='bbox 1342 971 1372 1022; x_wconf 94' lang='lat' dir='ltr'>et</span> <span class='ocrx_word' id='word_1_78' title='bbox 1386 962 1436 1022; x_wconf 86' lang='lat' dir='ltr'>illi</span> 
     </span>
     <span class='ocr_line' id='line_1_9' title="bbox 225 1042 1434 1120; baseline -0.002 -16"><span class='ocrx_word' id='word_1_79' title='bbox 225 1045 364 1106; x_wconf 76' lang='lat' dir='ltr'>axiomati</span> <span class='ocrx_word' id='word_1_80' title='bbox 385 1045 421 1104; x_wconf 90' lang='lat' dir='ltr'>de</span> <span class='ocrx_word' id='word_1_81' title='bbox 443 1045 501 1104; x_wconf 89' lang='lat' dir='ltr'>fide</span> <span class='ocrx_word' id='word_1_82' title='bbox 522 1045 665 1105; x_wconf 76' lang='lat' dir='ltr'>haereticis</span> <span class='ocrx_word' id='word_1_83' title='bbox 688 1065 746 1104; x_wconf 91' lang='lat' dir='ltr'>non</span> <span class='ocrx_word' id='word_1_84' title='bbox 770 1043 920 1120; x_wconf 88' lang='lat' dir='ltr'>servanda,</span> <span class='ocrx_word' id='word_1_85' title='bbox 946 1043 1003 1101; x_wconf 90' lang='lat' dir='ltr'>nisi</span> <span class='ocrx_word' id='word_1_86' title='bbox 1023 1042 1095 1101; x_wconf 89' lang='lat' dir='ltr'>alias</span> <span class='ocrx_word' id='word_1_87' title='bbox 1115 1043 1170 1102; x_wconf 93' lang='lat' dir='ltr'>hoc</span> <span class='ocrx_word' id='word_1_88' title='bbox 1183 1043 1352 1120; x_wconf 77' lang='lat' dir='ltr'>agnovisset</span> <span class='ocrx_word' id='word_1_89' title='bbox 1364 1061 1434 1102; x_wconf 86' lang='lat' dir='ltr'>esse</span> 
     </span>
     <span class='ocr_line' id='line_1_10' title="bbox 225 1122 1431 1204; baseline -0.003 -19"><span class='ocrx_word' id='word_1_90' title='bbox 225 1126 331 1204; x_wconf 88' lang='lat' dir='ltr'>dogma</span> <span class='ocrx_word' id='word_1_91' title='bbox 352 1133 487 1184; x_wconf 80' lang='lat' dir='ltr'>constans</span> <span class='ocrx_word' id='word_1_92' title='bbox 503 1125 719 1185; x_wconf 90' lang='lat' dir='ltr'>Communionis</span> <span class='ocrx_word' id='word_1_93' title='bbox 733 1125 882 1183; x_wconf 85' lang='lat' dir='ltr'>Romanae.</span> <span class='ocrx_word' id='word_1_94' title='bbox 925 1123 986 1182; x_wconf 87' lang='lat' dir='ltr'>Nec</span> <span class='ocrx_word' id='word_1_95' title='bbox 1000 1122 1057 1180; x_wconf 88' lang='lat' dir='ltr'>alia</span> <span class='ocrx_word' id='word_1_96' title='bbox 1070 1141 1152 1180; x_wconf 89' lang='lat' dir='ltr'>mens</span> <span class='ocrx_word' id='word_1_97' title='bbox 1166 1122 1285 1181; x_wconf 76' lang='lat' dir='ltr'>Thomae</span> <span class='ocrx_word' id='word_1_98' title='bbox 1298 1122 1328 1180; x_wconf 91' lang='lat' dir='ltr'>ii.</span> <span class='ocrx_word' id='word_1_99' title='bbox 1344 1126 1385 1181; x_wconf 70' lang='lat'>2⁰</span> <span class='ocrx_word' id='word_1_100' title='bbox 1400 1143 1431 1200; x_wconf 91' lang='lat' dir='ltr'>q.</span> 
     </span>
     <span class='ocr_line' id='line_1_11' title="bbox 224 1200 1432 1282; baseline -0.002 -18"><span class='ocrx_word' id='word_1_101' title='bbox 224 1209 272 1282; x_wconf 83' lang='grc'><strong>97,</strong></span> <span class='ocrx_word' id='word_1_102' title='bbox 288 1207 368 1266; x_wconf 86' lang='lat' dir='ltr'>artic.</span> <span class='ocrx_word' id='word_1_103' title='bbox 386 1208 411 1280; x_wconf 90' lang='grc'>1,</span> <span class='ocrx_word' id='word_1_104' title='bbox 426 1204 478 1282; x_wconf 90' lang='lat' dir='ltr'>qui</span> <span class='ocrx_word' id='word_1_105' title='bbox 492 1203 593 1264; x_wconf 89' lang='lat' dir='ltr'>statuit</span> <span class='ocrx_word' id='word_1_106' title='bbox 614 1207 632 1238; x_wconf 86' lang='lat'>“</span> <span class='ocrx_word' id='word_1_107' title='bbox 647 1205 825 1264; x_wconf 77' lang='lat' dir='ltr'>Haereticam</span> <span class='ocrx_word' id='word_1_108' title='bbox 838 1201 1172 1280; x_wconf 88' lang='lat' dir='ltr'>homincmprodendum</span> <span class='ocrx_word' id='word_1_109' title='bbox 1186 1221 1249 1261; x_wconf 89' lang='lat' dir='ltr'>esse</span> <span class='ocrx_word' id='word_1_110' title='bbox 1263 1200 1432 1279; x_wconf 81' lang='lat' dir='ltr'>Judieibus,</span> 
     </span>
     <span class='ocr_line' id='line_1_12' title="bbox 225 1280 1432 1358; baseline -0.003 -14"><span class='ocrx_word' id='word_1_111' title='bbox 225 1305 284 1345; x_wconf 93' lang='lat' dir='ltr'>non</span> <span class='ocrx_word' id='word_1_112' title='bbox 303 1286 437 1344; x_wconf 85' lang='lat' dir='ltr'>obstante</span> <span class='ocrx_word' id='word_1_113' title='bbox 461 1283 518 1343; x_wconf 90' lang='lat' dir='ltr'>fide</span> <span class='ocrx_word' id='word_1_114' title='bbox 542 1293 572 1343; x_wconf 91' lang='lat' dir='ltr'>et</span> <span class='ocrx_word' id='word_1_115' title='bbox 593 1285 794 1358; x_wconf 88' lang='lat' dir='ltr'>Juramento,”</span> <span class='ocrx_word' id='word_1_116' title='bbox 820 1291 849 1343; x_wconf 90' lang='lat' dir='ltr'>et</span> <span class='ocrx_word' id='word_1_117' title='bbox 873 1283 969 1341; x_wconf 88' lang='lat' dir='ltr'>Toleti</span> <span class='ocrx_word' id='word_1_118' title='bbox 992 1281 1107 1340; x_wconf 84' lang='lat' dir='ltr'>Cardia.</span> <span class='ocrx_word' id='word_1_119' title='bbox 1123 1281 1196 1340; x_wconf 86' lang='lat' dir='ltr'>Inst</span> <span class='ocrx_word' id='word_1_120' title='bbox 1212 1281 1328 1340; x_wconf 88' lang='lat' dir='ltr'>Sacerd.</span> <span class='ocrx_word' id='word_1_121' title='bbox 1342 1280 1432 1340; x_wconf 82' lang='lat' dir='ltr'>lib.i.</span> 
     </span>
     <span class='ocr_line' id='line_1_13' title="bbox 225 1360 1431 1441; baseline -0.003 -17"><span class='ocrx_word' id='word_1_122' title='bbox 225 1385 250 1424; x_wconf 87' lang='grc'>1.</span> <span class='ocrx_word' id='word_1_123' title='bbox 267 1368 314 1440; x_wconf 95' lang='grc'>13,</span> <span class='ocrx_word' id='word_1_124' title='bbox 330 1385 408 1424; x_wconf 90' lang='lat' dir='ltr'>num.</span> <span class='ocrx_word' id='word_1_125' title='bbox 423 1367 451 1438; x_wconf 82' lang='grc'><strong>7,</strong></span> <span class='ocrx_word' id='word_1_126' title='bbox 475 1366 493 1397; x_wconf 77' lang='lat'>‘⁴</span> <span class='ocrx_word' id='word_1_127' title='bbox 508 1363 564 1438; x_wconf 87' lang='lat' dir='ltr'>Qui</span> <span class='ocrx_word' id='word_1_128' title='bbox 578 1364 778 1438; x_wconf 87' lang='lat' dir='ltr'>tenebantur,&#39;’</span> <span class='ocrx_word' id='word_1_129' title='bbox 801 1363 903 1441; x_wconf 90' lang='lat' dir='ltr'>inquit,</span> <span class='ocrx_word' id='word_1_130' title='bbox 921 1364 939 1396; x_wconf 89' lang='grc'>“</span> <span class='ocrx_word' id='word_1_131' title='bbox 953 1361 1026 1420; x_wconf 86' lang='lat' dir='ltr'>olias</span> <span class='ocrx_word' id='word_1_132' title='bbox 1040 1360 1159 1419; x_wconf 89' lang='lat' dir='ltr'>obnoxii</span> <span class='ocrx_word' id='word_1_133' title='bbox 1173 1360 1290 1419; x_wconf 82' lang='lat' dir='ltr'>vinculo</span> <span class='ocrx_word' id='word_1_134' title='bbox 1304 1360 1431 1420; x_wconf 86' lang='lat' dir='ltr'>fidelita-</span> 
     </span>
     <span class='ocr_line' id='line_1_14' title="bbox 224 1439 1432 1521; baseline -0.002 -18"><span class='ocrx_word' id='word_1_135' title='bbox 224 1445 271 1519; x_wconf 84' lang='lat' dir='ltr'>tis,</span> <span class='ocrx_word' id='word_1_136' title='bbox 287 1445 336 1503; x_wconf 85' lang='lat' dir='ltr'>vel</span> <span class='ocrx_word' id='word_1_137' title='bbox 346 1443 504 1521; x_wconf 86' lang='lat' dir='ltr'>juramenti</span> <span class='ocrx_word' id='word_1_138' title='bbox 517 1443 612 1518; x_wconf 88' lang='lat' dir='ltr'>alieni,</span> <span class='ocrx_word' id='word_1_139' title='bbox 627 1443 786 1502; x_wconf 86' lang='lat' dir='ltr'>liberantur</span> <span class='ocrx_word' id='word_1_140' title='bbox 799 1462 817 1500; x_wconf 92' lang='lat' dir='ltr'>a</span> <span class='ocrx_word' id='word_1_141' title='bbox 830 1442 882 1501; x_wconf 91' lang='lat' dir='ltr'>tali</span> <span class='ocrx_word' id='word_1_142' title='bbox 895 1441 1021 1516; x_wconf 76' lang='lat' dir='ltr'>vinculo,</span> <span class='ocrx_word' id='word_1_143' title='bbox 1037 1440 1063 1499; x_wconf 85' lang='lat' dir='ltr'>si</span> <span class='ocrx_word' id='word_1_144' title='bbox 1076 1440 1103 1498; x_wconf 87' lang='lat' dir='ltr'>is</span> <span class='ocrx_word' id='word_1_145' title='bbox 1116 1439 1249 1498; x_wconf 92' lang='lat' dir='ltr'>inciderit</span> <span class='ocrx_word' id='word_1_146' title='bbox 1269 1440 1299 1498; x_wconf 91' lang='lat' dir='ltr'>in</span> <span class='ocrx_word' id='word_1_147' title='bbox 1313 1461 1432 1500; x_wconf 87' lang='lat' dir='ltr'>exeom-</span> 
     </span>
     <span class='ocr_line' id='line_1_15' title="bbox 224 1519 1432 1599; baseline -0.003 -16"><span class='ocrx_word' id='word_1_148' title='bbox 224 1524 448 1583; x_wconf 89' lang='lat' dir='ltr'>municationem</span> <span class='ocrx_word' id='word_1_149' title='bbox 460 1523 488 1597; x_wconf 88' lang='lat'>;&#39;’</span> <span class='ocrx_word' id='word_1_150' title='bbox 510 1529 540 1581; x_wconf 85' lang='lat' dir='ltr'>at</span> <span class='ocrx_word' id='word_1_151' title='bbox 554 1541 654 1582; x_wconf 88' lang='lat' dir='ltr'>omnes</span> <span class='ocrx_word' id='word_1_152' title='bbox 667 1521 796 1581; x_wconf 77' lang='lat' dir='ltr'>haretici</span> <span class='ocrx_word' id='word_1_153' title='bbox 810 1522 873 1599; x_wconf 92' lang='lat' dir='ltr'>ipso</span> <span class='ocrx_word' id='word_1_154' title='bbox 888 1520 965 1579; x_wconf 87' lang='lat' dir='ltr'>lacto</span> <span class='ocrx_word' id='word_1_155' title='bbox 980 1527 1048 1580; x_wconf 91' lang='lat' dir='ltr'>sunt</span> <span class='ocrx_word' id='word_1_156' title='bbox 1061 1519 1311 1580; x_wconf 85' lang='lat' dir='ltr'>exeommunicati.</span> <span class='ocrx_word' id='word_1_157' title='bbox 1343 1520 1432 1595; x_wconf 84' lang='lat' dir='ltr'>Quod</span> 
     </span>
    </p>
   </div>
   <div class='ocr_carea' id='block_1_4' title="bbox 224 1599 1544 1680">
    <p class='ocr_par' dir='ltr' id='par_1_4' title="bbox 224 1599 1544 1680">
     <span class='ocr_line' id='line_1_16' title="bbox 224 1599 1544 1680; baseline -0.004 -18"><span class='ocrx_word' id='word_1_158' title='bbox 224 1604 376 1662; x_wconf 89' lang='lat' dir='ltr'>confirmat</span> <span class='ocrx_word' id='word_1_159' title='bbox 396 1602 525 1677; x_wconf 69' lang='lat' dir='ltr'>Acerina,</span> <span class='ocrx_word' id='word_1_160' title='bbox 542 1601 626 1661; x_wconf 88' lang='lat' dir='ltr'>Iusti.</span> <span class='ocrx_word' id='word_1_161' title='bbox 650 1621 738 1660; x_wconf 86' lang='lat' dir='ltr'>mora.</span> <span class='ocrx_word' id='word_1_162' title='bbox 754 1623 782 1680; x_wconf 88' lang='lat' dir='ltr'>p.</span> <span class='ocrx_word' id='word_1_163' title='bbox 800 1603 825 1677; x_wconf 94' lang='lat' dir='ltr'>l,</span> <span class='ocrx_word' id='word_1_164' title='bbox 848 1601 900 1659; x_wconf 89' lang='lat' dir='ltr'>lib.</span> <span class='ocrx_word' id='word_1_165' title='bbox 914 1599 976 1658; x_wconf 81' lang='lat' dir='ltr'>viii.</span> <span class='ocrx_word' id='word_1_166' title='bbox 999 1619 1025 1658; x_wconf 89' lang='lat' dir='ltr'>c.</span> <span class='ocrx_word' id='word_1_167' title='bbox 1042 1602 1088 1676; x_wconf 84' lang='lat'>13,</span> <span class='ocrx_word' id='word_1_168' title='bbox 1114 1607 1144 1658; x_wconf 92' lang='lat' dir='ltr'>et</span> <span class='ocrx_word' id='word_1_169' title='bbox 1163 1599 1355 1658; x_wconf 78' lang='lat' dir='ltr'>Direetorirnn</span> <span class='ocrx_word' id='word_1_170' title='bbox 1375 1603 1431 1658; x_wconf 82' lang='lat' dir='ltr'>In·</span> <span class='ocrx_word' id='word_1_171' title='bbox 1543 1663 1544 1668; x_wconf 9' lang='grc' dir='ltr'>η</span> 
     </span>
    </p>
   </div>
   <div class='ocr_carea' id='block_1_5' title="bbox 219 1679 1455 4701">
    <p class='ocr_par' dir='ltr' id='par_1_5' title="bbox 219 1679 1455 3724">
     <span class='ocr_line' id='line_1_17' title="bbox 223 1679 1431 1760; baseline -0.004 -19"><span class='ocrx_word' id='word_1_172' title='bbox 223 1683 490 1760; x_wconf 62' lang='grc'><strong>111111111113,</strong></span> <span class='ocrx_word' id='word_1_173' title='bbox 514 1701 542 1758; x_wconf 89' lang='lat' dir='ltr'>q.</span> <span class='ocrx_word' id='word_1_174' title='bbox 560 1683 626 1757; x_wconf 88' lang='lat'>129,</span> <span class='ocrx_word' id='word_1_175' title='bbox 651 1680 701 1740; x_wconf 91' lang='lat' dir='ltr'>ubi</span> <span class='ocrx_word' id='word_1_176' title='bbox 726 1681 853 1754; x_wconf 89' lang='lat' dir='ltr'>docetur,</span> <span class='ocrx_word' id='word_1_177' title='bbox 877 1682 895 1713; x_wconf 89' lang='lat'><strong>“</strong></span> <span class='ocrx_word' id='word_1_178' title='bbox 910 1680 1018 1740; x_wconf 81' lang='lat' dir='ltr'>Omnes</span> <span class='ocrx_word' id='word_1_179' title='bbox 1031 1679 1106 1754; x_wconf 91' lang='lat' dir='ltr'>illos,</span> <span class='ocrx_word' id='word_1_180' title='bbox 1132 1679 1183 1756; x_wconf 91' lang='lat' dir='ltr'>qui</span> <span class='ocrx_word' id='word_1_181' title='bbox 1206 1679 1302 1756; x_wconf 89' lang='lat' dir='ltr'>aliquo</span> <span class='ocrx_word' id='word_1_182' title='bbox 1316 1679 1431 1756; x_wconf 83' lang='lat' dir='ltr'>obliga-</span> 
     </span>
     <span class='ocr_line' id='line_1_18' title="bbox 222 1759 1455 1839; baseline -0.003 -17"><span class='ocrx_word' id='word_1_183' title='bbox 222 1763 311 1822; x_wconf 89' lang='lat' dir='ltr'>tionis</span> <span class='ocrx_word' id='word_1_184' title='bbox 325 1781 431 1839; x_wconf 90' lang='lat' dir='ltr'>genere</span> <span class='ocrx_word' id='word_1_185' title='bbox 444 1760 532 1819; x_wconf 88' lang='lat' dir='ltr'>alicui</span> <span class='ocrx_word' id='word_1_186' title='bbox 544 1769 679 1820; x_wconf 87' lang='lat' dir='ltr'>tenentur</span> <span class='ocrx_word' id='word_1_187' title='bbox 692 1759 830 1836; x_wconf 87' lang='lat' dir='ltr'>adstricti,</span> <span class='ocrx_word' id='word_1_188' title='bbox 841 1769 910 1818; x_wconf 90' lang='lat' dir='ltr'>tunc</span> <span class='ocrx_word' id='word_1_189' title='bbox 924 1759 1040 1818; x_wconf 88' lang='lat' dir='ltr'>liberari</span> <span class='ocrx_word' id='word_1_190' title='bbox 1050 1759 1174 1836; x_wconf 89' lang='lat' dir='ltr'>penitus,</span> <span class='ocrx_word' id='word_1_191' title='bbox 1186 1779 1252 1818; x_wconf 86' lang='lat' dir='ltr'>oum</span> <span class='ocrx_word' id='word_1_192' title='bbox 1265 1759 1307 1816; x_wconf 91' lang='lat' dir='ltr'>illi</span> <span class='ocrx_word' id='word_1_193' title='bbox 1321 1759 1431 1835; x_wconf 87' lang='lat' dir='ltr'>quibus</span> <span class='ocrx_word' id='word_1_194' title='bbox 1450 1791 1455 1800; x_wconf 92' lang='lat'><em>·</em></span> 
     </span>
     <span class='ocr_line' id='line_1_19' title="bbox 224 1837 1432 1919; baseline -0.002 -18"><span class='ocrx_word' id='word_1_195' title='bbox 224 1842 347 1919; x_wconf 85' lang='lat' dir='ltr'>obligati</span> <span class='ocrx_word' id='word_1_196' title='bbox 360 1848 442 1900; x_wconf 89' lang='lat' dir='ltr'>erant</span> <span class='ocrx_word' id='word_1_197' title='bbox 455 1840 486 1898; x_wconf 93' lang='lat' dir='ltr'>in</span> <span class='ocrx_word' id='word_1_198' title='bbox 499 1839 632 1899; x_wconf 74' lang='lat' dir='ltr'>baeresim</span> <span class='ocrx_word' id='word_1_199' title='bbox 645 1839 816 1900; x_wconf 88' lang='lat' dir='ltr'>inciderunt</span> <span class='ocrx_word' id='word_1_200' title='bbox 840 1839 913 1898; x_wconf 80' lang='lat' dir='ltr'>Haec</span> <span class='ocrx_word' id='word_1_201' title='bbox 926 1858 1020 1916; x_wconf 89' lang='lat' dir='ltr'>poena,</span> <span class='ocrx_word' id='word_1_202' title='bbox 1035 1837 1130 1916; x_wconf 91' lang='lat' dir='ltr'>inquit</span> <span class='ocrx_word' id='word_1_203' title='bbox 1143 1837 1260 1898; x_wconf 84' lang='lat' dir='ltr'>Author</span> <span class='ocrx_word' id='word_1_204' title='bbox 1272 1838 1308 1898; x_wconf 92' lang='lat' dir='ltr'>de</span> <span class='ocrx_word' id='word_1_205' title='bbox 1322 1839 1432 1899; x_wconf 88' lang='lat' dir='ltr'>emisso</span> 
     </span>
     <span class='ocr_line' id='line_1_20' title="bbox 221 1917 1431 1998; baseline -0.002 -18"><span class='ocrx_word' id='word_1_206' title='bbox 221 1922 288 1998; x_wconf 87' lang='lat' dir='ltr'>jure</span> <span class='ocrx_word' id='word_1_207' title='bbox 302 1921 520 1998; x_wconf 77' lang='lat' dir='ltr'>obligationum,</span> <span class='ocrx_word' id='word_1_208' title='bbox 536 1919 643 1979; x_wconf 83' lang='lat' dir='ltr'>multos</span> <span class='ocrx_word' id='word_1_209' title='bbox 657 1920 734 1996; x_wconf 88' lang='lat' dir='ltr'>parit</span> <span class='ocrx_word' id='word_1_210' title='bbox 747 1919 874 1994; x_wconf 86' lang='lat' dir='ltr'>effeetus,</span> <span class='ocrx_word' id='word_1_211' title='bbox 890 1939 944 1977; x_wconf 91' lang='lat' dir='ltr'>nec</span> <span class='ocrx_word' id='word_1_212' title='bbox 958 1917 1069 1995; x_wconf 86' lang='lat' dir='ltr'>pigebit</span> <span class='ocrx_word' id='word_1_213' title='bbox 1083 1917 1196 1994; x_wconf 87' lang='lat' dir='ltr'>aliquos</span> <span class='ocrx_word' id='word_1_214' title='bbox 1209 1918 1324 1978; x_wconf 86' lang='lat' dir='ltr'>referre.</span> <span class='ocrx_word' id='word_1_215' title='bbox 1367 1919 1431 1978; x_wconf 91' lang='lat' dir='ltr'>Pri-</span> 
     </span>
     <span class='ocr_line' id='line_1_21' title="bbox 224 1997 1433 2076; baseline 0 -18"><span class='ocrx_word' id='word_1_216' title='bbox 224 2020 303 2059; x_wconf 90' lang='lat' dir='ltr'>mum</span> <span class='ocrx_word' id='word_1_217' title='bbox 325 2020 395 2076; x_wconf 89' lang='lat' dir='ltr'>ergo</span> <span class='ocrx_word' id='word_1_218' title='bbox 419 1999 445 2058; x_wconf 88' lang='lat' dir='ltr'>is</span> <span class='ocrx_word' id='word_1_219' title='bbox 466 1998 544 2074; x_wconf 90' lang='lat' dir='ltr'>apud</span> <span class='ocrx_word' id='word_1_220' title='bbox 565 2017 651 2075; x_wconf 90' lang='lat' dir='ltr'>quem</span> <span class='ocrx_word' id='word_1_221' title='bbox 671 1999 824 2058; x_wconf 84' lang='lat' dir='ltr'>haereticus</span> <span class='ocrx_word' id='word_1_222' title='bbox 848 1997 959 2074; x_wconf 88' lang='lat' dir='ltr'>aliquid</span> <span class='ocrx_word' id='word_1_223' title='bbox 972 1997 1113 2075; x_wconf 85' lang='lat' dir='ltr'>deposuit,</span> <span class='ocrx_word' id='word_1_224' title='bbox 1128 2017 1187 2055; x_wconf 90' lang='lat' dir='ltr'>non</span> <span class='ocrx_word' id='word_1_225' title='bbox 1200 1998 1346 2057; x_wconf 87' lang='lat' dir='ltr'>tenebitur</span> <span class='ocrx_word' id='word_1_226' title='bbox 1364 2007 1433 2076; x_wconf 88' lang='lat' dir='ltr'>post</span> 
     </span>
     <span class='ocr_line' id='line_1_22' title="bbox 224 2077 1433 2154; baseline 0.002 -18"><span class='ocrx_word' id='word_1_227' title='bbox 224 2079 405 2138; x_wconf 82' lang='lat' dir='ltr'>manifestam</span> <span class='ocrx_word' id='word_1_228' title='bbox 419 2078 482 2154; x_wconf 88' lang='lat' dir='ltr'>ejus</span> <span class='ocrx_word' id='word_1_229' title='bbox 496 2077 628 2136; x_wconf 79' lang='lat' dir='ltr'>haeresim</span> <span class='ocrx_word' id='word_1_230' title='bbox 641 2097 703 2136; x_wconf 91' lang='lat' dir='ltr'>rem</span> <span class='ocrx_word' id='word_1_231' title='bbox 716 2077 852 2137; x_wconf 74' lang='lat' dir='ltr'>heretico</span> <span class='ocrx_word' id='word_1_232' title='bbox 865 2078 1026 2137; x_wconf 85' lang='lat' dir='ltr'>restituere.</span> <span class='ocrx_word' id='word_1_233' title='bbox 1068 2078 1181 2136; x_wconf 86' lang='lat' dir='ltr'>Rursus</span> <span class='ocrx_word' id='word_1_234' title='bbox 1201 2097 1256 2136; x_wconf 91' lang='lat' dir='ltr'>nec</span> <span class='ocrx_word' id='word_1_235' title='bbox 1281 2077 1433 2138; x_wconf 88' lang='lat' dir='ltr'>Catholice</span> 
     </span>
     <span class='ocr_line' id='line_1_23' title="bbox 223 2154 1432 2234; baseline 0 -17"><span class='ocrx_word' id='word_1_236' title='bbox 223 2178 299 2218; x_wconf 86' lang='lat' dir='ltr'>uxor</span> <span class='ocrx_word' id='word_1_237' title='bbox 309 2157 438 2220; x_wconf 87' lang='lat' dir='ltr'>debitum</span> <span class='ocrx_word' id='word_1_238' title='bbox 449 2155 569 2214; x_wconf 83' lang='lat' dir='ltr'>reddere</span> <span class='ocrx_word' id='word_1_239' title='bbox 583 2157 647 2214; x_wconf 91' lang='lat' dir='ltr'>viro</span> <span class='ocrx_word' id='word_1_240' title='bbox 660 2157 797 2215; x_wconf 76' lang='lat' dir='ltr'>haeretico</span> <span class='ocrx_word' id='word_1_241' title='bbox 811 2156 996 2234; x_wconf 69' lang='lat' dir='ltr'>obligabitur,</span> <span class='ocrx_word' id='word_1_242' title='bbox 1012 2154 1067 2216; x_wconf 78' lang='lat' dir='ltr'>dre.</span> <span class='ocrx_word' id='word_1_243' title='bbox 1109 2157 1166 2214; x_wconf 90' lang='lat' dir='ltr'>His</span> <span class='ocrx_word' id='word_1_244' title='bbox 1180 2156 1254 2216; x_wconf 91' lang='lat' dir='ltr'>adde</span> <span class='ocrx_word' id='word_1_245' title='bbox 1268 2156 1347 2234; x_wconf 89' lang='lat' dir='ltr'>quod</span> <span class='ocrx_word' id='word_1_246' title='bbox 1359 2158 1432 2217; x_wconf 91' lang='lat' dir='ltr'>Cus-</span> 
     </span>
     <span class='ocr_line' id='line_1_24' title="bbox 223 2235 1431 2310; baseline 0.002 -15"><span class='ocrx_word' id='word_1_247' title='bbox 223 2237 308 2296; x_wconf 90' lang='lat' dir='ltr'>todes</span> <span class='ocrx_word' id='word_1_248' title='bbox 330 2236 461 2310; x_wconf 89' lang='lat' dir='ltr'>Arcium,</span> <span class='ocrx_word' id='word_1_249' title='bbox 487 2235 662 2310; x_wconf 87' lang='lat' dir='ltr'>Castrorum,</span> <span class='ocrx_word' id='word_1_250' title='bbox 677 2236 726 2295; x_wconf 87' lang='grc'>111</span> <span class='ocrx_word' id='word_1_251' title='bbox 740 2236 907 2310; x_wconf 84' lang='lat' dir='ltr'>Civitatum,</span> <span class='ocrx_word' id='word_1_252' title='bbox 933 2257 967 2295; x_wconf 90' lang='lat' dir='ltr'>ea</span> <span class='ocrx_word' id='word_1_253' title='bbox 990 2237 1115 2294; x_wconf 92' lang='lat' dir='ltr'>Domino</span> <span class='ocrx_word' id='word_1_254' title='bbox 1129 2237 1265 2295; x_wconf 76' lang='lat' dir='ltr'>haeretico</span> <span class='ocrx_word' id='word_1_255' title='bbox 1278 2237 1431 2297; x_wconf 83' lang='lat' dir='ltr'>restituere</span> 
     </span>
     <span class='ocr_line' id='line_1_25' title="bbox 224 2315 1433 2394; baseline 0.002 -20"><span class='ocrx_word' id='word_1_256' title='bbox 224 2335 282 2374; x_wconf 89' lang='grc'>111</span> <span class='ocrx_word' id='word_1_257' title='bbox 295 2323 438 2390; x_wconf 88' lang='lat' dir='ltr'>tenentur,</span> <span class='ocrx_word' id='word_1_258' title='bbox 461 2332 554 2390; x_wconf 91' lang='lat' dir='ltr'>neque</span> <span class='ocrx_word' id='word_1_259' title='bbox 575 2315 639 2392; x_wconf 90' lang='lat' dir='ltr'>ejus</span> <span class='ocrx_word' id='word_1_260' title='bbox 659 2316 775 2374; x_wconf 90' lang='lat' dir='ltr'>nomine</span> <span class='ocrx_word' id='word_1_261' title='bbox 789 2315 944 2375; x_wconf 89' lang='lat' dir='ltr'>custodire.</span> <span class='ocrx_word' id='word_1_262' title='bbox 986 2316 1119 2393; x_wconf 87' lang='lat' dir='ltr'>Denique</span> <span class='ocrx_word' id='word_1_263' title='bbox 1133 2317 1297 2394; x_wconf 88' lang='lat' dir='ltr'>quicunque</span> <span class='ocrx_word' id='word_1_264' title='bbox 1311 2319 1433 2376; x_wconf 76' lang='lat' dir='ltr'>vercelli</span> 
     </span>
     <span class='ocr_line' id='line_1_26' title="bbox 224 2393 1433 2472; baseline 0.002 -19"><span class='ocrx_word' id='word_1_265' title='bbox 224 2394 303 2454; x_wconf 90' lang='lat' dir='ltr'>omni</span> <span class='ocrx_word' id='word_1_266' title='bbox 316 2393 501 2472; x_wconf 79' lang='lat' dir='ltr'>obligatione,</span> <span class='ocrx_word' id='word_1_267' title='bbox 517 2393 603 2452; x_wconf 85' lang='lat' dir='ltr'>etiam</span> <span class='ocrx_word' id='word_1_268' title='bbox 614 2395 770 2470; x_wconf 88' lang='lat' dir='ltr'>juramenti</span> <span class='ocrx_word' id='word_1_269' title='bbox 790 2395 939 2472; x_wconf 89' lang='lat' dir='ltr'>religione,</span> <span class='ocrx_word' id='word_1_270' title='bbox 965 2415 1022 2472; x_wconf 90' lang='lat' dir='ltr'>quo</span> <span class='ocrx_word' id='word_1_271' title='bbox 1038 2395 1171 2456; x_wconf 81' lang='lat' dir='ltr'>Dominis</span> <span class='ocrx_word' id='word_1_272' title='bbox 1185 2396 1245 2456; x_wconf 91' lang='lat' dir='ltr'>suis</span> <span class='ocrx_word' id='word_1_273' title='bbox 1258 2396 1433 2457; x_wconf 87' lang='lat' dir='ltr'>tenebantur</span> 
     </span>
     <span class='ocr_line' id='line_1_27' title="bbox 224 2473 1431 2550; baseline 0.002 -17"><span class='ocrx_word' id='word_1_274' title='bbox 224 2473 363 2548; x_wconf 82' lang='lat' dir='ltr'>obstricti,</span> <span class='ocrx_word' id='word_1_275' title='bbox 385 2473 448 2550; x_wconf 89' lang='lat' dir='ltr'>ipso</span> <span class='ocrx_word' id='word_1_276' title='bbox 466 2473 532 2550; x_wconf 87' lang='lat' dir='ltr'>jure</span> <span class='ocrx_word' id='word_1_277' title='bbox 545 2473 733 2532; x_wconf 88' lang='lat' dir='ltr'>liberantur.”</span> <span class='ocrx_word' id='word_1_278' title='bbox 778 2474 826 2532; x_wconf 90' lang='grc'>811</span> <span class='ocrx_word' id='word_1_279' title='bbox 839 2475 974 2533; x_wconf 74' lang='lat' dir='ltr'>Simonem</span> <span class='ocrx_word' id='word_1_280' title='bbox 988 2475 1103 2534; x_wconf 91' lang='lat' dir='ltr'>Cardin.</span> <span class='ocrx_word' id='word_1_281' title='bbox 1118 2475 1155 2534; x_wconf 91' lang='lat' dir='ltr'>de</span> <span class='ocrx_word' id='word_1_282' title='bbox 1169 2475 1246 2535; x_wconf 86' lang='lat' dir='ltr'>insti.</span> <span class='ocrx_word' id='word_1_283' title='bbox 1262 2477 1365 2535; x_wconf 88' lang='lat' dir='ltr'>Cetho.</span> <span class='ocrx_word' id='word_1_284' title='bbox 1380 2477 1431 2537; x_wconf 89' lang='lat' dir='ltr'>lib.</span> 
     </span>
     <span class='ocr_line' id='line_1_28' title="bbox 224 2551 1433 2632; baseline 0.004 -21"><span class='ocrx_word' id='word_1_285' title='bbox 224 2553 297 2612; x_wconf 83' lang='lat' dir='ltr'>xlvi.</span> <span class='ocrx_word' id='word_1_286' title='bbox 322 2561 375 2612; x_wconf 85' lang='lat' dir='ltr'>art</span> <span class='ocrx_word' id='word_1_287' title='bbox 401 2555 449 2611; x_wconf 85' lang='lat'>52.</span> <span class='ocrx_word' id='word_1_288' title='bbox 492 2551 577 2611; x_wconf 84' lang='lat' dir='ltr'>“Ad</span> <span class='ocrx_word' id='word_1_289' title='bbox 599 2572 714 2630; x_wconf 86' lang='lat' dir='ltr'>poenam</span> <span class='ocrx_word' id='word_1_290' title='bbox 739 2573 853 2632; x_wconf 89' lang='lat' dir='ltr'>quoque</span> <span class='ocrx_word' id='word_1_291' title='bbox 878 2555 1002 2632; x_wconf 89' lang='lat' dir='ltr'>pertinet</span> <span class='ocrx_word' id='word_1_292' title='bbox 1024 2564 1053 2613; x_wconf 93' lang='lat' dir='ltr'>et</span> <span class='ocrx_word' id='word_1_293' title='bbox 1077 2555 1288 2614; x_wconf 79' lang='lat' dir='ltr'>Haeretieorum</span> <span class='ocrx_word' id='word_1_294' title='bbox 1312 2556 1433 2616; x_wconf 91' lang='lat' dir='ltr'>odium:</span> 
     </span>
     <span class='ocr_line' id='line_1_29' title="bbox 225 2631 1433 2710; baseline 0.002 -18"><span class='ocrx_word' id='word_1_295' title='bbox 225 2632 309 2708; x_wconf 88' lang='lat' dir='ltr'>Quod</span> <span class='ocrx_word' id='word_1_296' title='bbox 322 2633 395 2692; x_wconf 89' lang='lat' dir='ltr'>fides</span> <span class='ocrx_word' id='word_1_297' title='bbox 405 2633 465 2690; x_wconf 91' lang='lat' dir='ltr'>illis</span> <span class='ocrx_word' id='word_1_298' title='bbox 478 2631 546 2691; x_wconf 85' lang='lat' dir='ltr'>data</span> <span class='ocrx_word' id='word_1_299' title='bbox 560 2631 702 2691; x_wconf 81' lang='lat' dir='ltr'>servanda</span> <span class='ocrx_word' id='word_1_300' title='bbox 715 2653 774 2692; x_wconf 91' lang='lat' dir='ltr'>non</span> <span class='ocrx_word' id='word_1_301' title='bbox 788 2631 914 2710; x_wconf 48' lang='grc'><strong>1118111</strong></span> <span class='ocrx_word' id='word_1_302' title='bbox 930 2655 996 2693; x_wconf 91' lang='lat' dir='ltr'>cum</span> <span class='ocrx_word' id='word_1_303' title='bbox 1009 2635 1152 2694; x_wconf 80' lang='lat' dir='ltr'>haereticis</span> <span class='ocrx_word' id='word_1_304' title='bbox 1166 2635 1277 2694; x_wconf 89' lang='lat' dir='ltr'>nullum</span> <span class='ocrx_word' id='word_1_305' title='bbox 1291 2656 1433 2695; x_wconf 88' lang='lat' dir='ltr'>commer-</span> 
     </span>
     <span class='ocr_line' id='line_1_30' title="bbox 223 2711 1433 2790; baseline 0.002 -19"><span class='ocrx_word' id='word_1_306' title='bbox 223 2713 309 2786; x_wconf 87' lang='lat' dir='ltr'>cium,</span> <span class='ocrx_word' id='word_1_307' title='bbox 325 2711 406 2770; x_wconf 88' lang='lat' dir='ltr'>nulla</span> <span class='ocrx_word' id='word_1_308' title='bbox 420 2732 477 2790; x_wconf 89' lang='lat' dir='ltr'>pax</span> <span class='ocrx_word' id='word_1_309' title='bbox 492 2711 648 2771; x_wconf 81' lang='lat' dir='ltr'>Catholicis</span> <span class='ocrx_word' id='word_1_310' title='bbox 669 2733 733 2772; x_wconf 90' lang='lat' dir='ltr'>esse</span> <span class='ocrx_word' id='word_1_311' title='bbox 752 2713 847 2773; x_wconf 91' lang='lat' dir='ltr'>debet.</span> <span class='ocrx_word' id='word_1_312' title='bbox 890 2714 1082 2788; x_wconf 86' lang='lat' dir='ltr'>Quamobrem</span> <span class='ocrx_word' id='word_1_313' title='bbox 1096 2713 1169 2774; x_wconf 90' lang='lat' dir='ltr'>fides</span> <span class='ocrx_word' id='word_1_314' title='bbox 1183 2715 1241 2773; x_wconf 88' lang='lat' dir='ltr'>illia</span> <span class='ocrx_word' id='word_1_315' title='bbox 1255 2715 1324 2774; x_wconf 86' lang='lat' dir='ltr'>data</span> <span class='ocrx_word' id='word_1_316' title='bbox 1344 2717 1433 2775; x_wconf 90' lang='lat' dir='ltr'>etiam</span> 
     </span>
     <span class='ocr_line' id='line_1_31' title="bbox 219 2791 1431 2871; baseline 0.003 -22"><span class='ocrx_word' id='word_1_317' title='bbox 219 2793 385 2870; x_wconf 89' lang='lat' dir='ltr'>juramento</span> <span class='ocrx_word' id='word_1_318' title='bbox 409 2791 523 2850; x_wconf 87' lang='lat' dir='ltr'>firmata</span> <span class='ocrx_word' id='word_1_319' title='bbox 544 2801 644 2851; x_wconf 85' lang='lat' dir='ltr'>eontra</span> <span class='ocrx_word' id='word_1_320' title='bbox 666 2793 814 2870; x_wconf 90' lang='lat' dir='ltr'>publicum</span> <span class='ocrx_word' id='word_1_321' title='bbox 841 2793 958 2860; x_wconf 91' lang='lat' dir='ltr'>bonum,</span> <span class='ocrx_word' id='word_1_322' title='bbox 983 2801 1084 2853; x_wconf 88' lang='lat' dir='ltr'>contra</span> <span class='ocrx_word' id='word_1_323' title='bbox 1111 2795 1233 2853; x_wconf 84' lang='grc'><strong>11111111</strong></span> <span class='ocrx_word' id='word_1_324' title='bbox 1260 2795 1431 2871; x_wconf 89' lang='lat' dir='ltr'>animarum,</span> 
     </span>
     <span class='ocr_line' id='line_1_32' title="bbox 224 2871 1433 2952; baseline 0.002 -21"><span class='ocrx_word' id='word_1_325' title='bbox 224 2880 324 2931; x_wconf 89' lang='lat' dir='ltr'>eontra</span> <span class='ocrx_word' id='word_1_326' title='bbox 331 2872 398 2950; x_wconf 89' lang='lat' dir='ltr'>jura</span> <span class='ocrx_word' id='word_1_327' title='bbox 412 2871 512 2930; x_wconf 88' lang='lat' dir='ltr'>divina</span> <span class='ocrx_word' id='word_1_328' title='bbox 530 2880 560 2930; x_wconf 92' lang='lat' dir='ltr'>et</span> <span class='ocrx_word' id='word_1_329' title='bbox 572 2873 707 2950; x_wconf 88' lang='lat' dir='ltr'>humana,</span> <span class='ocrx_word' id='word_1_330' title='bbox 732 2873 813 2932; x_wconf 88' lang='lat' dir='ltr'>nullo</span> <span class='ocrx_word' id='word_1_331' title='bbox 837 2873 923 2932; x_wconf 92' lang='lat' dir='ltr'>modo</span> <span class='ocrx_word' id='word_1_332' title='bbox 948 2873 1090 2932; x_wconf 84' lang='lat' dir='ltr'>servanda</span> <span class='ocrx_word' id='word_1_333' title='bbox 1111 2875 1184 2934; x_wconf 86' lang='lat' dir='ltr'>est.”</span> <span class='ocrx_word' id='word_1_334' title='bbox 1226 2875 1271 2933; x_wconf 86' lang='lat' dir='ltr'>Eo</span> <span class='ocrx_word' id='word_1_335' title='bbox 1285 2877 1433 2952; x_wconf 87' lang='lat' dir='ltr'>pertinent</span> 
     </span>
     <span class='ocr_line' id='line_1_33' title="bbox 222 2951 1432 3032; baseline 0.006 -23"><span class='ocrx_word' id='word_1_336' title='bbox 222 2951 311 3030; x_wconf 90' lang='lat' dir='ltr'>impia</span> <span class='ocrx_word' id='word_1_337' title='bbox 325 2953 450 3011; x_wconf 89' lang='lat' dir='ltr'>Decreta</span> <span class='ocrx_word' id='word_1_338' title='bbox 464 2951 638 3010; x_wconf 89' lang='lat' dir='ltr'>Pontificum</span> <span class='ocrx_word' id='word_1_339' title='bbox 659 2952 695 3011; x_wconf 91' lang='lat' dir='ltr'>de</span> <span class='ocrx_word' id='word_1_340' title='bbox 715 2953 885 3012; x_wconf 89' lang='lat' dir='ltr'>liberatione</span> <span class='ocrx_word' id='word_1_341' title='bbox 899 2953 1080 3012; x_wconf 87' lang='lat' dir='ltr'>subditorum</span> <span class='ocrx_word' id='word_1_342' title='bbox 1093 2973 1111 3012; x_wconf 87' lang='lat' dir='ltr'>a</span> <span class='ocrx_word' id='word_1_343' title='bbox 1128 2955 1293 3032; x_wconf 87' lang='lat' dir='ltr'>juramento</span> <span class='ocrx_word' id='word_1_344' title='bbox 1306 2955 1432 3016; x_wconf 90' lang='lat' dir='ltr'>fidelita-</span> 
     </span>
     <span class='ocr_line' id='line_1_34' title="bbox 221 3031 1432 3110; baseline 0.002 -18"><span class='ocrx_word' id='word_1_345' title='bbox 221 3033 261 3092; x_wconf 89' lang='lat' dir='ltr'>tis</span> <span class='ocrx_word' id='word_1_346' title='bbox 275 3052 344 3109; x_wconf 86' lang='lat' dir='ltr'>erga</span> <span class='ocrx_word' id='word_1_347' title='bbox 359 3032 516 3110; x_wconf 87' lang='lat' dir='ltr'>Principes,</span> <span class='ocrx_word' id='word_1_348' title='bbox 529 3031 590 3090; x_wconf 83' lang='lat' dir='ltr'>sive</span> <span class='ocrx_word' id='word_1_349' title='bbox 604 3041 722 3110; x_wconf 88' lang='lat' dir='ltr'>propter</span> <span class='ocrx_word' id='word_1_350' title='bbox 731 3032 873 3108; x_wconf 85' lang='lat' dir='ltr'>haeresim,</span> <span class='ocrx_word' id='word_1_351' title='bbox 886 3033 947 3091; x_wconf 91' lang='lat' dir='ltr'>sive</span> <span class='ocrx_word' id='word_1_352' title='bbox 958 3041 1074 3110; x_wconf 88' lang='lat' dir='ltr'>propter</span> <span class='ocrx_word' id='word_1_353' title='bbox 1088 3034 1432 3095; x_wconf 88' lang='lat' dir='ltr'>excommunicationem:</span> 
     </span>
     <span class='ocr_line' id='line_1_35' title="bbox 223 3111 1431 3192; baseline 0.004 -22"><span class='ocrx_word' id='word_1_354' title='bbox 223 3111 285 3170; x_wconf 88' lang='lat' dir='ltr'>Nee</span> <span class='ocrx_word' id='word_1_355' title='bbox 298 3112 355 3170; x_wconf 89' lang='lat' dir='ltr'>alio</span> <span class='ocrx_word' id='word_1_356' title='bbox 380 3111 497 3190; x_wconf 87' lang='lat' dir='ltr'>respicit</span> <span class='ocrx_word' id='word_1_357' title='bbox 519 3112 690 3188; x_wconf 85' lang='lat' dir='ltr'>mysterium</span> <span class='ocrx_word' id='word_1_358' title='bbox 712 3112 973 3189; x_wconf 75' lang='lat' dir='ltr'>aequivocationum</span> <span class='ocrx_word' id='word_1_359' title='bbox 996 3113 1213 3190; x_wconf 85' lang='lat' dir='ltr'>Jesui&#39;tiearum,</span> <span class='ocrx_word' id='word_1_360' title='bbox 1237 3123 1267 3174; x_wconf 90' lang='lat' dir='ltr'>et</span> <span class='ocrx_word' id='word_1_361' title='bbox 1280 3114 1431 3192; x_wconf 85' lang='lat' dir='ltr'>dispensa-</span> 
     </span>
     <span class='ocr_line' id='line_1_36' title="bbox 222 3191 1433 3270; baseline 0.004 -20"><span class='ocrx_word' id='word_1_362' title='bbox 222 3192 333 3250; x_wconf 86' lang='lat' dir='ltr'>tionum</span> <span class='ocrx_word' id='word_1_363' title='bbox 347 3191 370 3250; x_wconf 85' lang='lat' dir='ltr'><strong>J</strong></span> <span class='ocrx_word' id='word_1_364' title='bbox 370 3198 592 3264; x_wconf 83' lang='lat' dir='ltr'>crementorum,</span> <span class='ocrx_word' id='word_1_365' title='bbox 603 3210 690 3267; x_wconf 92' lang='lat' dir='ltr'>quam</span> <span class='ocrx_word' id='word_1_366' title='bbox 699 3199 732 3250; x_wconf 91' lang='lat' dir='ltr'>ut</span> <span class='ocrx_word' id='word_1_367' title='bbox 744 3191 910 3250; x_wconf 90' lang='lat' dir='ltr'>hominibus</span> <span class='ocrx_word' id='word_1_368' title='bbox 923 3191 1055 3267; x_wconf 83' lang='lat' dir='ltr'>illudant,</span> <span class='ocrx_word' id='word_1_369' title='bbox 1070 3201 1155 3270; x_wconf 87' lang='lat' dir='ltr'>pacta</span> <span class='ocrx_word' id='word_1_370' title='bbox 1168 3194 1307 3254; x_wconf 88' lang='grc'><strong>11111111</strong></span> <span class='ocrx_word' id='word_1_371' title='bbox 1320 3193 1433 3255; x_wconf 83' lang='lat' dir='ltr'>foedere</span> 
     </span>
     <span class='ocr_line' id='line_1_37' title="bbox 222 3269 1432 3350; baseline 0.005 -21"><span class='ocrx_word' id='word_1_372' title='bbox 222 3270 264 3329; x_wconf 82' lang='lat' dir='ltr'>ita</span> <span class='ocrx_word' id='word_1_373' title='bbox 277 3269 428 3344; x_wconf 91' lang='lat' dir='ltr'>eludendo,</span> <span class='ocrx_word' id='word_1_374' title='bbox 443 3279 477 3328; x_wconf 91' lang='lat' dir='ltr'>ut</span> <span class='ocrx_word' id='word_1_375' title='bbox 489 3269 542 3326; x_wconf 82' lang='lat' dir='ltr'>vix</span> <span class='ocrx_word' id='word_1_376' title='bbox 555 3269 660 3344; x_wconf 87' lang='lat' dir='ltr'>aliquis</span> <span class='ocrx_word' id='word_1_377' title='bbox 674 3277 737 3330; x_wconf 87' lang='lat' dir='ltr'>tuto</span> <span class='ocrx_word' id='word_1_378' title='bbox 751 3290 817 3329; x_wconf 90' lang='lat' dir='ltr'>cum</span> <span class='ocrx_word' id='word_1_379' title='bbox 831 3271 902 3348; x_wconf 90' lang='lat' dir='ltr'>ipsis</span> <span class='ocrx_word' id='word_1_380' title='bbox 915 3273 1084 3331; x_wconf 87' lang='lat' dir='ltr'>contrahere</span> <span class='ocrx_word' id='word_1_381' title='bbox 1097 3272 1198 3350; x_wconf 90' lang='lat' dir='ltr'>possit.</span> <span class='ocrx_word' id='word_1_382' title='bbox 1239 3273 1354 3348; x_wconf 87' lang='lat' dir='ltr'>Quanto</span> <span class='ocrx_word' id='word_1_383' title='bbox 1368 3295 1432 3335; x_wconf 90' lang='lat' dir='ltr'>rec-</span> 
     </span>
     <span class='ocr_line' id='line_1_38' title="bbox 222 3347 1430 3430; baseline 0.006 -23"><span class='ocrx_word' id='word_1_384' title='bbox 222 3349 280 3407; x_wconf 90' lang='lat' dir='ltr'>tior</span> <span class='ocrx_word' id='word_1_385' title='bbox 292 3348 341 3405; x_wconf 93' lang='lat' dir='ltr'>hic</span> <span class='ocrx_word' id='word_1_386' title='bbox 355 3348 451 3406; x_wconf 87' lang='lat' dir='ltr'>Caroli</span> <span class='ocrx_word' id='word_1_387' title='bbox 464 3347 503 3406; x_wconf 88' lang='lat' dir='ltr'>V.</span> <span class='ocrx_word' id='word_1_388' title='bbox 517 3367 608 3421; x_wconf 89' lang='lat' dir='ltr'>mens,</span> <span class='ocrx_word' id='word_1_389' title='bbox 631 3349 681 3425; x_wconf 89' lang='lat' dir='ltr'>qui</span> <span class='ocrx_word' id='word_1_390' title='bbox 695 3348 764 3407; x_wconf 88' lang='lat' dir='ltr'>dum</span> <span class='ocrx_word' id='word_1_391' title='bbox 778 3349 816 3407; x_wconf 90' lang='lat' dir='ltr'>ad</span> <span class='ocrx_word' id='word_1_392' title='bbox 830 3349 916 3408; x_wconf 89' lang='lat' dir='ltr'>fidem</span> <span class='ocrx_word' id='word_1_393' title='bbox 930 3350 1028 3410; x_wconf 88' lang='lat' dir='ltr'>datam</span> <span class='ocrx_word' id='word_1_394' title='bbox 1043 3352 1171 3411; x_wconf 87' lang='lat' dir='ltr'>Luthero</span> <span class='ocrx_word' id='word_1_395' title='bbox 1185 3361 1323 3430; x_wconf 88' lang='lat' dir='ltr'>tanquam</span> <span class='ocrx_word' id='word_1_396' title='bbox 1337 3356 1430 3414; x_wconf 84' lang='lat' dir='ltr'>haera-</span> 
     </span>
     <span class='ocr_line' id='line_1_39' title="bbox 222 3426 1430 3508; baseline 0.007 -23"><span class='ocrx_word' id='word_1_397' title='bbox 222 3427 281 3486; x_wconf 90' lang='lat' dir='ltr'>tieo</span> <span class='ocrx_word' id='word_1_398' title='bbox 295 3426 483 3502; x_wconf 87' lang='lat' dir='ltr'>frangendam</span> <span class='ocrx_word' id='word_1_399' title='bbox 498 3426 714 3502; x_wconf 75' lang='lat' dir='ltr'>sollicitabatur,</span> <span class='ocrx_word' id='word_1_400' title='bbox 736 3447 875 3504; x_wconf 87' lang='lat' dir='ltr'>generose</span> <span class='ocrx_word' id='word_1_401' title='bbox 888 3431 1046 3508; x_wconf 89' lang='lat' dir='ltr'>respondit,</span> <span class='ocrx_word' id='word_1_402' title='bbox 1070 3433 1088 3465; x_wconf 85' lang='lat'>“</span> <span class='ocrx_word' id='word_1_403' title='bbox 1103 3432 1226 3491; x_wconf 85' lang='lat' dir='ltr'>Etiamsi</span> <span class='ocrx_word' id='word_1_404' title='bbox 1239 3433 1270 3490; x_wconf 92' lang='lat' dir='ltr'>in</span> <span class='ocrx_word' id='word_1_405' title='bbox 1284 3441 1346 3492; x_wconf 91' lang='lat' dir='ltr'>toto</span> <span class='ocrx_word' id='word_1_406' title='bbox 1360 3435 1430 3493; x_wconf 90' lang='lat' dir='ltr'>orbe</span> 
     </span>
     <span class='ocr_line' id='line_1_40' title="bbox 222 3505 1429 3587; baseline 0.007 -23"><span class='ocrx_word' id='word_1_407' title='bbox 222 3515 363 3565; x_wconf 87' lang='lat' dir='ltr'>terrerum</span> <span class='ocrx_word' id='word_1_408' title='bbox 383 3505 455 3565; x_wconf 89' lang='lat' dir='ltr'>fides</span> <span class='ocrx_word' id='word_1_409' title='bbox 469 3505 609 3581; x_wconf 88' lang='lat' dir='ltr'>exularet,</span> <span class='ocrx_word' id='word_1_410' title='bbox 625 3514 721 3565; x_wconf 88' lang='lat' dir='ltr'>tamen</span> <span class='ocrx_word' id='word_1_411' title='bbox 742 3507 819 3585; x_wconf 88' lang='lat' dir='ltr'>apud</span> <span class='ocrx_word' id='word_1_412' title='bbox 834 3508 1041 3587; x_wconf 79' lang='lat' dir='ltr'>Imperatorem</span> <span class='ocrx_word' id='word_1_413' title='bbox 1055 3511 1267 3571; x_wconf 87' lang='lat' dir='ltr'>immaculatam</span> <span class='ocrx_word' id='word_1_414' title='bbox 1283 3531 1347 3571; x_wconf 88' lang='lat' dir='ltr'>eam</span> <span class='ocrx_word' id='word_1_415' title='bbox 1369 3533 1429 3572; x_wconf 90' lang='lat' dir='ltr'>ma·</span> 
     </span>
     <span class='ocr_line' id='line_1_41' title="bbox 222 3585 1429 3724; baseline 0.007 -80"><span class='ocrx_word' id='word_1_416' title='bbox 222 3605 291 3724; x_wconf 67' lang='lat' dir='ltr'>pere</span> <span class='ocrx_word' id='word_1_417' title='bbox 305 3585 439 3677; x_wconf 81' lang='lat' dir='ltr'>debere.&#39;’</span> <span class='ocrx_word' id='word_1_418' title='bbox 462 3585 535 3644; x_wconf 89' lang='lat' dir='ltr'>Haec</span> <span class='ocrx_word' id='word_1_419' title='bbox 549 3585 635 3644; x_wconf 89' lang='lat' dir='ltr'>etiarn</span> <span class='ocrx_word' id='word_1_420' title='bbox 651 3585 885 3648; x_wconf 86' lang='lat' dir='ltr'>Orthodoxorum</span> <span class='ocrx_word' id='word_1_421' title='bbox 899 3599 944 3649; x_wconf 86' lang='lat' dir='ltr'>est</span> <span class='ocrx_word' id='word_1_422' title='bbox 958 3591 1101 3652; x_wconf 86' lang='lat' dir='ltr'>sententia</span> <span class='ocrx_word' id='word_1_423' title='bbox 1115 3591 1296 3668; x_wconf 82' lang='lat' dir='ltr'>gravissimis</span> <span class='ocrx_word' id='word_1_424' title='bbox 1309 3593 1429 3652; x_wconf 88' lang='lat' dir='ltr'>rationi·</span> 
     </span>
     <span class='ocr_line' id='line_1_42' title="bbox 245 3685 370 3723; baseline 0 -1"><span class='ocrx_word' id='word_1_425' title='bbox 245 3685 279 3723; x_wconf 90' lang='lat' dir='ltr'>us</span> <span class='ocrx_word' id='word_1_426' title='bbox 292 3685 370 3723; x_wconf 78' lang='lat' dir='ltr'>nixa.</span> 
     </span>
    </p>

    <p class='ocr_par' dir='ltr' id='par_1_6' title="bbox 219 3742 1430 4064">
     <span class='ocr_line' id='line_1_43' title="bbox 264 3742 1427 3826; baseline 0.008 -24"><span class='ocrx_word' id='word_1_427' title='bbox 264 3743 323 3803; x_wconf 90' lang='lat' dir='ltr'>IX.</span> <span class='ocrx_word' id='word_1_428' title='bbox 347 3744 452 3819; x_wconf 86' lang='lat' dir='ltr'>Primo,</span> <span class='ocrx_word' id='word_1_429' title='bbox 465 3742 540 3819; x_wconf 86' lang='lat' dir='ltr'>Quia</span> <span class='ocrx_word' id='word_1_430' title='bbox 553 3744 640 3804; x_wconf 89' lang='lat' dir='ltr'>fidem</span> <span class='ocrx_word' id='word_1_431' title='bbox 650 3763 765 3806; x_wconf 85' lang='grc'><strong>111-1111</strong></span> <span class='ocrx_word' id='word_1_432' title='bbox 776 3755 820 3806; x_wconf 87' lang='grc'>111</span> <span class='ocrx_word' id='word_1_433' title='bbox 834 3755 915 3808; x_wconf 87' lang='lat' dir='ltr'>actus</span> <span class='ocrx_word' id='word_1_434' title='bbox 926 3745 1066 3825; x_wconf 85' lang='lat' dir='ltr'>veritatis,</span> <span class='ocrx_word' id='word_1_435' title='bbox 1078 3749 1091 3826; x_wconf 88' lang='lat' dir='ltr'><strong>j</strong></span> <span class='ocrx_word' id='word_1_436' title='bbox 1095 3749 1209 3825; x_wconf 82' lang='grc'><strong>11111111,</strong></span> <span class='ocrx_word' id='word_1_437' title='bbox 1221 3759 1251 3809; x_wconf 91' lang='lat' dir='ltr'>et</span> <span class='ocrx_word' id='word_1_438' title='bbox 1261 3749 1427 3826; x_wconf 89' lang='lat' dir='ltr'>fidelitatis;</span> 
     </span>
     <span class='ocr_line' id='line_1_44' title="bbox 224 3824 1430 3908; baseline 0.006 -25"><span class='ocrx_word' id='word_1_439' title='bbox 224 3824 298 3883; x_wconf 87' lang='lat' dir='ltr'>Nam</span> <span class='ocrx_word' id='word_1_440' title='bbox 313 3824 363 3901; x_wconf 94' lang='lat' dir='ltr'>qui</span> <span class='ocrx_word' id='word_1_441' title='bbox 383 3824 470 3883; x_wconf 89' lang='lat' dir='ltr'>fidem</span> <span class='ocrx_word' id='word_1_442' title='bbox 491 3833 588 3884; x_wconf 88' lang='lat' dir='ltr'>servat</span> <span class='ocrx_word' id='word_1_443' title='bbox 608 3833 726 3902; x_wconf 79' lang='lat' dir='ltr'>praestat</span> <span class='ocrx_word' id='word_1_444' title='bbox 738 3827 817 3904; x_wconf 92' lang='lat' dir='ltr'>quod</span> <span class='ocrx_word' id='word_1_445' title='bbox 831 3828 910 3902; x_wconf 91' lang='lat' dir='ltr'>dicit,</span> <span class='ocrx_word' id='word_1_446' title='bbox 926 3829 1003 3906; x_wconf 87' lang='lat' dir='ltr'>qnod</span> <span class='ocrx_word' id='word_1_447' title='bbox 1025 3837 1070 3888; x_wconf 87' lang='lat' dir='ltr'>est</span> <span class='ocrx_word' id='word_1_448' title='bbox 1087 3830 1238 3905; x_wconf 87' lang='lat' dir='ltr'>veritatis;</span> <span class='ocrx_word' id='word_1_449' title='bbox 1260 3829 1330 3889; x_wconf 86' lang='lat' dir='ltr'>facit</span> <span class='ocrx_word' id='word_1_450' title='bbox 1349 3831 1430 3908; x_wconf 87' lang='lat' dir='ltr'>quod</span> 
     </span>
     <span class='ocr_line' id='line_1_45' title="bbox 221 3903 1430 3987; baseline 0.007 -25"><span class='ocrx_word' id='word_1_451' title='bbox 221 3904 354 3982; x_wconf 89' lang='lat' dir='ltr'>promisit</span> <span class='ocrx_word' id='word_1_452' title='bbox 367 3913 397 3964; x_wconf 92' lang='lat' dir='ltr'>et</span> <span class='ocrx_word' id='word_1_453' title='bbox 410 3903 448 3963; x_wconf 92' lang='lat' dir='ltr'>ad</span> <span class='ocrx_word' id='word_1_454' title='bbox 461 3904 539 3982; x_wconf 91' lang='lat' dir='ltr'>quod</span> <span class='ocrx_word' id='word_1_455' title='bbox 553 3904 699 3982; x_wconf 89' lang='lat' dir='ltr'>obligatus</span> <span class='ocrx_word' id='word_1_456' title='bbox 710 3915 762 3983; x_wconf 90' lang='lat' dir='ltr'>est,</span> <span class='ocrx_word' id='word_1_457' title='bbox 775 3907 854 3983; x_wconf 88' lang='lat' dir='ltr'>quod</span> <span class='ocrx_word' id='word_1_458' title='bbox 864 3916 909 3966; x_wconf 91' lang='lat' dir='ltr'>est</span> <span class='ocrx_word' id='word_1_459' title='bbox 919 3908 1085 3984; x_wconf 88' lang='lat' dir='ltr'>fidelitatis;</span> <span class='ocrx_word' id='word_1_460' title='bbox 1101 3917 1131 3968; x_wconf 89' lang='lat' dir='ltr'>et</span> <span class='ocrx_word' id='word_1_461' title='bbox 1143 3908 1239 3968; x_wconf 87' lang='lat' dir='ltr'>reddit</span> <span class='ocrx_word' id='word_1_462' title='bbox 1252 3909 1336 3969; x_wconf 87' lang='lat' dir='ltr'>alteri</span> <span class='ocrx_word' id='word_1_463' title='bbox 1350 3909 1430 3987; x_wconf 91' lang='lat' dir='ltr'>quod</span> 
     </span>
     <span class='ocr_line' id='line_1_46' title="bbox 219 3984 891 4064; baseline 0.004 -21"><span class='ocrx_word' id='word_1_464' title='bbox 219 3984 249 4043; x_wconf 92' lang='lat' dir='ltr'>ei</span> <span class='ocrx_word' id='word_1_465' title='bbox 263 4003 301 4043; x_wconf 82' lang='lat' dir='ltr'>ex</span> <span class='ocrx_word' id='word_1_466' title='bbox 314 3985 455 4061; x_wconf 89' lang='lat' dir='ltr'>promisso</span> <span class='ocrx_word' id='word_1_467' title='bbox 469 3984 598 4058; x_wconf 88' lang='lat' dir='ltr'>debetur,</span> <span class='ocrx_word' id='word_1_468' title='bbox 614 3985 692 4061; x_wconf 92' lang='lat' dir='ltr'>quod</span> <span class='ocrx_word' id='word_1_469' title='bbox 706 3994 751 4045; x_wconf 86' lang='lat' dir='ltr'>est</span> <span class='ocrx_word' id='word_1_470' title='bbox 759 3987 891 4064; x_wconf 87' lang='lat' dir='ltr'>justitiae.</span> 
     </span>
    </p>

    <p class='ocr_par' dir='ltr' id='par_1_7' title="bbox 219 4063 1429 4460">
     <span class='ocr_line' id='line_1_47' title="bbox 262 4063 1428 4145; baseline 0.006 -23"><span class='ocrx_word' id='word_1_471' title='bbox 262 4063 306 4121; x_wconf 91' lang='lat' dir='ltr'>X.</span> <span class='ocrx_word' id='word_1_472' title='bbox 330 4063 470 4138; x_wconf 82' lang='lat' dir='ltr'>Secundo,</span> <span class='ocrx_word' id='word_1_473' title='bbox 483 4065 558 4138; x_wconf 82' lang='lat' dir='ltr'>Quia</span> <span class='ocrx_word' id='word_1_474' title='bbox 572 4064 737 4124; x_wconf 91' lang='lat' dir='ltr'>infidelibus</span> <span class='ocrx_word' id='word_1_475' title='bbox 750 4065 837 4125; x_wconf 86' lang='lat' dir='ltr'>fidem</span> <span class='ocrx_word' id='word_1_476' title='bbox 855 4068 953 4144; x_wconf 88' lang='lat' dir='ltr'>jurare</span> <span class='ocrx_word' id='word_1_477' title='bbox 967 4066 1043 4142; x_wconf 86' lang='lat' dir='ltr'>lieet,</span> <span class='ocrx_word' id='word_1_478' title='bbox 1060 4087 1130 4145; x_wconf 87' lang='lat' dir='ltr'>ergo</span> <span class='ocrx_word' id='word_1_479' title='bbox 1144 4075 1174 4128; x_wconf 93' lang='lat' dir='ltr'>et</span> <span class='ocrx_word' id='word_1_480' title='bbox 1189 4067 1277 4126; x_wconf 89' lang='lat' dir='ltr'>fidem</span> <span class='ocrx_word' id='word_1_481' title='bbox 1291 4087 1428 4145; x_wconf 77' lang='lat' dir='ltr'>servare;</span> 
     </span>
     <span class='ocr_line' id='line_1_48' title="bbox 220 4143 1427 4224; baseline 0.006 -24"><span class='ocrx_word' id='word_1_482' title='bbox 220 4151 302 4220; x_wconf 89' lang='lat' dir='ltr'>patet</span> <span class='ocrx_word' id='word_1_483' title='bbox 315 4143 457 4220; x_wconf 87' lang='lat' dir='ltr'>exemplis</span> <span class='ocrx_word' id='word_1_484' title='bbox 472 4143 633 4202; x_wconf 87' lang='lat' dir='ltr'>Abrahami</span> <span class='ocrx_word' id='word_1_485' title='bbox 647 4143 740 4204; x_wconf 82' lang='lat' dir='ltr'>loedus</span> <span class='ocrx_word' id='word_1_486' title='bbox 754 4147 907 4223; x_wconf 86' lang='lat' dir='ltr'>pangentis</span> <span class='ocrx_word' id='word_1_487' title='bbox 922 4167 987 4206; x_wconf 89' lang='lat' dir='ltr'>cum</span> <span class='ocrx_word' id='word_1_488' title='bbox 1002 4146 1202 4223; x_wconf 88' lang='lat' dir='ltr'>Abimelecho,</span> <span class='ocrx_word' id='word_1_489' title='bbox 1216 4147 1291 4206; x_wconf 82' lang='lat' dir='ltr'>Gen.</span> <span class='ocrx_word' id='word_1_490' title='bbox 1303 4148 1366 4207; x_wconf 85' lang='lat' dir='ltr'>xxi.</span> <span class='ocrx_word' id='word_1_491' title='bbox 1379 4152 1427 4224; x_wconf 87' lang='lat'>23,</span> 
     </span>
     <span class='ocr_line' id='line_1_49' title="bbox 221 4221 1427 4304; baseline 0.006 -24"><span class='ocrx_word' id='word_1_492' title='bbox 221 4225 271 4298; x_wconf 85' lang='grc'><strong>24,</strong></span> <span class='ocrx_word' id='word_1_493' title='bbox 287 4221 389 4298; x_wconf 90' lang='lat' dir='ltr'>Iseaoi,</span> <span class='ocrx_word' id='word_1_494' title='bbox 405 4242 430 4281; x_wconf 91' lang='lat' dir='ltr'>c.</span> <span class='ocrx_word' id='word_1_495' title='bbox 446 4222 529 4281; x_wconf 84' lang='lat' dir='ltr'>xxvi.</span> <span class='ocrx_word' id='word_1_496' title='bbox 546 4226 594 4298; x_wconf 90' lang='grc'>26,</span> <span class='ocrx_word' id='word_1_497' title='bbox 610 4224 723 4300; x_wconf 86' lang='lat' dir='ltr'>Jacobi,</span> <span class='ocrx_word' id='word_1_498' title='bbox 740 4245 764 4284; x_wconf 90' lang='grc'>1.</span> <span class='ocrx_word' id='word_1_499' title='bbox 780 4227 863 4284; x_wconf 87' lang='lat' dir='ltr'>xxxi.</span> <span class='ocrx_word' id='word_1_500' title='bbox 879 4229 927 4301; x_wconf 90' lang='grc'><strong>53,</strong></span> <span class='ocrx_word' id='word_1_501' title='bbox 943 4227 1157 4304; x_wconf 84' lang='lat' dir='ltr'>exploratorum</span> <span class='ocrx_word' id='word_1_502' title='bbox 1172 4227 1250 4304; x_wconf 89' lang='lat' dir='ltr'>apud</span> <span class='ocrx_word' id='word_1_503' title='bbox 1265 4227 1427 4303; x_wconf 83' lang='lat' dir='ltr'>Rahabam,</span> 
     </span>
     <span class='ocr_line' id='line_1_50' title="bbox 219 4301 1429 4381; baseline 0.001 -18"><span class='ocrx_word' id='word_1_504' title='bbox 219 4303 288 4363; x_wconf 87' lang='lat' dir='ltr'>Jos.</span> <span class='ocrx_word' id='word_1_505' title='bbox 302 4302 342 4361; x_wconf 89' lang='grc'>11.</span> <span class='ocrx_word' id='word_1_506' title='bbox 357 4305 405 4377; x_wconf 85' lang='grc'><strong>22,</strong></span> <span class='ocrx_word' id='word_1_507' title='bbox 422 4301 619 4363; x_wconf 75' lang='lat' dir='ltr'>Inanimum</span> <span class='ocrx_word' id='word_1_508' title='bbox 636 4323 706 4381; x_wconf 87' lang='lat' dir='ltr'>erga</span> <span class='ocrx_word' id='word_1_509' title='bbox 720 4304 900 4381; x_wconf 84' lang='lat' dir='ltr'>Gibeonitas‚</span> <span class='ocrx_word' id='word_1_510' title='bbox 916 4306 938 4365; x_wconf 90' lang='lat' dir='ltr'>J</span> <span class='ocrx_word' id='word_1_511' title='bbox 939 4325 980 4364; x_wconf 90' lang='lat' dir='ltr'>os.</span> <span class='ocrx_word' id='word_1_512' title='bbox 996 4307 1036 4364; x_wconf 88' lang='lat' dir='ltr'>ix.</span> <span class='ocrx_word' id='word_1_513' title='bbox 1053 4309 1100 4366; x_wconf 83' lang='lat'>15.</span> <span class='ocrx_word' id='word_1_514' title='bbox 1137 4305 1349 4366; x_wconf 84' lang='lat' dir='ltr'>Haereticorum</span> <span class='ocrx_word' id='word_1_515' title='bbox 1369 4327 1429 4366; x_wconf 92' lang='lat' dir='ltr'>non</span> 
     </span>
     <span class='ocr_line' id='line_1_51' title="bbox 219 4381 682 4460; baseline 0.002 -19"><span class='ocrx_word' id='word_1_516' title='bbox 219 4389 317 4460; x_wconf 90' lang='lat' dir='ltr'>potest</span> <span class='ocrx_word' id='word_1_517' title='bbox 330 4401 393 4441; x_wconf 90' lang='lat' dir='ltr'>esse</span> <span class='ocrx_word' id='word_1_518' title='bbox 408 4381 533 4441; x_wconf 89' lang='lat' dir='ltr'>deterior</span> <span class='ocrx_word' id='word_1_519' title='bbox 545 4383 682 4442; x_wconf 88' lang='lat' dir='ltr'>conditio.</span> 
     </span>
    </p>

    <p class='ocr_par' dir='ltr' id='par_1_8' title="bbox 220 4459 1428 4701">
     <span class='ocr_line' id='line_1_52' title="bbox 262 4459 1428 4540; baseline 0.004 -21"><span class='ocrx_word' id='word_1_520' title='bbox 262 4462 322 4520; x_wconf 86' lang='lat' dir='ltr'>XI.</span> <span class='ocrx_word' id='word_1_521' title='bbox 344 4459 450 4536; x_wconf 86' lang='lat' dir='ltr'>Tertio,</span> <span class='ocrx_word' id='word_1_522' title='bbox 464 4461 538 4536; x_wconf 86' lang='lat' dir='ltr'>Quia</span> <span class='ocrx_word' id='word_1_523' title='bbox 552 4462 633 4522; x_wconf 88' lang='lat' dir='ltr'>Deus</span> <span class='ocrx_word' id='word_1_524' title='bbox 653 4463 723 4522; x_wconf 85' lang='lat' dir='ltr'>talia</span> <span class='ocrx_word' id='word_1_525' title='bbox 742 4463 868 4540; x_wconf 80' lang='lat' dir='ltr'>perjuria</span> <span class='ocrx_word' id='word_1_526' title='bbox 889 4463 1070 4523; x_wconf 83' lang='lat' dir='ltr'>severissime</span> <span class='ocrx_word' id='word_1_527' title='bbox 1083 4465 1164 4536; x_wconf 87' lang='lat' dir='ltr'>ultus</span> <span class='ocrx_word' id='word_1_528' title='bbox 1177 4473 1230 4540; x_wconf 87' lang='lat' dir='ltr'>est,</span> <span class='ocrx_word' id='word_1_529' title='bbox 1246 4465 1276 4522; x_wconf 91' lang='lat' dir='ltr'>in</span> <span class='ocrx_word' id='word_1_530' title='bbox 1291 4464 1428 4526; x_wconf 77' lang='grc'><strong>11111111-</strong></span> 
     </span>
     <span class='ocr_line' id='line_1_53' title="bbox 220 4541 1427 4623; baseline 0.004 -24"><span class='ocrx_word' id='word_1_531' title='bbox 220 4541 287 4600; x_wconf 93' lang='lat' dir='ltr'>cobi</span> <span class='ocrx_word' id='word_1_532' title='bbox 301 4550 401 4601; x_wconf 86' lang='lat' dir='ltr'>contra</span> <span class='ocrx_word' id='word_1_533' title='bbox 415 4541 596 4615; x_wconf 82' lang='lat' dir='ltr'>Sichemitas,</span> <span class='ocrx_word' id='word_1_534' title='bbox 612 4542 686 4603; x_wconf 85' lang='lat' dir='ltr'>Gen.</span> <span class='ocrx_word' id='word_1_535' title='bbox 702 4543 805 4602; x_wconf 81' lang='lat' dir='ltr'>xxxiv.</span> <span class='ocrx_word' id='word_1_536' title='bbox 821 4552 851 4603; x_wconf 91' lang='lat' dir='ltr'>et</span> <span class='ocrx_word' id='word_1_537' title='bbox 864 4543 947 4620; x_wconf 84' lang='lat' dir='ltr'>xlix,</span> <span class='ocrx_word' id='word_1_538' title='bbox 962 4544 993 4601; x_wconf 92' lang='grc'>11</span> <span class='ocrx_word' id='word_1_539' title='bbox 1009 4545 1096 4604; x_wconf 83' lang='lat' dir='ltr'>Saule</span> <span class='ocrx_word' id='word_1_540' title='bbox 1115 4553 1232 4623; x_wconf 88' lang='lat' dir='ltr'>propter</span> <span class='ocrx_word' id='word_1_541' title='bbox 1246 4545 1427 4621; x_wconf 84' lang='lat' dir='ltr'>Gibeonitas,</span> 
     </span>
     <span class='ocr_line' id='line_1_54' title="bbox 222 4621 1428 4701; baseline 0.003 -21"><span class='ocrx_word' id='word_1_542' title='bbox 222 4624 241 4680; x_wconf 90' lang='lat'>2</span> <span class='ocrx_word' id='word_1_543' title='bbox 254 4621 331 4680; x_wconf 88' lang='grc'><strong>8111.</strong></span> <span class='ocrx_word' id='word_1_544' title='bbox 342 4621 412 4696; x_wconf 81' lang='lat' dir='ltr'>xxi,</span> <span class='ocrx_word' id='word_1_545' title='bbox 428 4622 459 4680; x_wconf 91' lang='lat' dir='ltr'>in</span> <span class='ocrx_word' id='word_1_546' title='bbox 474 4621 1328 4701; x_wconf 70' lang='grc' dir='ltr'><strong>8111111111111111Ν111111111111111,1011111111,</strong></span> <span class='ocrx_word' id='word_1_547' title='bbox 1341 4625 1428 4684; x_wconf 82' lang='lat' dir='ltr'>Enoc.</span> 
     </span>
    </p>
   </div>
   <div class='ocr_carea' id='block_1_6' title="bbox 0 0 1558 5198">
    <p class='ocr_par' dir='ltr' id='par_1_9' title="bbox 0 0 1558 5198">
     <span class='ocr_line' id='line_1_55' title="bbox 0 0 1558 5198; baseline 0 0"><span class='ocrx_word' id='word_1_548' title='bbox 0 0 1558 5198; x_wconf 95' lang='lat' dir='ltr'> </span> 
     </span>
    </p>
   </div>
  </div>
 </body>
</html>
