3202 5194
228 351 285 408 104
686 362 971 406 nocusuunscurus.
1215 343 1345 424 [eurusr.
1359 363 1435 406 xvir.

223 509 322 568 hostes
337 506 406 567 vite
420 506 535 566 illorum
549 519 675 584 parcere,
690 512 825 582 poterant
838 505 928 583 aliqui
942 504 1094 580 enatando,
1105 511 1155 563 aut
1169 503 1226 563 alia
1236 504 1346 564 ratione
1358 505 1427 564 ritae

225 609 285 649 suae
293 588 442 648 consulere
453 609 460 663 ;
475 585 655 660 Fortitudint',
666 586 735 662 quia
748 584 831 644 fortis
845 595 897 661 est,
907 605 966 645 non
976 585 1097 663 turpiter
1107 605 1145 644 ex
1155 585 1354 662 desperatione
1365 586 1426 645 vio·

224 671 314 744 toriae,
337 675 387 726 aut
408 667 518 743 salutis,
538 666 692 725 stationem
706 665 847 740 deserere,
870 664 922 724 sed
942 665 980 723 ad
996 674 1157 726 extremum
1171 683 1264 742 usque
1277 685 1426 743 pugnare3

227 749 370 810 Clraritati
378 755 408 807 et
417 745 632 807 mansuetudini
642 765 712 824 erga
725 745 904 804 miserabiles
914 765 1061 823 personas,
1074 763 1166 819 senes,
1178 745 1319 820 imbelles,
1335 765 1427 822 aegro-

223 838 279 906 tos,
290 847 404 907 pueros,
414 827 520 905 quibus
534 826 590 904 ipsi
602 826 701 884 hostes
715 845 831 903 parcere
841 833 968 903 possent,
980 833 1009 885 et
1022 825 1182 902 plerunque
1192 845 1309 903 parcere
1325 826 1429 886 solent.

225 911 292 970 Non
303 927 373 986 ergo
383 908 457 967 tales
470 906 584 967 absolvi
593 914 716 983 possunt
729 924 747 963 a
760 905 845 982 culpa
858 905 888 962 in
901 904 1032 982 regulam
1043 903 1189 984 Apostoli,
1201 906 1279 964 mala
1292 924 1351 963 non
1365 925 1430 965 esse

223 988 356 1049 facienda
368 996 402 1048 ut
415 987 551 1048 eveniant
562 987 648 1061 bona,
663 1005 717 1045 nce
731 985 798 1044 ullae
811 985 893 1062 leges
906 985 955 1044 vel
968 985 1080 1044 bellieae
1094 986 1143 1044 vel
1156 985 1281 1063 politiore
1305 985 1428 1045 interce·

225 1070 294 1129 dere
307 1076 431 1147 possunt
444 1065 586 1126 sanctioni
600 1066 724 1143 divinae3
740 1065 783 1125 Ut
797 1066 874 1124 enim
887 1065 1032 1126 interdum
1046 1067 1179 1125 excusari
1192 1086 1211 1124 a
1225 1075 1302 1124 tanto
1316 1067 1430 1143 possint

225 1150 300 1210 tales
313 1156 485 1226 comparate,
497 1169 518 1208 α
531 1156 587 1206 toto
600 1153 697 1206 tamen
712 1145 845 1204 excusari
855 1163 912 1203 non
926 1152 1056 1222 possunt,
1067 1147 1129 1204 slve
1143 1145 1174 1204 id
1188 1145 1321 1205 dieantur
1334 1145 1429 1206 facere

224 1239 259 1290 ut
272 1229 387 1307 privati,
399 1228 462 1288 sire
471 1235 504 1287 ut
514 1225 638 1286 ministri
648 1225 766 1304 publici.
789 1226 851 1284 Nec
861 1225 978 1302 publiea
991 1225 1151 1285 authoritas
1161 1245 1195 1284 eo
1206 1245 1298 1303 usquc
1309 1245 1363 1284 nos
1377 1225 1428 1284 ob-

226 1310 368 1388 stringere
382 1315 486 1386 potest,
500 1316 534 1367 ut
547 1305 707 1366 intercedat
720 1305 888 1365 authoritati
898 1298 1015 1365 divinas.
1037 1305 1099 1364 Nec
1112 1305 1173 1366 ulla
1187 1305 1236 1364 rel
1246 1305 1429 1364 incommoda

224 1391 311 1467 hosti,
326 1389 375 1449 vel
389 1388 540 1447 commoda
552 1387 654 1466 patria
669 1385 822 1446 conciliata
835 1385 909 1445 tanti
922 1405 986 1445 esse
1000 1393 1129 1464 possunt,
1145 1405 1210 1463 quae
1224 1386 1430 1445 conscientiam

225 1470 274 1529 hie
288 1469 449 1529 absolvant.
472 1467 534 1527 Nec
547 1467 669 1526 intentio
679 1466 757 1525 hosti
769 1464 893 1524 nocendi
904 1466 1032 1526 abstrahi
1045 1465 1094 1525 hic
1103 1466 1219 1543 penitus
1229 1473 1325 1543 potest
1334 1485 1353 1524 a
1366 1485 1428 1524 cer-

225 1550 338 1610 tissima
352 1548 472 1609 scientia
492 1567 524 1610 se
544 1548 631 1608 simul
651 1565 717 1607 cum
731 1547 814 1605 hoste
828 1545 958 1623 tollendi,
974 1555 1004 1606 et
1024 1546 1216 1606 indubitatam
1229 1553 1350 1605 mortem
1371 1545 1428 1604 sihi

227 1629 402 1690 accersendi.

268 1705 412 1768 XXVII.
434 1707 549 1768 Bonum
563 1714 608 1766 est
627 1705 748 1765 reddere
763 1703 835 1781 Deo,
851 1706 930 1782 quod
951 1705 987 1765 ab
1008 1704 1072 1784 ipso
1086 1705 1195 1782 datum,
1212 1705 1262 1765 sed
1274 1703 1325 1763 ubi
1345 1704 1377 1764 id
1397 1713 1427 1764 et

226 1791 366 1868 repetitur
386 1807 404 1847 a
423 1787 517 1865 nobis,
532 1796 562 1848 et
578 1785 676 1846 debito
696 1785 784 1844 modo
804 1785 950 1863 redditur;
978 1805 1038 1845 nou
1051 1807 1121 1846 vero
1135 1786 1186 1845 ubi
1205 1805 1260 1845 nec
1278 1786 1426 1862 repetitur,

225 1888 280 1929 uec
294 1869 392 1930 debito
405 1867 493 1928 modo
505 1866 644 1927 redditur.
686 1867 780 1924 Datur
792 1873 914 1926 mortem
936 1865 1091 1944 aliquando
1111 1866 1261 1925 meliorem
1275 1885 1338 1924 esse
1353 1865 1425 1941 vita,

227 1951 280 2010 sed
293 1949 451 2008 immissam
466 1948 502 2009 ab
517 1948 590 2022 eliis,
605 1966 664 2005 uon
677 1967 694 2006 a
707 1946 793 2005 nobis
807 1954 985 2023 occupatam.
1026 1947 1107 2005 Mors
1120 1945 1279 2006 desiderari
1297 1945 1429 2023 legitime

226 2039 330 2110 potest,
347 2028 471 2088 sednon
484 2027 632 2105 occupari3
654 2032 687 2086 ut
700 2026 762 2084 vite
782 2026 898 2085 nonnisi
912 2025 1011 2084 divino
1033 2026 1150 2084 arbitrio
1165 2025 1296 2101 sumitur,
1312 2027 1353 2085 sic
1374 2045 1429 2084 uec

227 2111 284 2168 nisi
301 2129 336 2168 co
349 2115 495 2188 praecunte
509 2108 578 2185 poni
592 2105 688 2165 debet.
724 2107 914 2166 Contemnere
927 2111 954 2165 τι
969 2103 1134 2187 ooteghem
1147 2106 1306 2164 immissum
1321 2126 1339 2164 a
1354 2107 1428 2183 Deo,

228 2189 320 2266 forte;
337 2188 396 2248 Sed
408 2188 439 2246 in
453 2187 484 2246 id
497 2187 642 2246 incurrere
656 2186 741 2260 ultro,
753 2186 937 2245 temerarium
951 2195 980 2246 et
994 2187 1136 2262 insanum,
1151 2187 1230 2264 quod
1243 2205 1302 2245 non
1314 2184 1429 2246 fortitu·

228 2269 314 2344 dinIs,
327 2267 378 2326 sed
388 2267 514 2345 ignavie
525 2285 588 2326 esse
599 2265 685 2324 docet
696 2264 816 2340 Aristo,
826 2265 876 2324 lib.
889 2265 929 2325 iii.
940 2265 978 2324 ad
993 2267 1076 2325 Nico.
1087 2266 1217 2344 cap.viii.
1240 2266 1302 2325 Nec
1313 2267 1338 2324 si
1348 2285 1431 2325 amor

170 2355 171 2358 ’
227 2348 338 2428 patrias,
350 2347 429 2407 salus
442 2347 573 2421 aliorum,
585 2344 760 2405 desiderium
770 2345 994 2406 immortalitatis
1007 2355 1129 2424 possunt
1142 2345 1290 2424 impellere
1304 2346 1341 2405 ad
1352 2365 1428 2405 mor·

227 2435 286 2488 tem
307 2427 466 2486 immissam
486 2425 598 2486 fortiter
617 2424 774 2502 ferendam,
795 2425 873 2485 idem
891 2426 1150 2504 praetendebant
1168 2425 1205 2484 ad
1226 2427 1429 2486 accersendam

228 2527 287 2567 non
300 2525 467 2566 immissam.

269 2587 430 2647 XXVIII.
452 2585 545 2646 Aliud
565 2593 610 2644 cst
629 2585 689 2662 pati
703 2593 833 2662 mortem,
853 2585 1018 2663 permittere
1040 2586 1085 2646 sui
1103 2585 1299 2661 homicidium,
1321 2585 1379 2645 imo
1399 2593 1430 2646 et

227 2667 340 2726 fortiter
353 2665 391 2726 ad
401 2665 475 2730 illud
488 2685 520 2728 se
534 2664 644 2741 offerre,
658 2666 721 2724 Deo
735 2665 777 2725 ita
786 2673 927 2742 vocante3
942 2664 1034 2725 Aliud
1049 2666 1175 2744 seipsum
1186 2665 1333 2742 occidere;
1350 2665 1428 2724 Illud

227 2747 326 2825 aliquo
339 2746 370 2805 in
384 2765 455 2806 casu
466 2746 578 2806 licitum
592 2753 645 2822 est,
661 2745 771 2806 etfacit
784 2746 842 2805 tale
857 2744 928 2825 quid
942 2745 1082 2824 Christus,
1093 2747 1222 2806 feceruut
1231 2746 1385 2825 Martyres,
1400 2753 1430 2804 et

230 2827 363 2904 Hcro‘ee;
388 2827 447 2887 Sed
460 2829 515 2886 hoc
529 2845 587 2884 nou
601 2825 679 2885 item.

268 2907 399 2967 XXIX.
423 2907 552 2967 liaditr'o
572 2907 700 2983 corpore
719 2907 762 2964 ad
783 2905 1016 2982 vicicoraburium,
1039 2905 1075 2964 dc
1096 2925 1154 2983 qua
1174 2905 1292 2983 Paulus,
1323 2909 1338 2963 1
1362 2905 1427 2964 Cor.

228 2987 291 3046 xiii.
306 2989 334 3064 3,
354 3006 413 3047 non
437 2996 482 3048 est
505 2987 657 3047 temeraria
678 2993 708 3046 et
728 3005 813 3060 vane,
836 3005 894 3063 qua
908 2985 982 3063 ‘quis
1002 2985 1130 3063 seipsum
1150 2987 1227 3045 ultro
1248 2994 1278 3045 et
1298 2985 1428 3045 sinere·

228 3067 363 3127 cessitate
380 3069 502 3145 exponit
523 3067 609 3126 morti
628 3086 681 3144 pro
702 3085 789 3124 causa
810 3065 875 3140 Dei,
897 3065 949 3124 sed
961 3066 1125 3124 necessaria
1144 3074 1175 3126 et
1194 3074 1302 3142 sancta,
1318 3085 1376 3142 qua
1392 3065 1430 3124 ed

228 3147 398 3224 martyrium
414 3149 477 3207 Deo
491 3147 608 3206 vocanti
627 3144 733 3224 aliquis
754 3145 930 3222 obsequitur,
946 3165 1000 3205 nec
1021 3166 1052 3206 se
1065 3146 1109 3204 illi
1123 3145 1270 3205 vocationi
1283 3144 1428 3222 subducit,

228 3225 278 3285 vel
291 3227 451 3302 mendacio,
461 3226 510 3285 vel
524 3225 715 3302 abnegatione
728 3225 860 3284 veritatis
874 3225 911 3283 ob
925 3245 1052 3285 amorem
1063 3226 1112 3285 vel
1126 3227 1171 3286 sui
1185 3225 1234 3285 rel
1245 3225 1344 3302 seculi,
1356 3225 1381 3284 si
1396 3245 1428 3285 se

232 3305 341 3382 raptari
354 3307 505 3382 contingat
517 3305 556 3363 ad
569 3304 724 3364 tribunalia
738 3303 921 3381 Pagauorum
928 3307 974 3364 ab
987 3306 1120 3365 hostibus
1135 3305 1298 3384 Evangelii.

531 3383 645 3442 XXX.
669 3383 811 3459 Secundo,
839 3385 1008 3461 prohibetur
1033 3388 1177 3461 Duellum,
1206 3406 1265 3445 non
1291 3384 1429 3462 qnalibet

490 3462 699 3538 monomachia,
714 3463 763 3521 vel
776 3483 874 3541 pugna
894 3465 971 3525 iuter
983 3465 1065 3542 duos,
1088 3467 1183 3544 qualis
1202 3473 1248 3525 est
1266 3465 1430 3524 necessaria

490 3543 620 3603 defensio
632 3542 702 3602 rita
722 3542 863 3603 adversus
884 3564 1082 3624 aggressorem
1102 3547 1331 3624 injustumque
1345 3553 1431 3604 autea

228 3643 247 3682 a
266 3623 351 3684 uobis
371 3622 492 3701 probata
505 3631 563 3699 est3
585 3623 652 3682 Non
665 3642 730 3701 quaa
743 3623 777 3682 fit
797 3641 834 3682 cx
855 3626 971 3702 publiea
991 3625 1164 3685 authoritate
1185 3625 1337 3684 iubenum
1352 3645 1430 3684 com·

229 3723 325 3780 mune,
340 3703 426 3781 quale
445 3701 501 3762 fuit
521 3702 649 3762 duellum
664 3701 788 3762 Davidis
806 3702 946 3764 adversus
961 3705 1147 3784 Goliathum3
1171 3705 1230 3766 Sed
1243 3725 1342 3783 pugna
1355 3706 1432 3765 inter

229 3784 449 3862 priuatosque
470 3782 578 3842 directe
599 3791 629 3842 et
649 3789 752 3860 sponte
773 3783 936 3862 suscipitur,
956 3805 995 3844 ex
1015 3785 1149 3844 condicto
1163 3785 1212 3845 rel
1227 3785 1429 3862 conventione,

231 3883 298 3923 cum
318 3863 447 3942 periculo
467 3863 620 3923 occisionis
639 3863 688 3922 vel
718 3863 917 3940 mutilationis,
939 3883 1026 3942 quam
1048 3865 1217 3942 simpliciter
1236 3864 1432 3924 damnandam

229 3951 373 4022 putamus,
388 3952 448 4003 tam
461 3941 492 4002 in
501 3951 681 4021 acceptante,
697 3962 784 4020 quam
797 3943 828 4000 in
842 3953 1025 4021 provocante,
1041 3945 1175 4022 quamvis
1188 3945 1281 4023 major
1294 3945 1333 4005 sit
1346 3946 1433 4024 eulpa

229 4024 428 4102 provocantis3
450 4043 515 4084 oum
530 4023 637 4083 directe
651 4024 772 4101 impetet
784 4032 960 4101 praeceptum
973 4024 1029 4084 hoc
1047 4043 1106 4082 non
1120 4025 1281 4084 occidendi.

271 4103 401 4162 XXXI.
423 4103 512 4162 Nulla
525 4102 589 4161 dari
601 4111 698 4180 potest
710 4103 793 4176 ratio,
808 4121 873 4179 quse
886 4103 1015 4162 ducllum
1029 4104 1182 4164 honestare
1196 4113 1226 4164 et
1239 4103 1351 4164 licitum
1365 4105 1431 4164 red·

229 4183 298 4242 dere
311 4183 421 4261 possit;
445 4183 511 4242 Non
523 4183 768 4258 &ferriolacensis
777 4184 921 4258 mundani,
937 4192 967 4243 et
975 4184 1072 4244 citato
1082 4185 1248 4261 ignominiae,
1260 4185 1329 4261 quia
1339 4187 1434 4244 honor

228 4263 284 4322 iste
298 4281 392 4321 venus
405 4270 458 4338 est,
473 4270 503 4322 et
516 4261 591 4322 inter
603 4262 736 4321 homines
750 4279 841 4321 vanos
861 4269 973 4323 tantum
994 4263 1137 4340 obtinens,
1160 4265 1243 4343 cujus
1256 4265 1337 4323 laesio
1358 4265 1435 4324 nihil

229 4342 339 4403 delibat
352 4341 389 4402 de
401 4342 412 4401 i
434 4348 526 4402 semet
538 4361 609 4401 vera
628 4341 805 4418 fortitudine,
827 4361 892 4419 quae
905 4343 1008 4402 honori
1023 4343 1086 4404 Deo
1100 4343 1200 4404 debito
1213 4363 1272 4404 non
1286 4353 1330 4404 cst
1351 4354 1434 4405 ante-

230 4422 373 4500 ponenda.
413 4363 477 4483 ileo
498 4422 589 4481 ullum
609 4429 706 4500 potest
726 4441 789 4481 esse
803 4441 879 4481 vera
900 4422 1025 4482 infamiae
1045 4425 1215 4502 periculum,
1236 4444 1327 4504 quum
1345 4425 1438 4504 isqui

228 4502 325 4561 renuit
335 4502 464 4562 ducllum
474 4511 633 4579 acceptare,
645 4521 747 4561 causas
757 4501 838 4560 addit
848 4503 1071 4580 prohibitionem
1081 4503 1220 4580 divinam,
1232 4515 1262 4565 et
1274 4504 1437 4582 periculum

230 4581 342 4657 auimae,
358 4601 424 4641 curn
438 4601 495 4659 quo
509 4582 590 4640 nulle
603 4582 720 4641 honoris
735 4582 850 4660 jactura
864 4583 1056 4661 comparanda
1069 4591 1134 4645 este
1156 4584 1244 4644 Adde
1257 4583 1335 4663 quod
1350 4584 1435 4643 fama

229 4659 307 4719 laesae
327 4661 431 4720 melius
452 4669 481 4720 et
502 4661 617 4720 mollius
637 4669 734 4738 potest
753 4661 888 4742 prospici,
910 4681 998 4739 quam
1015 4671 1106 4723 morte
1119 4664 1262 4725 ladentis.
1304 4663 1372 4723 Non
1386 4667 1434 4723 de-

243 3451 266 3496 2
281 3451 396 3496 Dnellurn
408 3449 457 3494 illl-

298 3509 381 3554 eitum.
