3108 5198
249 403 291 457 20
710 407 802 450 herces
816 405 996 448 annectens.
1269 383 1391 467 [eumer.
1405 407 1448 446 ur.

290 555 364 614 v11.
387 555 504 629 erarto,
520 550 596 625 Quia
609 550 672 608 Lex
686 569 744 608 non
764 556 860 627 potest
880 547 1007 626 suppleri
1021 547 1069 605 vel
1084 545 1198 624 corrigi,
1221 547 1292 624 quin
1306 547 1447 625 imperfec-

251 637 338 697 tionis
352 642 381 693 et
394 633 459 691 vitii
473 639 618 708 arguatur,
634 639 721 707 atque
735 629 807 687 adeo
821 629 924 687 vitium
944 629 1039 706 ipsum
1054 627 1084 685 in
1096 627 1190 685 Deum
1203 627 1291 703 Legis
1305 629 1447 686 authorem

250 715 426 789 refundatur,
441 711 520 791 quod
534 711 581 770 vel
595 711 722 787 cogitare
735 709 864 786 impium.

291 794 383 854 VIII.
415 792 531 868 Quinto,
557 790 632 865 Quia
655 790 809 866 Abmepab'o
833 789 930 862 nothi,
958 787 1122 846 Toleranda
1146 786 1255 861 Grncr's,
1280 795 1308 844 ct
1330 787 1450 844 Imdatrb

197 876 204 882 “
254 875 366 948 Cbtmtr',
378 875 440 951 jam
454 878 604 949 praeoptas
617 869 733 929 fuerunt
747 869 801 927 sub
816 869 883 927 Vet.
898 868 977 926 Test.
1019 866 1095 925 Nem
1108 866 1224 944 quando
1234 866 1371 944 jubemur
1387 865 1449 923 dili-

252 975 320 1034 gere
336 954 430 1013 Deum
445 970 531 1029 super
544 950 648 1026 omnis,
664 969 759 1007 nonne
769 947 906 1025 Juhemur
919 967 954 1006 eo
968 947 1031 1023 ipso
1045 946 1189 1024 abnegare
1203 966 1257 1005 nos
1276 947 1356 1022 ipsos
1369 965 1449 1024 prop·

252 1043 296 1094 ter
311 1035 415 1108 Deum,
431 1040 460 1090 et
474 1051 587 1090 crucem
601 1030 724 1088 tolerare
732 1028 882 1106 patienter,
895 1026 1011 1104 quando
1021 1027 1058 1084 ab
1072 1046 1106 1085 eo
1116 1025 1201 1085 nobis
1214 1027 1394 1103 imponitur?
1414 1026 1449 1084 Et

252 1133 342 1192 quum
357 1111 485 1171 Imitatio
500 1111 557 1170 Dei
570 1109 656 1168 toties
669 1108 872 1186 praescribitur,
887 1127 982 1165 noune
996 1125 1031 1166 eo
1045 1106 1108 1183 ipso
1128 1105 1251 1165 imitatio
1266 1105 1382 1182 Christi,
1403 1105 1449 1182 qui

253 1214 341 1253 verus
356 1194 444 1268 Deus,
460 1191 649 1269 praecipitur?
669 1187 756 1246 Adde
777 1187 856 1266 quod
877 1187 1005 1246 Imitatio
1020 1185 1127 1246 Christi
1147 1205 1207 1245 non
1224 1185 1283 1244 alia
1302 1195 1347 1245 est
1368 1205 1449 1262 quam

252 1281 386 1352 respectu
399 1272 539 1330 virtutum
554 1269 712 1344 moralium,
728 1287 849 1346 quarum
862 1267 964 1344 regula
977 1285 1036 1324 nou
1056 1265 1125 1324 alibi
1137 1265 1294 1342 querenda
1310 1274 1355 1325 est
1369 1285 1450 1344 quam

253 1353 284 1412 in
309 1354 398 1430 Iege.
440 1351 506 1409 Hoc
528 1350 622 1428 ipsum
636 1349 726 1407 variis
747 1347 887 1424 exemplis
910 1346 1026 1404 Veteris
1050 1345 1228 1404 Testamenti
1252 1345 1452 1405 confirmatur:

255 1432 358 1508 Quoad
371 1431 588 1508 abnegationem,
604 1430 634 1486 iu
649 1429 816 1486 Abrahamo
830 1427 1010 1504 relinquente
1024 1425 1154 1502 patriam,
1169 1434 1199 1484 et
1212 1424 1380 1484 immolante
1400 1425 1451 1482 fili-

254 1531 313 1588 um,
329 1512 440 1571 Invitis
454 1509 556 1570 fratres
571 1527 638 1568 suos
653 1507 837 1582 credentibus,
854 1505 949 1564 Exod.
965 1505 1068 1580 xxxii,
1090 1504 1113 1564 J
1114 1506 1170 1564 obo
1186 1505 1375 1564 benedicente
1391 1505 1453 1563 Deo

253 1592 285 1650 in
299 1591 438 1665 adversis,
454 1608 516 1666 cap.
531 1589 560 1664 i,
583 1589 675 1663 Mose,
692 1587 821 1661 Daniele,
837 1595 867 1645 et
887 1585 974 1644 sociis
995 1586 1059 1662 ejus
1073 1585 1238 1663 voluptates
1260 1605 1361 1643 omnes
1373 1583 1449 1643 sasti-

254 1671 409 1747 dientibus,
426 1669 518 1728 Hebr.
532 1669 573 1727 xi.
588 1671 636 1744 25,
651 1670 699 1743 26,
716 1666 830 1725 DenIel.
844 1666 863 1724 i.
879 1669 907 1743 8,
922 1674 953 1725 et
966 1685 1044 1743 seq.;
1068 1665 1170 1740 Quoad
1186 1666 1378 1724 Tolerantiam
1391 1685 1452 1722 crre-

254 1753 301 1827 ea‘a,
313 1752 343 1810 iu
353 1751 445 1826 Mose,
462 1748 553 1808 Hebr.
568 1748 609 1806 xi.
624 1750 672 1823 25,
683 1749 731 1822 26,
747 1746 900 1823 Prophetis
911 1744 967 1804 sub
980 1745 1112 1820 Achebo,
1125 1749 1139 1802 1
1152 1745 1226 1822 Reg.
1238 1745 1330 1819 xviii,
1347 1744 1452 1802 Zacha-

254 1832 305 1908 ria,
321 1831 458 1890 2Chron.
473 1830 565 1904 xxiv,
583 1827 675 1886 Sociis
690 1824 828 1901 Danielis,
844 1845 870 1884 c.
880 1825 930 1902 iii,
947 1823 1080 1883 Ecclesia
1093 1824 1221 1884 Iudaica
1235 1825 1289 1883 sub
1298 1824 1452 1898 Antiocho,

256 1911 304 1970 Ps.
319 1911 391 1968 xliv.
407 1918 436 1970 et
450 1909 527 1967 Heb.
542 1907 598 1984 xi.;
621 1906 722 1982 Quoad
736 1907 924 1964 Imitationem
936 1904 1049 1980 Ota-tem
1061 1903 1092 1962 in
1105 1903 1240 1963 fidelibus
1253 1903 1291 1963 ad
1309 1905 1455 1982 exemplet

255 1990 312 2050 Dei
326 1983 357 2049 se
371 1988 617 2067 componentibus.
1542 2053 1543 2064 ¹

558 2067 619 2126 IX.
649 2065 742 2124 Aliud
763 2073 807 2124 est
821 2067 924 2140 Legem
937 2065 1030 2141 msam
1047 2064 1208 2141 corrigam:
1240 2063 1332 2124 Aliud
1346 2067 1457 2139 falsam
1542 2065 1543 2092 ³

169 2149 172 2155 ’
291 2135 382 2206 ⁸⁰¹²d⁹⁸
393 2135 461 2180 ⁸⁰¹⁰·
518 2146 577 2205 inte
613 2145 782 2204 retationem
806 2143 971 2204 Scribarum
998 2151 1028 2202 et
1050 2144 1261 2204 Pharisaeorum
1285 2145 1466 2202 convellere·

326 2197 430 2236 tronum.
518 2225 590 2283 Aliu
623 2244 723 2283 nocam
733 2244 842 2282 aenam
850 2223 954 2282 inferre
964 2224 1038 2300 Legi
1047 2244 1132 2301 quem
1140 2244 1199 2282 non
1207 2223 1351 2283 habebat:
1366 2223 1456 2281 Aliud

256 2327 358 2368 novam
371 2309 459 2364 lucem
472 2311 593 2380 tautum,
609 2303 771 2363 evolvendo
785 2303 816 2360 id
830 2303 908 2381 qnod
928 2304 958 2361 in
974 2304 1056 2381 Lege
1075 2304 1192 2378 latebat,
1208 2312 1237 2362 et
1250 2323 1267 2362 a
1282 2303 1459 2362 Doctoribus

256 2407 315 2446 non
339 2385 548 2460 attendebatur,
574 2391 604 2443 et
631 2384 672 2442 sic
697 2383 863 2460 septimam
887 2383 1033 2442 declarare
1057 2393 1087 2442 et
1108 2384 1258 2443 restituere
1279 2384 1455 2442 vindicando.

257 2467 388 2526 Christus
403 2466 488 2523 Matt.
504 2485 532 2523 v.
548 2463 689 2542 posterius
703 2463 779 2540 fecit,
794 2483 853 2522 uon
866 2464 956 2540 prius.
998 2463 1073 2536 Quia
1082 2483 1141 2523 non
1155 2464 1216 2542 agit
1232 2483 1341 2521 novum
1357 2463 1459 2540 Legis·

255 2545 386 2621 latorem,
402 2543 454 2603 sed
467 2551 579 2603 tautum
596 2543 784 2622 Interpretem
804 2552 833 2602 et
847 2543 1002 2602 Vindicem
1018 2543 1108 2620 Legis
1128 2563 1179 2620 per
1194 2543 1307 2602 Mosem
1321 2542 1407 2618 datae,
1429 2549 1457 2602 et

257 2626 376 2704 opponit
389 2624 467 2683 dicta
481 2643 541 2700 sua,
548 2644 615 2717 'non
637 2623 721 2717 dictis
735 2630 785 2718 apt
806 2623 920 2718 scriptis
942 2623 1043 2699 Mosis,
1059 2623 1111 2716 sed
1127 2623 1290 2718 Scribarum
1312 2631 1341 2680 et
1357 2621 1457 2681 Phari-

255 2701 1461 2862 tt‘tthttbtttt:bttttt‘lttttt“dtttttttttlthl‘jttt

256 2864 449 2924 abundaverit
458 2863 574 2942 justitia
586 2872 683 2923 vestre
696 2863 850 2940 plusquam
867 2862 1031 2921 Scribarum
1053 2869 1083 2921 et
1097 2862 1337 2921 Pherisaeorum.’'
1381 2862 1461 2939 Ergo

256 2954 356 3006 contra
365 2945 509 3023 justitiam
524 2943 730 3018 Pharisaicam‚
746 2962 805 3001 non
819 2949 919 3000 contra
928 2941 1072 3018 justitiam
1088 2941 1167 3019 Lege
1182 2943 1275 3000 Mesia
1291 2942 1461 3019 imperatam

254 3045 340 3103 agere
354 3023 486 3084 intendit.
508 3029 536 3084 2.
543 3024 591 3083 Ex
605 3027 688 3082 modo
702 3023 840 3099 bqucrrdi.
863 3021 929 3079 Nou
943 3021 991 3096 ait,
1005 3021 1148 3098 Scriptum
1159 3022 1190 3079 in
1200 3021 1279 3098 Lege
1291 3021 1460 3097 Mesiavel,

256 3105 319 3165 Lex
333 3114 384 3166 aut
398 3106 497 3164 Moses
511 3103 587 3163 dixit
600 3104 693 3178 vobis,
710 3102 761 3160 sed
781 3102 907 3176 audetne,
923 3121 961 3159 ex
977 3101 1086 3160 Scribis
1107 3101 1216 3160 scilicet
1230 3110 1280 3160 aut
1294 3101 1460 3176 Pharimeis,

255 3187 359 3244 dictum
379 3205 436 3243 ecee
456 3183 650 3260 antiquique]
673 3183 708 3240 ab
722 3183 853 3257 antiqmb.
895 3181 994 3258 Atque
1016 3181 1057 3240 ita
1078 3181 1205 3240 ostendit
1225 3201 1256 3240 ee
1277 3181 1463 3241 'lhaditiones

256 3273 369 3322 tantam
386 3263 545 3335 Seniorum,
559 3262 664 3320 Matth.
679 3280 729 3318 xv.
746 3265 773 3332 2,
787 3265 814 3334 3,
830 3279 888 3318 non
901 3279 971 3319 vero
986 3259 1077 3339 ipsam
1089 3261 1198 3338 Legem
1210 3261 1302 3320 Mosis
1316 3262 1459 3320 refellere.

258 3345 286 3402 3.
297 3343 345 3400 Ex
360 3345 487 3418 ample
500 3343 589 3400 atlete
602 3360 632 3399 v.
642 3342 690 3413 43,
706 3339 742 3398 de
753 3339 901 3416 diligendo
912 3341 1052 3417 proximo,
1065 3348 1094 3400 et
1103 3341 1169 3400 odio
1183 3340 1317 3399 habendo
1331 3341 1459 3417 inimico,

255 3421 334 3498 quod
348 3441 406 3479 non
420 3420 530 3480 dictum
544 3428 587 3478 est
602 3419 781 3495 aMosc,qui
794 3419 880 3478 etiam
895 3421 1068 3480 contrarium
1079 3421 1217 3499 praecipit,
1228 3421 1323 3479 Ievit.
1334 3422 1399 3481 xix.
1415 3425 1460 3497 18,

254 3500 352 3560 Exod.
367 3500 451 3559 xxiii.
466 3503 493 3574 4,
505 3501 532 3574 5,
548 3507 578 3557 et
593 3497 709 3557 Salomo
723 3518 761 3557 ex
774 3499 846 3576 ipso,
863 3500 981 3560 Prover.
995 3521 1067 3560 xxv.
1083 3505 1131 3575 21,
1146 3505 1194 3576 22,
1211 3500 1263 3560 sed
1276 3520 1294 3558 a
1307 3501 1463 3579 Magistris

256 3582 278 3642 J
279 3581 427 3640 udaeorum
441 3587 470 3639 et
481 3578 693 3637 Pharisaeorum
705 3579 872 3656 majoribus.
894 3583 922 3640 4.
936 3581 983 3638 Ex
996 3583 1077 3639 reduc
1091 3581 1158 3657 ipsis
1171 3601 1189 3639 a
1200 3580 1314 3640 Christo
1324 3582 1374 3640 vel
1388 3601 1462 3660 prae-

257 3661 348 3738 ceptis
362 3660 411 3718 vel
430 3659 537 3732 vetitis,
561 3677 625 3735 quae
639 3659 687 3716 vel
702 3659 839 3735 explicite
852 3660 900 3720 val
922 3660 1061 3737 implicite
1083 3661 1114 3718 in
1135 3661 1215 3738 Loge'
1236 3661 1299 3737 ipsa
1319 3661 1463 3722 contineri

255 3748 357 3818 postea
370 3739 554 3818 probabitur;
570 3745 599 3796 et
613 3758 650 3797 ex
665 3738 730 3797 aliis
743 3759 816 3815 quas
829 3740 932 3820 rejicit,
940 3758 1004 3816 quae
1018 3739 1048 3797 in
1060 3740 1139 3818 Lege
1153 3760 1211 3799 non
1226 3739 1378 3817 habentur,
1390 3744 1464 3802 utin

256 3819 443 3897 sequentibus
457 3817 576 3896 patebit.

297 3899 340 3958 X.
355 3897 619 3976 Quomodocunque
634 3899 725 3958 verba
737 3899 794 3958 ista
808 3898 876 3980 ἰρῥίθη
890 3891 940 3964 τοῖς
953 3900 1074 3980 ἄρχαίοις,
1090 3899 1139 3959 vel
1152 3900 1303 3976 subjectabe,
1318 3908 1353 3959 ut
1365 3901 1465 3962 valeat
1498 3949 1501 3956 .

256 3978 333 4037 idem
348 3977 426 4054 quod
441 3983 488 4038 tart
501 3981 547 4036 τῦ,
560 3980 679 4060 ὶςχώη,
695 3980 799 4038 dictum
813 3989 853 4038 est
865 3981 900 4038 ab
914 3981 1044 4056 antiquie,
1054 3979 1133 4057 quod
1146 3981 1211 4040 vult
1221 3981 1301 4042 eea
1313 3989 1424 4056 noster,
1438 3991 1466 4041 et

255 4059 549 4197 ffidtglmffgmt’
558 4061 607 4164 vel
620 4059 756 4163 obiectiva,
767 4058 1227 4198 lwddffinsfflmdaliffmt'
1239 4068 1269 4118 et
1283 4061 1466 4199 comtrpodius

256 4217 334 4276 dicta
354 4182 417 4276 else
437 4159 869 4279 aMldezdhddui‘ffrdddtis
890 4217 935 4276 sui
948 4158 1094 4295 gmpodse,
1109 4151 1466 4298 q33qqqsiesqp11pranlsssa

256 4316 310 4356 cue
324 4296 445 4356 refertur
457 4298 495 4357 ad
508 4297 632 4378 majores
645 4297 774 4377 quosvis,
789 4307 819 4357 et
833 4317 935 4356 sensus
950 4297 1069 4357 Domini
1082 4319 1141 4357 non
1155 4298 1230 4358 alius
1240 4307 1293 4373 cst,
1306 4310 1394 4376 quam
1406 4301 1463 4360 Ju-

256 4375 384 4436 daeorum
408 4377 566 4456 Magistros
591 4377 680 4456 Legis
703 4397 787 4436 eorm
806 4385 883 4436 tores
907 4377 1058 4455 praecptis
1082 4398 1100 4437 a
1121 4399 1151 4438 se
1174 4378 1340 4457 depravatis
1359 4380 1463 4440 solitos

256 4456 344 4518 fuime
358 4467 516 4535 praetexere
530 4459 700 4536 proaemium
715 4456 772 4515 istu
807 4457 977 4534 speciosum,
994 4458 1109 4516 Dictum
1122 4477 1180 4517 caea
1193 4459 1323 4536 aanaa's,
1335 4457 1375 4516 id.
1388 4479 1463 4536 prm·

256 4545 371 4613 ceptae
385 4556 416 4596 se
430 4537 569 4597 inculcari
583 4536 668 4595 solite
681 4553 758 4594 nova
771 4555 829 4594 non
843 4555 915 4611 esse,
931 4536 982 4596 sed
996 4545 1103 4612 vetera,
1119 4547 1149 4596 et
1161 4537 1321 4616 majoribus
1339 4539 1464 4599 Judeeo·

256 4635 320 4676 rum
331 4617 393 4694 jam
407 4617 476 4676 olim
490 4615 605 4676 tradita.
648 4613 812 4674 Antithesis
832 4635 902 4694 ergo
916 4637 934 4676 a
948 4617 1062 4677 Christo
1086 4617 1247 4678 metituitur
1259 4635 1318 4677 non
1332 4618 1411 4678 inter
1433 4639 1465 4678 so

257 4703 287 4758 et
301 4697 422 4774 Mosem,
438 4704 489 4756 aut
503 4695 612 4774 Legem
636 4693 751 4774 abipso
771 4695 916 4774 traditam,
939 4696 991 4758 sed
1006 4697 1171 4758 Scribarum
1194 4705 1224 4758 et
1248 4697 1464 4760 Pherisaomtm
