3146 5210
225 293 283 348 456
649 301 741 340 rocus
756 299 885 338 nar-runs
903 299 1037 347 arrr‘rrs.
1249 279 1383 360 [arrasa.
1407 298 1439 335 ra·

230 453 359 506 cerneret
386 444 508 501 liberum
543 442 693 500 arbitrium
735 450 835 501 contra
861 441 992 516 Paulum,
1032 441 1130 500 lCor.
1162 443 1203 500 ir.
1234 445 1262 514 7,
1317 440 1449 514 Quiete

229 527 374 600 discernit,
397 523 467 600 quid
488 522 578 580 habes
599 523 676 598 qnod
697 543 756 579 non
777 523 945 598 acceperis?
1000 523 1074 579 Nam
1097 523 1121 580 si
1145 522 1205 581 duo
1234 520 1365 579 eandem
1381 540 1448 576 con-

231 609 343 666 cionem
372 603 499 676 audiant,
528 611 557 660 et
584 602 705 660 eandem
728 603 848 660 interius
872 603 1088 678 inspirationem
1111 604 1249 676 habeant,
1275 621 1357 658 nnus
1381 620 1451 657 rer·

231 687 338 760 credat,
354 685 427 742 alter
440 703 497 740 non
519 683 625 756 credat,
648 703 743 744 nonne
765 682 859 740 dicere
880 683 1024 758 poteritis
1044 683 1094 759 qni
1123 682 1295 755 crediderit,
1319 681 1391 757 Ego
1405 701 1449 735 ms

231 765 356 826 discrevi
377 765 414 822 ab
435 762 553 836 infideli,
576 763 644 838 quia
665 783 720 838 ego
742 763 858 820 credere
882 763 972 836 volni,
995 763 1043 820 ille
1065 763 1178 837 noluit,
1203 763 1312 820 Nonne
1343 761 1450 838 poterit

231 846 357 924 gloriari,
373 844 451 922 qued
466 853 635 919 cooperatus
650 843 687 900 sit
701 843 801 919 gratiae
818 843 881 917 Dei,
897 862 983 919 qnam
998 843 1070 901 alter
1090 843 1295 920 contempsit?
1339 843 1388 898 Ar
1399 841 1451 896 lira

231 927 294 985 lieri
312 947 398 1004 posse
412 933 500 1000 negat
515 923 705 1000 Apostolus,''
718 921 772 980 &a
795 923 865 996 Qnae
882 923 955 981 ratio
972 923 1235 1000 omninojngulum
1255 922 1335 998 petit
1358 922 1451 998 ipsias

231 1006 458 1085 pestilentissimi
467 1004 579 1077 erroris,
605 1004 643 1062 Et
655 1003 702 1060 vel
716 1023 773 1060 una
785 1002 913 1061 sufficere
923 1012 1019 1079 potest
1030 1002 1067 1060 ad
1075 1003 1233 1062 falsitatem
1249 1003 1278 1079 ej
1284 1022 1319 1060 us
1329 1001 1452 1058 demon-

231 1088 387 1161 strandam,
401 1087 443 1145 Ut
453 1084 500 1142 hic
511 1083 659 1141 mittamus
668 1084 829 1159 complures
844 1083 924 1158 alias,
936 1103 1000 1159 qnae
1010 1084 1046 1141 ab
1054 1084 1182 1141 hominis
1188 1083 1275 1141 totali
1287 1081 1327 1139 ad
1339 1082 1452 1138 mnam

231 1168 408 1244 impotentia,
419 1174 448 1223 et
459 1164 559 1240 gratia
574 1164 680 1222 virtute
692 1163 878 1240 insuperabili
887 1172 1031 1240 petuntur,
1042 1163 1078 1220 de
1089 1164 1197 1240 quibus
1212 1163 1453 1238 dicetnrpostea.

231 1287 246 1331 2
266 1286 353 1331 Aeon
372 1299 384 1328 r
386 1287 472 1329 uitato.
534 1243 593 1302 III.
618 1243 751 1301 Secunda
765 1242 870 1320 opinio,
881 1263 968 1320 quarn
984 1244 1178 1303 Bellanninns
1190 1243 1327 1300 insinuat
1341 1242 1452 1318 potin,

248 1320 253 1332 “
356 1300 371 1342 ⁸
493 1343 580 1399 qnam
608 1323 739 1396 adstruit,
769 1323 822 1381 sub
846 1323 932 1381 finem
958 1324 1059 1400 capitis
1086 1327 1131 1398 12,
1161 1343 1251 1399 supra
1280 1323 1380 1394 citati,
1410 1341 1453 1379 est

230 1425 337 1481 eorum,
354 1404 404 1481 qui
418 1402 572 1461 efficaciam
582 1404 682 1480 gratias
692 1403 722 1460 in
735 1407 752 1434 “
766 1403 935 1461 Vocationis
949 1404 1149 1480 congruitate'’
1166 1403 1327 1477 collocant,
1342 1406 1365 1434 ‘³
1377 1403 1451 1459 nini·

231 1487 295 1545 mir.
311 1486 340 1543 in
354 1495 474 1544 externa
488 1483 611 1560 quadam
627 1484 760 1541 suasione
774 1483 884 1558 morali,
900 1505 964 1560 quac
978 1505 1029 1561 per
1043 1483 1164 1541 liberum
1179 1483 1340 1541 arbitrium
1353 1483 1452 1558 respui

231 1576 326 1645 potest
340 1575 369 1625 ct
383 1573 479 1623 tamen
494 1563 673 1621 infallibilem
702 1563 834 1622 effectum
848 1564 944 1638 habet,
960 1565 1028 1640 qnia
1044 1565 1123 1622 Deus
1134 1583 1197 1621 eam
1209 1563 1389 1621 suasionem
1404 1564 1452 1620 ad-

229 1648 319 1724 hibet,
335 1665 421 1724 quam
436 1663 594 1721 congruere
609 1644 690 1702 novit
704 1643 821 1719 ingenio
836 1663 942 1718 eornm,
959 1664 1031 1720 qnos
1043 1644 1199 1702 efficaciter
1212 1643 1335 1702 trahere
1350 1644 1453 1701 decre

230 1729 282 1802 vit,
299 1736 327 1786 et
342 1747 428 1804 quam
443 1735 520 1782 certo
531 1724 613 1781 novit
627 1724 663 1780 ab
678 1723 713 1780 iis
727 1743 785 1780 non
800 1724 1067 1785 conternnendam.”
1111 1724 1211 1782 Verba
1236 1733 1309 1782 sunt
1337 1725 1453 1782 Beller-

231 1807 302 1865 mini
316 1809 336 1865 l.
352 1807 409 1882 eit,
426 1815 455 1864 et
469 1804 574 1863 elarius
588 1811 714 1862 mentem
729 1823 810 1861 suam
821 1823 978 1880 exponens,
994 1804 1043 1862 lib.
1055 1804 1095 1862 iv.
1108 1825 1132 1862 c.
1150 1807 1196 1878 ll,
1212 1803 1304 1862 docet
1321 1809 1341 1838 ‘⁶
1353 1805 1452 1863 effica—
1525 1824 1531 1833 ·

231 1890 304 1946 ciam
317 1886 467 1957 suasionis,
483 1905 540 1942 non
555 1893 613 1942 tam
639 1904 675 1942 ex
704 1884 885 1941 vehementia
908 1885 1102 1960 persuasionis
1124 1884 1288 1961 provenire,
1307 1905 1453 1962 qnamex
1539 1888 1540 1891 ’

231 1967 419 2045 dispositione
435 1964 601 2038 voluntatis,
614 1984 700 2040 qnam
713 1964 793 2021 Dens
813 1964 961 2040 praevidet,
977 1965 1111 2022 nimirum
1134 1984 1199 2022 eum
1226 1964 1313 2022 Deus
1329 1967 1375 2024 ita
1388 1987 1452 2043 pro·

232 2049 313 2125 ponit
337 2046 448 2124 aliquid
471 2045 583 2102 interna
608 2044 850 2120 persuasionem
877 2044 975 2102 videat
999 2044 1178 2104 voluntatem
1203 2055 1306 2120 aptam
1332 2067 1402 2104 csse
1419 2047 1454 2104 ad
1539 2058 1540 2061 ’

232 2126 498 2186 consentiendum.'’
543 2125 581 2182 Et
592 2123 698 2181 ibidem
711 2123 799 2198 addit,
818 2127 835 2156 “
845 2123 1078 2183 infallibilitatem
1093 2125 1134 2182 rei
1148 2144 1207 2182 non
1222 2125 1293 2182 oriri
1306 2146 1349 2184 ex
1363 2128 1453 2184 vehe—
1538 2159 1539 2172 1

231 2207 338 2264 mentia
357 2204 617 2277 motionisdivinae,
634 2205 732 2262 sedex
746 2205 917 2281 praevisione
939 2205 1109 2281 aptitudinis
1133 2205 1224 2282 ipsius
1248 2206 1453 2265 voluntatis.''

233 2287 264 2344 Si
283 2293 428 2361 quaeratur
442 2303 527 2359 porro
550 2283 579 2339 in
602 2304 659 2358 qno
674 2284 813 2342 consistat
833 2286 1022 2361 congruentia
1034 2285 1092 2343 ista
1115 2285 1298 2359 Vocationis,
1327 2287 1453 2358 Suarez,

230 2365 281 2424 lib.
297 2365 337 2421 iii.
352 2383 414 2438 cap.
433 2366 477 2434 15,
494 2361 528 2419 de
541 2363 649 2420 anxilio
664 2363 771 2421 efficaci
797 2365 874 2438 dicit,
899 2365 1044 2438 Quosdam
1059 2385 1174 2423 censere
1199 2373 1318 2424 tantum
1336 2370 1453 2425 consis-

231 2455 291 2505 tere
306 2444 335 2501 in
350 2442 474 2520 quadam
489 2441 679 2518 proportione,
696 2463 760 2518 quae
775 2445 902 2503 estintcr
921 2445 1159 2503 illuminationem
1174 2445 1226 2502 tali
1240 2446 1334 2504 modo
1351 2468 1371 2505 a
1388 2449 1453 2505 Deo

232 2525 362 2584 ellectum
374 2522 403 2579 in
418 2521 533 2579 homine
547 2521 614 2578 talis
631 2523 848 2599 complexionis,
872 2533 990 2598 natura,
1014 2534 1042 2583 ct
1064 2524 1251 2600 conditionis;
1279 2526 1383 2584 Deum
1403 2549 1454 2586 au·

232 2615 289 2665 tem
305 2605 367 2662 hac
382 2601 564 2661 exactissime
579 2603 868 2678 comprehendentem
883 2606 913 2663 in
928 2626 1098 2682 quocunqne
1109 2605 1234 2680 homine,
1250 2625 1343 2664 nosse
1361 2609 1452 2666 etiam

232 2682 591 2764 qnismodnsVocationis
612 2683 703 2741 sitilli
717 2685 959 2760 accommodatus,
980 2694 1012 2744 ut
1031 2687 1054 2743 si
1070 2687 1110 2743 ita
1137 2705 1186 2744 eor
1210 2686 1274 2762 ejus
1295 2695 1453 2764 tangatur,

232 2765 402 2826 consentiat.
427 2764 501 2838 Quia
515 2783 584 2821 uero
600 2764 722 2822 Vocatio
734 2764 790 2823 ista
804 2765 890 2823 debet
904 2787 967 2824 esse
982 2765 1108 2824 medium
1123 2765 1383 2825 accommodatum
1403 2771 1449 2828 in·

232 2847 354 2907 tentioni
372 2845 426 2904 Dei
441 2844 557 2916 efficaci,
573 2863 659 2920 quam
673 2844 801 2920 implicat
815 2864 873 2903 non
895 2846 1016 2923 impleri,
1032 2855 1061 2904 et
1085 2846 1251 2923 congruitas
1274 2846 1335 2905 ista
1352 2850 1451 2908 solum

232 2927 344 2986 inducit
355 2925 499 3004 quandam
511 2925 647 2982 moralem
659 2925 869 2998 certitudinem,
885 2927 930 2984 cni
943 2926 1074 2984 absolute
1089 2946 1146 2984 non
1160 2935 1314 3003 repugnat,
1331 2938 1370 2987 nt
1386 2930 1449 2988 l'o

233 3008 339 3066 cationi
367 3007 408 3064 sic
430 3025 565 3082 congruae
586 3004 707 3062 liberum
729 3005 878 3062 arbitrium
899 3006 1034 3066 resistat:
1056 3007 1127 3064 Ideo
1148 3005 1218 3064 dicit
1242 3009 1449 3068 omnimodam

234 3088 388 3146 efficaciam
404 3085 573 3144 Vocationis
588 3085 617 3142 in
632 3105 666 3143 co
681 3085 845 3159 consistere,
860 3088 877 3116 “
889 3087 966 3161 qnod
986 3087 1065 3145 Deus
1086 3086 1198 3145 infinita
1220 3106 1273 3144 sua
1298 3090 1450 3164 sapientis

233 3168 404 3245 praevidens,
421 3166 491 3242 quid
505 3184 684 3241 unaquaeque
705 3185 791 3222 causa
813 3185 863 3222 seu
884 3165 1020 3225 voluntas
1041 3167 1071 3223 in
1092 3167 1169 3225 omni
1184 3175 1289 3224 euentu
1314 3178 1345 3226 et
1361 3190 1447 3228 occa-

235 3248 314 3305 sione
326 3253 477 3322 operatura
491 3245 537 3318 sit,
554 3247 579 3302 si
599 3244 629 3302 in
643 3265 678 3303 eu
692 3245 890 3320 constituatur,
913 3246 998 3304 ctiam
1027 3247 1184 3324 cognoscit,
1206 3247 1324 3321 qnando
1351 3259 1384 3307 et
1398 3254 1445 3307 cni

234 3324 380 3383 vocationi
395 3324 432 3381 sit
446 3344 625 3400 truaqnaequc
639 3325 774 3383 voluntas
786 3345 933 3384 assensum
949 3327 1111 3403 praebitura,
1128 3327 1152 3384 si
1173 3327 1199 3384 ei
1215 3327 1309 3386 detur.
1355 3329 1444 3388 Unde

234 3403 350 3480 quando
364 3402 428 3461 vult
441 3402 587 3460 hominem
602 3414 777 3479 convertere,
793 3405 857 3464 vult
879 3406 966 3466 etiam
987 3407 1068 3465 illum
1093 3427 1195 3465 vocare
1218 3427 1252 3465 co
1267 3415 1398 3485 tempore
1414 3420 1443 3468 et

235 3481 397 3557 mode,an
413 3483 494 3539 novit
515 3482 596 3540 illnm
612 3504 825 3560 consensurum,
855 3495 884 3545 et
911 3486 978 3545 talis
992 3487 1116 3546 Vocatio
1140 3487 1302 3564 appellatur
1326 3489 1440 3552 efficax.

234 3561 383 3639 quialieet
404 3579 440 3617 ex
456 3581 486 3618 se
513 3581 571 3617 non
598 3562 704 3622 habeat
731 3565 910 3624 infallibilem
935 3566 1076 3642 eflectum,
1093 3577 1188 3626 tamen
1212 3576 1244 3626 ut
1259 3567 1361 3626 subest
1388 3571 1440 3627 tali

235 3641 362 3702 scientiae
377 3639 492 3714 divinae,
509 3639 697 3699 infallibiliter
716 3653 759 3701 cst
774 3645 855 3703 illum
866 3646 1029 3721 habitura,’'
1041 3646 1094 3705 dte.
1117 3648 1196 3705 Ilinc
1209 3655 1289 3724 patet
1303 3650 1438 3725 congrui-

239 3731 330 3782 tatem
345 3721 430 3779 istam
444 3719 601 3778 secundum
616 3722 750 3780 authores
767 3724 846 3798 istos,
869 3726 898 3783 in
909 3727 1000 3786 tribus
1012 3728 1193 3805 potissimum
1215 3729 1386 3788 consistere.
1409 3733 1435 3787 l.

237 3805 271 3863 ln
287 3803 428 3862 scissione.
451 3805 478 3859 2.
503 3801 538 3857 Iu
553 3801 604 3859 tali
618 3805 880 3880 contemporatione
896 3808 1046 3881 suasionis,
1063 3807 1114 3866 tali
1135 3827 1265 3884 personae
1281 3808 1324 3866 sic
1339 3810 1433 3887 dispo-

236 3887 307 3959 sitae,
323 3884 374 3943 tali
388 3883 461 3956 loco,
471 3891 500 3940 ct
515 3891 651 3958 tempore.
687 3885 714 3942 3.
729 3885 763 3941 In
779 3885 898 3945 seientia
912 3888 1015 3960 media,
1031 3907 1088 3964 qua
1102 3887 1224 3964 praescit,
1241 3907 1299 3964 quo
1314 3911 1345 3948 sc
1355 3891 1434 3948 incli-

234 3975 337 4024 natura
348 3965 386 4023 sit
399 3963 543 4037 voluntas,
561 3963 596 4020 In
609 3963 661 4021 tali
677 3972 802 4041 tempore
818 3975 846 4024 ct
860 3967 1060 4026 occasionibus
1070 3968 1174 4026 locata.

278 4046 332 4104 IV.
357 4045 415 4103 Sed
429 4044 491 4102 hacc
506 4043 602 4121 opinio
627 4045 729 4103 merito
744 4046 910 4122 exploditur
934 4048 971 4105 ab
996 4046 1182 4106 orthodoxis.
1226 4050 1252 4105 1.
1269 4049 1344 4123 Quia
1358 4051 1430 4108 coin-

236 4125 308 4186 cidit
332 4144 397 4182 cnm
432 4124 532 4200 prima,
564 4144 650 4199 quam
679 4125 872 4183 licllarminus
909 4128 1010 4203 rejicit,
1050 4128 1119 4186 licet
1154 4127 1251 4186 verbis
1285 4128 1430 4206 discrepet,

235 4204 304 4283 quia
330 4223 387 4261 non
413 4204 508 4261 minus
532 4189 711 4279 praecedente
739 4204 878 4264 adscribit
902 4207 1058 4266 efficaciam
1085 4208 1186 4285 gratia
1214 4207 1359 4268 voluntati
1385 4209 1429 4268 ho-

235 4284 329 4358 minis,
359 4291 388 4341 et
409 4283 482 4340 ratio
496 4303 553 4359 qna
572 4285 693 4360 primam
708 4285 878 4343 sententiam
903 4287 994 4345 solide
1009 4288 1191 4364 impugnavit
1214 4288 1244 4344 in
1264 4290 1327 4364 ejus
1357 4309 1431 4347 crura

235 4364 346 4423 recidit.
389 4363 462 4419 Nam
487 4363 512 4420 si
526 4383 613 4438 penes
638 4383 691 4422 nos
706 4373 749 4422 est
775 4365 927 4424 Vocationi
955 4388 1091 4444 congruae
1110 4367 1242 4426 assentiri
1259 4379 1289 4425 et
1311 4368 1428 4442 obedire,

233 4445 282 4503 vel
296 4462 354 4500 non
380 4442 512 4500 assentiri
534 4451 562 4500 et
584 4463 640 4502 non
664 4443 788 4518 obedire,
813 4454 845 4503 nt
873 4446 913 4503 ait
928 4447 998 4523 ipse,
1019 4448 1088 4506 dnm
1104 4447 1255 4524 suspendit
1282 4449 1428 4508 efficaciam

234 4521 404 4581 Vocationis
418 4541 436 4578 a
446 4521 633 4597 dispositione
648 4531 678 4580 et
691 4523 851 4599 aptitudine
863 4524 1022 4585 voluntatis
1033 4529 1166 4586 humanae
1178 4547 1304 4605 congrue
1316 4539 1427 4597 vocata.

234 4623 267 4664 an
289 4600 376 4661 modo
401 4607 429 4658 et
453 4609 589 4676 tempore,
615 4622 672 4679 qno
696 4602 838 4678 praevidet
860 4603 939 4662 Dens
964 4626 1025 4664 carn
1051 4627 1240 4682 assensuram,
1264 4609 1347 4667 Certe
1380 4630 1429 4666 nen
