3152 5198
236 253 296 312 574
614 259 706 302 iocus
720 259 851 301 uncinus
866 257 988 300 saurus.
1252 236 1382 320 [aunsr.
1398 258 1443 298 ur.

232 409 370 471 Bellamn.
384 425 443 465 non
453 402 548 482 potuit
562 401 685 478 diffiteri,
701 421 790 479 quum
804 401 876 459 dicit
890 399 1036 458 Christum
1051 405 1128 458 recto
1148 398 1207 457 dici
1228 397 1335 458 facturn
1350 401 1443 476 justi-

231 492 302 551 tiam
316 485 468 560 meritorie,
483 485 500 516 “
509 483 579 561 quia
589 483 728 542 satisfecit
742 482 822 541 Patri
855 501 887 540 ro
902 480 994 552 nobis,
1006 488 1108 539 eteam
1117 478 1343 538 satisfactionem
1357 481 1444 540 nobis

233 572 322 630 donat
337 576 365 627 et
379 563 579 640 communicat,
596 583 685 640 quum
698 582 752 621 nos
762 562 834 638 jus‘
857 569 912 637 cat,
927 569 960 620 ut
976 567 1075 618 nostra
1099 559 1256 619 satisfactio
1276 569 1306 618 et
1325 561 1444 636 justitia

234 650 292 709 diei
310 648 410 726 possit,
426 667 459 704 ac
474 645 499 704 si
519 644 642 722 nosipsi
658 643 721 702 Deo
736 641 974 702 satisfecissemus
984 640 1011 714 ;’'
1027 638 1105 716 quod
1120 639 1270 700 coufirmat
1284 639 1322 698 ed
1345 641 1444 699 locum

234 737 252 790 2
269 731 333 790 Cor.
349 749 377 787 v.
393 730 453 786 21:
480 727 497 758 “
508 724 599 782 Nobis
624 723 809 799 imputatur‚’'
825 721 927 798 inquit,
945 719 1085 796 “justitia
1108 719 1214 780 Christi
1237 719 1335 798 quoad
1359 721 1444 780 satis-
1553 730 1554 748 ¹

234 810 396 876 factionem,
413 825 499 884 quam
510 823 562 880 pro
573 802 656 861 nobis
667 801 830 879 praestitit.”
853 801 914 862 Nec
929 801 1007 878 quod
1020 798 1102 860 addit
1115 798 1222 858 ibidem
1238 800 1445 874 Adversarius,

234 910 350 950 causam
365 890 428 963 ejus
438 887 543 961 juvare
557 890 660 958 potest,
683 882 830 958 quumait,
848 884 865 914 ‘⁶
879 881 937 940 Sed
951 900 1009 938 ιιοιι
1027 891 1179 957 propterea
1195 880 1270 954 justi
1290 901 1447 957 possumus

233 971 344 1044 hahart,
360 969 385 1027 si
399 985 467 1024 vete
491 963 521 1020 iu
542 961 626 1020 nobis
644 969 827 1038 peccatomm
842 961 962 1020 macula
976 969 1006 1020 et
1024 959 1124 1018 sordes
1138 960 1326 1019 inhaereant.’'
1370 961 1446 1018 Nam

236 1048 387 1127 sijnstitia
410 1043 517 1104 Christi
539 1042 623 1100 nobis
648 1042 814 1118 imputatur,
829 1049 863 1100 ut
876 1042 999 1117 jamjam
1024 1040 1118 1100 fassus
1132 1051 1185 1110 est,
1213 1048 1275 1100 tum
1290 1049 1368 1100 certe
1392 1059 1447 1100 nos

232 1131 307 1207 justi
321 1135 486 1204 reputamur
500 1122 530 1180 in
544 1121 612 1198 illo;
631 1121 776 1197 justitiam
801 1121 878 1181 enim
902 1141 987 1181 nemo
1012 1121 1055 1179 illi
1077 1121 1208 1197 imputat,
1224 1141 1310 1198 quam
1331 1122 1446 1197 justum

236 1229 294 1268 non
308 1207 404 1266 hebet.
447 1203 486 1262 Et
500 1203 526 1262 si
542 1201 706 1262 satisfactio
731 1201 838 1262 Christi
862 1201 946 1262 nobis
971 1202 1137 1278 imputatur,
1160 1209 1221 1260 tum
1235 1200 1335 1260 debita
1348 1211 1448 1260 nostra
1555 1255 1556 1284 ,

236 1311 288 1368 pro
302 1287 408 1365 quibus
431 1285 479 1343 ille
505 1281 658 1356 Satisfeoit,
683 1301 742 1340 non
764 1282 950 1359 imputantur,
977 1281 1028 1340 sed
1052 1281 1245 1340 remittuntur.
1289 1281 1446 1359 Perperam

236 1370 323 1428 etiam
338 1367 402 1425 vult
417 1363 587 1439 “justitiam
603 1361 686 1420 nobis
701 1362 889 1420 inhaerentcm
903 1361 961 1420 dici
974 1362 1022 1421 hic
1032 1362 1177 1437 justitiam
1194 1361 1257 1434 Dei,
1273 1361 1343 1438 qnia
1356 1362 1448 1420 dona-

235 1460 284 1511 tur
297 1447 381 1507 nobis
396 1467 413 1504 a
428 1447 500 1519 Deo,
516 1443 564 1502 vel
578 1443 673 1518 etism,
689 1442 757 1519 quia
771 1450 815 1501 est
829 1441 925 1519 imago
940 1451 969 1501 et
979 1441 1229 1517 effoetusjustitim
1244 1443 1330 1502 Dci.”
1372 1442 1448 1500 Nam

238 1532 334 1590 obstat
345 1526 475 1586 clausula
483 1526 511 1583 in
523 1523 583 1600 ι’ριο
591 1547 603 1595 ;
614 1522 758 1600 quomodo
770 1522 846 1581 enim
856 1521 1001 1582 diceretur
1011 1523 1041 1580 in
1051 1522 1174 1598 Christo,
1185 1523 1209 1582 si
1218 1531 1295 1582 esset
1304 1523 1334 1580 in
1344 1522 1451 1581 nobis?

239 1610 317 1689 quod
340 1606 472 1684 agnoscit
487 1605 673 1678 contarenus,
687 1605 705 1636 ‘⁶
714 1602 736 1661 J
738 1603 838 1662 ustitia
851 1603 907 1660 Dei
921 1603 951 1660 in
966 1603 1057 1680 ipso,''
1073 1602 1175 1679 inquit,
1200 1606 1217 1636 “
1227 1603 1363 1680 quoniam
1386 1601 1454 1676 ejus

235 1690 350 1768 justitia
364 1688 441 1746 facta
454 1691 499 1746 est
512 1692 619 1758 nostra,
635 1683 718 1742 nobis
730 1683 844 1758 donata,
860 1683 945 1742 nobis
959 1682 1128 1759 imputata.'’
1455 1693 1459 1700 '

543 1763 669 1822 XVIII.
692 1761 809 1838 Quarto,
826 1762 900 1837 Quia
905 1762 1076 1840 justificatio
1089 1763 1123 1821 fit
1137 1769 1253 1840 propter
1261 1762 1452 1839 sponsionem

239 1839 261 1883 4.
285 1834 481 1941 Effiipsffiffilfflffl
503 1843 618 1920 Christi,
631 1852 661 1901 et
676 1843 848 1902 solutionem
863 1843 900 1902 ab
913 1844 977 1920 ipso
991 1862 1043 1920 pro
1057 1841 1142 1902 nobis
1163 1842 1277 1918 factam,
1292 1843 1373 1920 quod
1388 1843 1453 1902 sinc

407 1923 413 1935 '
503 1923 690 2002 imputatione
704 1923 767 1983 fieri
781 1923 890 2000 nequit.
933 1923 1008 1982 Nam
1022 1930 1055 1982 ut
1069 1922 1175 1982 solutio
1185 1943 1203 1980 e
1214 1923 1359 2001 Sponsore
1374 1922 1455 1982 facta

240 2031 292 2088 pro
306 2008 444 2081 debitore,
460 2025 519 2064 ιιοιι
532 2011 629 2081 potest
641 2004 672 2062 in
687 2003 750 2081 ejus
764 2003 946 2064 commodum
961 2003 1063 2078 redire,
1080 2003 1135 2062 nisi
1149 2023 1201 2080 per
1220 2003 1454 2080 imputationem,

240 2099 383 2168 quatenus
398 2085 503 2146 solutio
518 2105 535 2142 a
550 2083 633 2143 Vade
647 2083 724 2144 faeta
737 2083 781 2142 illi
791 2084 960 2161 applicatur,
976 2084 1059 2160 quasi
1073 2085 1111 2143 ab
1125 2083 1188 2160 ipso
1208 2085 1338 2160 praestita
1351 2091 1434 2142 esset
1446 2107 1453 2159 ;

239 2170 316 2230 unde
332 2168 461 2245 sequitur
471 2165 562 2224 debiti
573 2164 738 2240 expunctio,
751 2173 779 2223 et
788 2164 927 2224 debitoris
936 2163 1069 2223 liberatio
1082 2185 1088 2240 ;
1112 2164 1159 2222 Ita
1175 2183 1240 2222 cum
1253 2163 1387 2224 Christus
1402 2183 1454 2222 ra·

241 2249 400 2308 <limonium
411 2266 462 2323 pro
477 2244 561 2302 nobis
575 2244 741 2321 susceperit,
756 2253 786 2304 ct
799 2245 865 2303 loeo
879 2253 978 2304 nostro
992 2244 1131 2318 solverit}
1154 2244 1220 2320 quis
1233 2264 1291 2302 non
1312 2243 1396 2304 videt
1407 2264 1455 2302 so·

242 2329 382 2387 lotionem
396 2327 433 2384 ab
448 2325 511 2400 ipso
525 2322 639 2398 factam,
655 2331 684 2382 et
699 2331 779 2398 atq„
791 2323 899 2402 datum,
912 2324 996 2384 nobis
1011 2324 1145 2402 imputari
1168 2323 1205 2382 ed
1228 2324 1344 2402 plenam
1367 2324 1455 2384 abso-

246 2408 395 2480 lutionem,
410 2403 450 2462 id.
466 2401 566 2460 eodem
581 2402 646 2460 loco
660 2402 738 2479 apud
753 2403 848 2462 Deum
862 2405 970 2480 haberi,
986 2406 1059 2464 acsi
1083 2425 1101 2462 a
1122 2403 1207 2463 nobis
1231 2403 1331 2464 datum
1353 2409 1457 2464 esset?

250 2489 316 2546 lloc
331 2505 418 2544 sensu
432 2481 554 2540 dicimur
574 2483 730 2560 justificari
750 2491 839 2541 morte
861 2494 889 2543 ct
910 2487 1046 2562 sanquine
1068 2485 1182 2558 Christi,
1198 2483 1323 2543 Romu.
1339 2485 1367 2557 9,
1384 2486 1457 2561 quia
1558 2509 1560 2518 ’

242 2568 376 2628 meritum
390 2561 561 2624 obedientias
573 2569 603 2620 et
612 2561 712 2621 mortis
723 2562 778 2621 fuit
791 2561 831 2638 id,
847 2565 931 2640 cujus
942 2565 1048 2626 intuitu
1061 2566 1141 2624 Deus
1151 2564 1236 2623 nobis
1250 2563 1456 2625 reconciliatus

244 2649 307 2725 fuit,
318 2655 347 2708 et
357 2641 660 2725 peecatorumvcniem
669 2642 758 2702 dedit.
782 2642 892 2702 Eodem
905 2664 991 2705 sensu
1002 2645 1108 2705 dicitur
1121 2644 1237 2704 “factus
1248 2644 1414 2704 maledictio
1425 2655 1457 2704 et

244 2739 395 2810 peccatum
403 2745 456 2805 pro
464 2724 556 2800 nobis,
567 2731 600 2783 ut
608 2743 737 2784 essemus
744 2723 909 2784 benedictio
918 2726 1070 2800 etjustitia
1080 2726 1109 2783 in
1119 2725 1211 2802 ipso,”
1224 2725 1290 2784 Gal.
1301 2725 1342 2784 iii.
1356 2728 1403 2801 13,
1424 2730 1454 2799 2,

244 2813 310 2870 Cor.
325 2831 353 2872 v.
369 2812 417 2884 al,
433 2805 501 2884 quia
515 2804 679 2864 maledictio
693 2813 722 2864 ct
736 2807 946 2882 poenapeccati
960 2823 1046 2882 quam
1057 2805 1087 2864 in
1102 2825 1133 2864 se
1153 2805 1261 2882 recepit
1274 2806 1339 2864 loco
1354 2813 1456 2864 nostro

243 2889 320 2951 cedit
334 2889 418 2949 nobis
432 2887 463 2945 in
476 2884 687 2944 benedictionis
701 2894 730 2944 et
740 2885 861 2962 justitiae
876 2905 992 2945 causam
1004 2905 1100 2945 coram
1115 2886 1187 2961 Deo,
1203 2885 1233 2942 vi
1244 2885 1458 2944 communionis

243 2971 322 3030 illius
336 2967 579 3042 arctissimeque
593 2963 677 3023 nobis
691 2985 803 3024 comeo
817 2965 977 3042 intercedit,
992 2985 1043 3044 per
1067 2985 1163 3042 quam,
1178 2974 1211 3024 ut
1224 2974 1323 3025 nostre
1336 2974 1458 3042 peccata

243 3051 300 3130 ipsi
314 3051 454 3128 imputata
468 3053 543 3120 sunt,
560 3045 600 3104 ite
613 3044 741 3104 vicissim
756 3045 921 3106 obedientia
934 3056 963 3106 et
984 3045 1099 3123 justitia
1112 3047 1175 3123 ejus
1189 3045 1274 3104 nobis
1288 3046 1456 3124 imputatur.

245 3131 397 3207 Quomodo
412 3128 466 3190 sub
482 3127 570 3202 Lege,
585 3145 671 3202 poena
682 3145 768 3202 quarn
782 3125 913 3186 ferebant
926 3126 1062 3186 Victima
1075 3127 1140 3185 loeo
1154 3133 1346 3202 peccatomm,
1361 3127 1456 3203 impu-

245 3212 361 3271 tabatur
375 3209 446 3288 ipsis
460 3206 498 3266 ad
512 3207 839 3344 exidissnemfmafi’
850 3215 885 3300 'et
900 3207 1026 3344 ipsomm
1041 3205 1250 3300 liberationem.
1352 3285 1358 3299 ι

244 3341 266 3386 ⁵¹
281 3341 318 3386 E¹
331 3341 401 3386 Μ’
410 3338 486 3384 ’Μ’
507 3365 585 3442 quod
593 3286 1023 3427 noslilildliiib’cdlldduibalibtdd
1032 3285 1459 3445 Iblgisddlsdldsiiliiddddiitiiirl

244 3449 275 3506 in
286 3447 370 3506 nobis
381 3445 490 3521 implet.
534 3445 636 3519 “Quia
649 3446 800 3523 quoderat
814 3447 991 3524 impossibile
1007 3447 1089 3525 Legi,
1111 3447 1181 3525 quia
1204 3455 1266 3506 erat
1287 3446 1401 3506 infirma
1424 3445 1454 3502 in

245 3545 340 3601 carne,
357 3525 437 3583 Deus
452 3525 540 3582 misso
557 3525 633 3584 Filio
648 3547 701 3585 suo
715 3527 745 3585 in
759 3527 850 3587 forma
865 3527 952 3587 simili
976 3527 1097 3606 peccati,
1121 3535 1151 3586 et
1174 3547 1227 3606 pro
1245 3533 1372 3604 peccato,
1389 3545 1456 3584 con·

245 3603 394 3666 demnevit
408 3612 557 3680 peccatum
573 3603 602 3662 in
617 3625 711 3681 carne,
726 3615 759 3666 ut
769 3609 819 3685 jus
834 3607 923 3685 Legis
944 3607 975 3666 in
985 3608 1069 3667 nobis
1093 3607 1275 3685 impleatur,”
1291 3605 1355 3682 dte,
1371 3604 1455 3664 nimi·

245 3709 309 3748 rum
320 3682 527 3764 justificatione
541 3691 640 3742 nostra
653 3705 704 3761 per
719 3685 828 3764 Legem
843 3687 1015 3765 impossibili
1029 3688 1105 3747 facta
1125 3707 1176 3766 per
1199 3695 1360 3765 peccatum,
1377 3686 1457 3744 Deus

245 3768 276 3828 iu
291 3767 405 3828 Christo
419 3763 475 3823 hoc
489 3762 661 3822 beneficium
674 3765 758 3823 nobis
771 3767 905 3843 restituit,
922 3766 991 3827 dum
1006 3768 1107 3828 similis
1121 3767 1214 3828 factus
1228 3767 1309 3828 cami
1318 3766 1456 3844 peccatri-

244 3850 281 3926 ci,
297 3849 359 3908 siue
373 3853 491 3925 peccato
505 3851 610 3920 tamen,
626 3845 774 3904 victimam
788 3866 840 3923 pro
854 3854 973 3924 peccato
987 3867 1018 3907 ss
1032 3868 1085 3926 pro
1109 3848 1193 3908 nobis
1217 3846 1331 3922 obtulit,
1355 3855 1383 3906 et
1397 3845 1457 3924 plc-

246 3931 366 3990 nissima
379 3927 448 3986 data
461 3924 655 3986 satisfactione
669 3934 818 4004 peccatum
834 3927 1044 4003 condemnavit,
1060 3927 1091 3988 id
1104 3937 1157 4005 est,
1180 3928 1306 4005 perfecte
1319 3925 1457 4004 expiavit,

246 4011 277 4069 in
292 4029 388 4082 carne,
403 4008 433 4066 in
447 4027 513 4067 enm
526 4007 614 4066 finem
628 4013 661 4066 ut
674 4006 875 4068 condemnatio
889 4009 1000 4087 peccati
1014 4008 1098 4068 cedat
1118 4009 1147 4068 in
1173 4008 1264 4068 nostri
1275 4007 1459 4086 justificatio-

247 4111 322 4165 nem,
333 4098 363 4149 ct
374 4097 401 4144 et
412 4095 526 4158 tractam
539 4097 610 4156 stata
619 4086 650 4146 id
661 4096 713 4164 est,
726 4088 748 4149 J
749 4109 784 4148 us
793 4088 871 4166 quod
879 4089 975 4163 habet,
992 4089 1053 4148 sive
1067 4089 1164 4166 quoad
1175 4087 1378 4163 obedientiam,
1396 4087 1458 4146 sive

246 4170 342 4248 quoad
357 4189 480 4246 poenam,
496 4168 526 4226 in
538 4169 621 4228 nobis
644 4167 806 4246 impleatur,
831 4190 890 4229 non
903 4169 1086 4245 inhaerentes,
1111 4169 1162 4229 sed
1185 4167 1366 4246 imputative,
1389 4167 1459 4226 dnm

246 4249 325 4328 quod
340 4249 472 4308 Christus
486 4248 555 4308 fecit
568 4257 597 4308 et
611 4269 714 4326 passus
728 4257 773 4310 est
786 4250 850 4310 loco
865 4257 972 4324 nostro,
984 4249 1069 4308 nohis
1083 4249 1265 4324 adscribitur,
1277 4248 1360 4326 quasi
1372 4246 1402 4306 id
1417 4247 1458 4324 ip

247 4351 312 4390 sum
326 4329 577 4408 prestitissemus3
601 4329 642 4388 sio
657 4349 710 4388 nos
720 4329 751 4388 in
766 4329 880 4389 Christo
894 4337 1061 4406 reputamur
1074 4337 1167 4390 totum
1190 4330 1241 4408 jus
1256 4328 1345 4406 Legis
1359 4327 1459 4404 imple·

245 4411 333 4484 visse,
349 4409 417 4486 qaia
436 4417 535 4468 nostro
558 4408 675 4469 nomine
698 4409 787 4487 Legis
808 4409 859 4487 jus
886 4409 1094 4488 perfectissime
1116 4409 1257 4490 implerit,
1281 4417 1340 4469 mm
1363 4407 1460 4484 quoad

247 4488 448 4566 obedientiam,
459 4507 546 4566 quam
561 4489 657 4566 quoad
670 4507 794 4566 poenem.

245 4611 268 4657 6·
282 4615 320 4659 Ex
337 4615 399 4660 Rom
423 4617 446 4659 „
464 4615 479 4661 5
548 4568 626 4626 XX.
650 4569 749 4642 Sexto,
768 4567 1458 4648 Quiajustifieationostraestjnaflaadoimpa',

401 4647 406 4658 '
448 4649 453 4662 ’
480 4649 485 4660 ’
508 4647 592 4706 Rom.
608 4647 646 4705 iv.
663 4650 691 4722 5,
708 4651 726 4681 “
739 4649 775 4706 Εἰ
789 4649 839 4725 qui
854 4667 912 4708 non
927 4659 1069 4728 operatur,
1086 4650 1138 4711 sed
1152 4650 1202 4728 qui
1224 4649 1316 4710 credit
1338 4649 1368 4707 in
1391 4667 1458 4708 eum
