<?xml version="1.0" encoding="UTF-8"?>
<!DOCTYPE html PUBLIC "-//W3C//DTD XHTML 1.0 Transitional//EN"
    "http://www.w3.org/TR/xhtml1/DTD/xhtml1-transitional.dtd">
<html xmlns="http://www.w3.org/1999/xhtml" xml:lang="en" lang="en">
 <head>
  <title>
</title>
<meta http-equiv="Content-Type" content="text/html;charset=utf-8" />
  <meta name='ocr-system' content='tesseract 3.04.00' />
  <meta name='ocr-capabilities' content='ocr_page ocr_carea ocr_par ocr_line ocrx_word'/>
</head>
<body>
  <div class='ocr_page' id='page_1' title='image "./francisciturret00pictgoog_0582.png"; bbox 0 0 3186 5210; ppageno 0'>
   <div class='ocr_carea' id='block_1_1' title="bbox 166 303 1420 3572">
    <p class='ocr_par' dir='ltr' id='par_1_1' title="bbox 166 303 1381 943">
     <span class='ocr_line' id='line_1_1' title="bbox 176 303 1381 384; baseline 0.003 -20"><span class='ocrx_word' id='word_1_1' title='bbox 176 324 289 372; x_wconf 75' lang='grc'><strong>66661.</strong></span> <span class='ocrx_word' id='word_1_2' title='bbox 305 303 395 384; x_wconf 73' lang='lat' dir='ltr'><strong>xvia]</strong></span> <span class='ocrx_word' id='word_1_3' title='bbox 599 325 636 364; x_wconf 86' lang='grc'><strong>66</strong></span> <span class='ocrx_word' id='word_1_4' title='bbox 652 321 821 365; x_wconf 62' lang='grc'><strong>1661111616</strong></span> <span class='ocrx_word' id='word_1_5' title='bbox 837 325 873 364; x_wconf 81' lang='lat' dir='ltr'><strong>ar</strong></span> <span class='ocrx_word' id='word_1_6' title='bbox 889 325 966 366; x_wconf 87' lang='grc'><strong>1166.</strong></span> <span class='ocrx_word' id='word_1_7' title='bbox 1325 313 1381 368; x_wconf 93' lang='grc'><strong>551</strong></span> 
     </span>
     <span class='ocr_line' id='line_1_2' title="bbox 176 464 1379 542; baseline 0.005 -20"><span class='ocrx_word' id='word_1_8' title='bbox 176 483 263 522; x_wconf 85' lang='grc'><strong>66666</strong></span> <span class='ocrx_word' id='word_1_9' title='bbox 287 464 423 523; x_wconf 80' lang='lat' dir='ltr'>Salomon</span> <span class='ocrx_word' id='word_1_10' title='bbox 445 464 657 541; x_wconf 85' lang='lat' dir='ltr'><strong>intelligendus,</strong></span> <span class='ocrx_word' id='word_1_11' title='bbox 673 487 762 542; x_wconf 92' lang='lat' dir='ltr'><strong>quum</strong></span> <span class='ocrx_word' id='word_1_12' title='bbox 776 467 825 540; x_wconf 89' lang='lat' dir='ltr'><strong>ait,</strong></span> <span class='ocrx_word' id='word_1_13' title='bbox 853 467 939 525; x_wconf 90' lang='lat' dir='ltr'><strong>Prov.</strong></span> <span class='ocrx_word' id='word_1_14' title='bbox 955 489 1005 525; x_wconf 89' lang='lat' dir='ltr'><strong>xx.</strong></span> <span class='ocrx_word' id='word_1_15' title='bbox 1021 469 1049 541; x_wconf 88' lang='lat'><strong>9,</strong></span> <span class='ocrx_word' id='word_1_16' title='bbox 1081 467 1260 526; x_wconf 83' lang='lat' dir='ltr'><strong>“Neminem</strong></span> <span class='ocrx_word' id='word_1_17' title='bbox 1284 469 1379 528; x_wconf 84' lang='lat' dir='ltr'><strong>dicere</strong></span> 
     </span>
     <span class='ocr_line' id='line_1_3' title="bbox 176 543 1380 626; baseline 0.004 -24"><span class='ocrx_word' id='word_1_18' title='bbox 176 563 261 620; x_wconf 88' lang='lat' dir='ltr'><strong>posse</strong></span> <span class='ocrx_word' id='word_1_19' title='bbox 272 543 412 602; x_wconf 88' lang='lat' dir='ltr'><strong>mundum</strong></span> <span class='ocrx_word' id='word_1_20' title='bbox 421 564 484 602; x_wconf 89' lang='grc'><strong>6666</strong></span> <span class='ocrx_word' id='word_1_21' title='bbox 498 564 547 602; x_wconf 91' lang='grc'><strong>661</strong></span> <span class='ocrx_word' id='word_1_22' title='bbox 558 545 671 602; x_wconf 85' lang='lat' dir='ltr'><strong>saum.&#39;’</strong></span> <span class='ocrx_word' id='word_1_23' title='bbox 699 545 757 604; x_wconf 90' lang='lat' dir='ltr'><strong>Sed</strong></span> <span class='ocrx_word' id='word_1_24' title='bbox 771 565 829 604; x_wconf 90' lang='lat' dir='ltr'><strong>non</strong></span> <span class='ocrx_word' id='word_1_25' title='bbox 843 547 1003 623; x_wconf 79' lang='lat' dir='ltr'><strong>posteriori.</strong></span> <span class='ocrx_word' id='word_1_26' title='bbox 1026 548 1099 606; x_wconf 86' lang='lat' dir='ltr'><strong>Nam</strong></span> <span class='ocrx_word' id='word_1_27' title='bbox 1111 547 1179 606; x_wconf 88' lang='lat' dir='ltr'><strong>licet</strong></span> <span class='ocrx_word' id='word_1_28' title='bbox 1190 569 1273 606; x_wconf 86' lang='lat' dir='ltr'><strong>namo</strong></span> <span class='ocrx_word' id='word_1_29' title='bbox 1288 550 1380 626; x_wconf 82' lang='lat' dir='ltr'><strong>possit</strong></span> 
     </span>
     <span class='ocr_line' id='line_1_4' title="bbox 177 623 1380 702; baseline 0.004 -22"><span class='ocrx_word' id='word_1_30' title='bbox 177 623 296 700; x_wconf 83' lang='lat' dir='ltr'><strong>gloriari</strong></span> <span class='ocrx_word' id='word_1_31' title='bbox 310 623 346 682; x_wconf 91' lang='lat' dir='ltr'><strong>de</strong></span> <span class='ocrx_word' id='word_1_32' title='bbox 357 625 478 700; x_wconf 83' lang='lat' dir='ltr'><strong>justitiae</strong></span> <span class='ocrx_word' id='word_1_33' title='bbox 498 624 663 682; x_wconf 78' lang='lat' dir='ltr'><strong>inhaerentis</strong></span> <span class='ocrx_word' id='word_1_34' title='bbox 677 624 860 702; x_wconf 78' lang='lat' dir='ltr'><strong>perfectione,</strong></span> <span class='ocrx_word' id='word_1_35' title='bbox 876 635 908 685; x_wconf 91' lang='lat' dir='ltr'><strong>ut</strong></span> <span class='ocrx_word' id='word_1_36' title='bbox 924 626 1026 685; x_wconf 90' lang='lat' dir='ltr'>LXX.</span> <span class='ocrx_word' id='word_1_37' title='bbox 1040 635 1158 686; x_wconf 87' lang='lat' dir='ltr'><strong>vertunt</strong></span> <span class='ocrx_word' id='word_1_38' title='bbox 1182 636 1215 689; x_wconf 62' lang='lat' dir='ltr'><strong>vt</strong></span> <span class='ocrx_word' id='word_1_39' title='bbox 1233 639 1380 698; x_wconf 56' lang='lat' dir='ltr'><strong>sarzana.</strong></span> 
     </span>
     <span class='ocr_line' id='line_1_5' title="bbox 166 703 1380 784; baseline 0.004 -25"><span class='ocrx_word' id='word_1_40' title='bbox 166 703 247 772; x_wconf 59' lang='lat' dir='ltr'><strong>&#39;aava</strong></span> <span class='ocrx_word' id='word_1_41' title='bbox 257 712 317 774; x_wconf 57' lang='lat' dir='ltr'><strong>lxm</strong></span> <span class='ocrx_word' id='word_1_42' title='bbox 329 709 427 776; x_wconf 55' lang='grc' dir='ltr'><strong>καρδίαι,</strong></span> <span class='ocrx_word' id='word_1_43' title='bbox 451 704 516 760; x_wconf 92' lang='grc' dir='ltr'><strong>Ν66</strong></span> <span class='ocrx_word' id='word_1_44' title='bbox 539 705 667 780; x_wconf 88' lang='lat' dir='ltr'><strong>sequitur</strong></span> <span class='ocrx_word' id='word_1_45' title='bbox 682 725 739 762; x_wconf 90' lang='lat' dir='ltr'><strong>non</strong></span> <span class='ocrx_word' id='word_1_46' title='bbox 752 723 837 783; x_wconf 91' lang='lat' dir='ltr'><strong>posse</strong></span> <span class='ocrx_word' id='word_1_47' title='bbox 852 704 967 764; x_wconf 89' lang='lat' dir='ltr'><strong>fidelem</strong></span> <span class='ocrx_word' id='word_1_48' title='bbox 981 707 1098 782; x_wconf 89' lang='lat' dir='ltr'><strong>gloriari</strong></span> <span class='ocrx_word' id='word_1_49' title='bbox 1112 707 1148 764; x_wconf 92' lang='grc'><strong>16</strong></span> <span class='ocrx_word' id='word_1_50' title='bbox 1160 709 1254 784; x_wconf 84' lang='lat' dir='ltr'><strong>gratia</strong></span> <span class='ocrx_word' id='word_1_51' title='bbox 1273 707 1380 766; x_wconf 83' lang='lat' dir='ltr'><strong>Christi</strong></span> 
     </span>
     <span class='ocr_line' id='line_1_6' title="bbox 176 781 1378 864; baseline 0.004 -24"><span class='ocrx_word' id='word_1_52' title='bbox 176 781 316 859; x_wconf 90' lang='lat' dir='ltr'><strong>imputata</strong></span> <span class='ocrx_word' id='word_1_53' title='bbox 337 793 366 842; x_wconf 88' lang='lat' dir='ltr'><strong>et</strong></span> <span class='ocrx_word' id='word_1_54' title='bbox 386 803 437 860; x_wconf 90' lang='lat' dir='ltr'><strong>per</strong></span> <span class='ocrx_word' id='word_1_55' title='bbox 460 781 547 850; x_wconf 82' lang='lat' dir='ltr'><strong>fidem</strong></span> <span class='ocrx_word' id='word_1_56' title='bbox 569 781 756 861; x_wconf 88' lang='lat' dir='ltr'><strong>apprehensa,</strong></span> <span class='ocrx_word' id='word_1_57' title='bbox 772 785 840 861; x_wconf 92' lang='lat' dir='ltr'><strong>quia</strong></span> <span class='ocrx_word' id='word_1_58' title='bbox 854 785 996 844; x_wconf 83' lang='lat' dir='ltr'><strong>certitudo</strong></span> <span class='ocrx_word' id='word_1_59' title='bbox 1011 787 1072 844; x_wconf 82' lang='lat' dir='ltr'><strong>haee</strong></span> <span class='ocrx_word' id='word_1_60' title='bbox 1086 807 1143 844; x_wconf 89' lang='lat' dir='ltr'><strong>non</strong></span> <span class='ocrx_word' id='word_1_61' title='bbox 1157 787 1295 864; x_wconf 86' lang='lat' dir='ltr'><strong>pendete</strong></span> <span class='ocrx_word' id='word_1_62' title='bbox 1315 788 1378 864; x_wconf 87' lang='lat' dir='ltr'><strong>jus·</strong></span> 
     </span>
     <span class='ocr_line' id='line_1_7' title="bbox 177 861 1263 943; baseline 0.003 -22"><span class='ocrx_word' id='word_1_63' title='bbox 177 861 247 921; x_wconf 91' lang='lat' dir='ltr'><strong>titiae</strong></span> <span class='ocrx_word' id='word_1_64' title='bbox 263 862 427 921; x_wconf 75' lang='lat' dir='ltr'><strong>inhaerentis</strong></span> <span class='ocrx_word' id='word_1_65' title='bbox 441 863 623 939; x_wconf 83' lang='lat' dir='ltr'><strong>perfectione,</strong></span> <span class='ocrx_word' id='word_1_66' title='bbox 640 865 691 922; x_wconf 87' lang='lat' dir='ltr'><strong>sed</strong></span> <span class='ocrx_word' id='word_1_67' title='bbox 711 885 729 922; x_wconf 88' lang='lat' dir='ltr'><strong>a</strong></span> <span class='ocrx_word' id='word_1_68' title='bbox 744 865 868 940; x_wconf 87' lang='lat' dir='ltr'><strong>Spiritus</strong></span> <span class='ocrx_word' id='word_1_69' title='bbox 882 865 960 924; x_wconf 89' lang='lat' dir='ltr'><strong>intus</strong></span> <span class='ocrx_word' id='word_1_70' title='bbox 975 867 1119 943; x_wconf 88' lang='lat' dir='ltr'><strong>operantis</strong></span> <span class='ocrx_word' id='word_1_71' title='bbox 1133 867 1263 924; x_wconf 91' lang='lat' dir='ltr'><strong>veritate.</strong></span> 
     </span>
    </p>

    <p class='ocr_par' dir='ltr' id='par_1_2' title="bbox 176 942 1392 1578">
     <span class='ocr_line' id='line_1_8' title="bbox 218 942 1378 1021; baseline 0.005 -23"><span class='ocrx_word' id='word_1_72' title='bbox 218 942 324 1000; x_wconf 87' lang='lat' dir='ltr'>XXV.</span> <span class='ocrx_word' id='word_1_73' title='bbox 348 943 490 1019; x_wconf 90' lang='lat' dir='ltr'><strong>Exempla</strong></span> <span class='ocrx_word' id='word_1_74' title='bbox 504 944 583 1018; x_wconf 85' lang='lat' dir='ltr'><strong>Jobi,</strong></span> <span class='ocrx_word' id='word_1_75' title='bbox 607 944 676 1003; x_wconf 91' lang='lat' dir='ltr'><strong>Job.</strong></span> <span class='ocrx_word' id='word_1_76' title='bbox 698 945 738 1002; x_wconf 91' lang='lat' dir='ltr'><strong>ix.</strong></span> <span class='ocrx_word' id='word_1_77' title='bbox 756 947 801 1019; x_wconf 92' lang='grc'><strong>12,</strong></span> <span class='ocrx_word' id='word_1_78' title='bbox 821 947 866 1020; x_wconf 88' lang='grc'><strong>15,</strong></span> <span class='ocrx_word' id='word_1_79' title='bbox 879 947 926 1020; x_wconf 90' lang='grc'><strong>28,</strong></span> <span class='ocrx_word' id='word_1_80' title='bbox 942 953 971 1004; x_wconf 89' lang='grc'><strong>61</strong></span> <span class='ocrx_word' id='word_1_81' title='bbox 985 946 1068 1003; x_wconf 90' lang='lat' dir='ltr'><strong>xxxi.</strong></span> <span class='ocrx_word' id='word_1_82' title='bbox 1083 949 1136 1020; x_wconf 77' lang='lat'><strong>143</strong></span> <span class='ocrx_word' id='word_1_83' title='bbox 1153 946 1284 1021; x_wconf 76' lang='lat' dir='ltr'><strong>Doridis,</strong></span> <span class='ocrx_word' id='word_1_84' title='bbox 1301 946 1378 1004; x_wconf 88' lang='lat' dir='ltr'><strong>Psal.</strong></span> 
     </span>
     <span class='ocr_line' id='line_1_9' title="bbox 176 1021 1379 1102; baseline 0.005 -24"><span class='ocrx_word' id='word_1_85' title='bbox 176 1021 237 1079; x_wconf 83' lang='lat' dir='ltr'><strong>xix.</strong></span> <span class='ocrx_word' id='word_1_86' title='bbox 255 1025 290 1080; x_wconf 88' lang='lat'><strong>13</strong></span> <span class='ocrx_word' id='word_1_87' title='bbox 304 1044 311 1097; x_wconf 86' lang='lat'>;</span> <span class='ocrx_word' id='word_1_88' title='bbox 335 1022 427 1096; x_wconf 90' lang='lat' dir='ltr'><strong>Pauli,</strong></span> <span class='ocrx_word' id='word_1_89' title='bbox 445 1027 459 1080; x_wconf 95' lang='lat'><strong>1</strong></span> <span class='ocrx_word' id='word_1_90' title='bbox 478 1024 541 1081; x_wconf 86' lang='lat' dir='ltr'><strong>Cor.</strong></span> <span class='ocrx_word' id='word_1_91' title='bbox 558 1024 596 1080; x_wconf 93' lang='lat' dir='ltr'><strong>iv.</strong></span> <span class='ocrx_word' id='word_1_92' title='bbox 612 1027 639 1098; x_wconf 97' lang='lat'><strong>4,</strong></span> <span class='ocrx_word' id='word_1_93' title='bbox 655 1031 684 1082; x_wconf 92' lang='lat' dir='ltr'><strong>et</strong></span> <span class='ocrx_word' id='word_1_94' title='bbox 699 1024 739 1082; x_wconf 89' lang='lat' dir='ltr'><strong>ix.</strong></span> <span class='ocrx_word' id='word_1_95' title='bbox 754 1029 802 1098; x_wconf 80' lang='lat'><strong>27,</strong></span> <span class='ocrx_word' id='word_1_96' title='bbox 817 1025 868 1102; x_wconf 89' lang='lat' dir='ltr'><strong>qui</strong></span> <span class='ocrx_word' id='word_1_97' title='bbox 881 1044 939 1082; x_wconf 93' lang='lat' dir='ltr'><strong>non</strong></span> <span class='ocrx_word' id='word_1_98' title='bbox 953 1026 1061 1085; x_wconf 88' lang='lat' dir='ltr'><strong>audent</strong></span> <span class='ocrx_word' id='word_1_99' title='bbox 1070 1025 1213 1102; x_wconf 88' lang='lat' dir='ltr'><strong>justitiam</strong></span> <span class='ocrx_word' id='word_1_100' title='bbox 1233 1026 1379 1084; x_wconf 76' lang='grc'><strong>611616116-</strong></span> 
     </span>
     <span class='ocr_line' id='line_1_10' title="bbox 176 1102 1376 1182; baseline 0.005 -24"><span class='ocrx_word' id='word_1_101' title='bbox 176 1121 254 1177; x_wconf 87' lang='lat' dir='ltr'><strong>gare,</strong></span> <span class='ocrx_word' id='word_1_102' title='bbox 279 1102 434 1160; x_wconf 89' lang='lat' dir='ltr'><strong>ostendunt</strong></span> <span class='ocrx_word' id='word_1_103' title='bbox 465 1102 580 1179; x_wconf 90' lang='lat' dir='ltr'><strong>quidem</strong></span> <span class='ocrx_word' id='word_1_104' title='bbox 604 1123 654 1162; x_wconf 89' lang='lat' dir='ltr'><strong>eos</strong></span> <span class='ocrx_word' id='word_1_105' title='bbox 676 1104 830 1180; x_wconf 86' lang='lat' dir='ltr'><strong>agnovisse</strong></span> <span class='ocrx_word' id='word_1_106' title='bbox 853 1104 1098 1181; x_wconf 87' lang='lat' dir='ltr'><strong>imperfectionem</strong></span> <span class='ocrx_word' id='word_1_107' title='bbox 1126 1105 1288 1163; x_wconf 76' lang='lat' dir='ltr'><strong>sanctitatis</strong></span> <span class='ocrx_word' id='word_1_108' title='bbox 1308 1125 1376 1182; x_wconf 76' lang='grc'><strong>666,</strong></span> 
     </span>
     <span class='ocr_line' id='line_1_11' title="bbox 176 1182 1377 1261; baseline 0.005 -23"><span class='ocrx_word' id='word_1_109' title='bbox 176 1201 241 1256; x_wconf 86' lang='lat' dir='ltr'><strong>quae</strong></span> <span class='ocrx_word' id='word_1_110' title='bbox 255 1201 313 1239; x_wconf 92' lang='lat' dir='ltr'><strong>non</strong></span> <span class='ocrx_word' id='word_1_111' title='bbox 328 1182 468 1241; x_wconf 91' lang='lat' dir='ltr'><strong>sustinere</strong></span> <span class='ocrx_word' id='word_1_112' title='bbox 482 1191 569 1259; x_wconf 83' lang='lat' dir='ltr'><strong>queat</strong></span> <span class='ocrx_word' id='word_1_113' title='bbox 584 1203 706 1242; x_wconf 89' lang='lat' dir='ltr'><strong>examen</strong></span> <span class='ocrx_word' id='word_1_114' title='bbox 722 1183 827 1260; x_wconf 90' lang='lat' dir='ltr'><strong>judicii</strong></span> <span class='ocrx_word' id='word_1_115' title='bbox 850 1182 941 1241; x_wconf 92' lang='lat' dir='ltr'><strong>divini</strong></span> <span class='ocrx_word' id='word_1_116' title='bbox 966 1184 1004 1241; x_wconf 87' lang='lat' dir='ltr'><strong>ad</strong></span> <span class='ocrx_word' id='word_1_117' title='bbox 1028 1205 1110 1243; x_wconf 86' lang='lat' dir='ltr'><strong>suam</strong></span> <span class='ocrx_word' id='word_1_118' title='bbox 1131 1184 1377 1261; x_wconf 87' lang='lat' dir='ltr'><strong>justificationem.</strong></span> 
     </span>
     <span class='ocr_line' id='line_1_12' title="bbox 177 1259 1378 1341; baseline 0.003 -23"><span class='ocrx_word' id='word_1_119' title='bbox 177 1259 235 1319; x_wconf 86' lang='lat' dir='ltr'><strong>Sed</strong></span> <span class='ocrx_word' id='word_1_120' title='bbox 249 1281 308 1318; x_wconf 90' lang='lat' dir='ltr'><strong>non</strong></span> <span class='ocrx_word' id='word_1_121' title='bbox 322 1271 447 1338; x_wconf 85' lang='lat' dir='ltr'><strong>arguunt</strong></span> <span class='ocrx_word' id='word_1_122' title='bbox 461 1281 559 1320; x_wconf 88' lang='lat' dir='ltr'><strong>eoram</strong></span> <span class='ocrx_word' id='word_1_123' title='bbox 574 1262 805 1322; x_wconf 88' lang='lat' dir='ltr'><strong>incertitudinem</strong></span> <span class='ocrx_word' id='word_1_124' title='bbox 816 1263 852 1321; x_wconf 92' lang='lat' dir='ltr'><strong>de</strong></span> <span class='ocrx_word' id='word_1_125' title='bbox 873 1263 967 1339; x_wconf 87' lang='lat' dir='ltr'><strong>gratia</strong></span> <span class='ocrx_word' id='word_1_126' title='bbox 982 1264 1036 1321; x_wconf 91' lang='lat' dir='ltr'><strong>Dei</strong></span> <span class='ocrx_word' id='word_1_127' title='bbox 1051 1273 1080 1322; x_wconf 92' lang='lat' dir='ltr'><strong>et</strong></span> <span class='ocrx_word' id='word_1_128' title='bbox 1094 1265 1129 1322; x_wconf 91' lang='lat' dir='ltr'><strong>de</strong></span> <span class='ocrx_word' id='word_1_129' title='bbox 1143 1264 1201 1322; x_wconf 90' lang='lat' dir='ltr'><strong>fide</strong></span> <span class='ocrx_word' id='word_1_130' title='bbox 1216 1285 1276 1339; x_wconf 86' lang='lat' dir='ltr'><strong>sua,</strong></span> <span class='ocrx_word' id='word_1_131' title='bbox 1291 1284 1378 1341; x_wconf 90' lang='lat' dir='ltr'><strong>quarn</strong></span> 
     </span>
     <span class='ocr_line' id='line_1_13' title="bbox 177 1339 1377 1420; baseline 0.003 -23"><span class='ocrx_word' id='word_1_132' title='bbox 177 1339 248 1398; x_wconf 92' lang='lat' dir='ltr'><strong>alibi</strong></span> <span class='ocrx_word' id='word_1_133' title='bbox 272 1349 330 1399; x_wconf 88' lang='lat' dir='ltr'><strong>tarn</strong></span> <span class='ocrx_word' id='word_1_134' title='bbox 352 1341 504 1418; x_wconf 88' lang='lat' dir='ltr'><strong>magnifice</strong></span> <span class='ocrx_word' id='word_1_135' title='bbox 525 1342 699 1420; x_wconf 87' lang='lat' dir='ltr'><strong>praedicaut;</strong></span> <span class='ocrx_word' id='word_1_136' title='bbox 721 1343 826 1418; x_wconf 85' lang='lat' dir='ltr'><strong>Jobus,</strong></span> <span class='ocrx_word' id='word_1_137' title='bbox 853 1363 914 1420; x_wconf 90' lang='lat' dir='ltr'><strong>cap.</strong></span> <span class='ocrx_word' id='word_1_138' title='bbox 930 1343 991 1401; x_wconf 86' lang='lat' dir='ltr'><strong>xiii.</strong></span> <span class='ocrx_word' id='word_1_139' title='bbox 1009 1345 1054 1417; x_wconf 87' lang='lat'><strong>15,</strong></span> <span class='ocrx_word' id='word_1_140' title='bbox 1071 1353 1100 1402; x_wconf 91' lang='lat' dir='ltr'><strong>et</strong></span> <span class='ocrx_word' id='word_1_141' title='bbox 1114 1344 1176 1402; x_wconf 91' lang='lat' dir='ltr'><strong>xix.</strong></span> <span class='ocrx_word' id='word_1_142' title='bbox 1192 1345 1247 1419; x_wconf 88' lang='lat'><strong>25;</strong></span> <span class='ocrx_word' id='word_1_143' title='bbox 1272 1344 1377 1420; x_wconf 89' lang='lat' dir='ltr'><strong>David,</strong></span> 
     </span>
     <span class='ocr_line' id='line_1_14' title="bbox 178 1420 1392 1498; baseline 0.007 -20"><span class='ocrx_word' id='word_1_144' title='bbox 178 1420 256 1478; x_wconf 87' lang='lat' dir='ltr'><strong>Psal.</strong></span> <span class='ocrx_word' id='word_1_145' title='bbox 269 1421 364 1478; x_wconf 84' lang='lat' dir='ltr'><strong>xxxii.</strong></span> <span class='ocrx_word' id='word_1_146' title='bbox 387 1425 414 1494; x_wconf 88' lang='grc'><strong>5,</strong></span> <span class='ocrx_word' id='word_1_147' title='bbox 430 1429 459 1480; x_wconf 90' lang='grc'><strong>61</strong></span> <span class='ocrx_word' id='word_1_148' title='bbox 474 1421 530 1480; x_wconf 91' lang='lat' dir='ltr'><strong>ciii.</strong></span> <span class='ocrx_word' id='word_1_149' title='bbox 549 1425 574 1498; x_wconf 89' lang='lat'><strong>1,</strong></span> <span class='ocrx_word' id='word_1_150' title='bbox 588 1426 615 1496; x_wconf 88' lang='lat'><strong>2,</strong></span> <span class='ocrx_word' id='word_1_151' title='bbox 632 1426 659 1496; x_wconf 89' lang='grc'><strong>3,</strong></span> <span class='ocrx_word' id='word_1_152' title='bbox 676 1431 704 1482; x_wconf 90' lang='grc'><strong>61</strong></span> <span class='ocrx_word' id='word_1_153' title='bbox 714 1423 812 1482; x_wconf 88' lang='lat' dir='ltr'><strong>cxviii.</strong></span> <span class='ocrx_word' id='word_1_154' title='bbox 826 1426 879 1498; x_wconf 78' lang='lat'><strong>173</strong></span> <span class='ocrx_word' id='word_1_155' title='bbox 902 1423 1019 1497; x_wconf 86' lang='lat' dir='ltr'><strong>Paulus,</strong></span> <span class='ocrx_word' id='word_1_156' title='bbox 1034 1423 1117 1482; x_wconf 87' lang='lat' dir='ltr'><strong>Rom.</strong></span> <span class='ocrx_word' id='word_1_157' title='bbox 1130 1423 1190 1481; x_wconf 92' lang='lat' dir='ltr'><strong>viii.</strong></span> <span class='ocrx_word' id='word_1_158' title='bbox 1209 1425 1256 1498; x_wconf 87' lang='grc'><strong>38,</strong></span> <span class='ocrx_word' id='word_1_159' title='bbox 1269 1429 1287 1481; x_wconf 88' lang='grc'><strong>2</strong></span> <span class='ocrx_word' id='word_1_160' title='bbox 1302 1424 1392 1486; x_wconf 84' lang='lat' dir='ltr'><strong>Tim..</strong></span> 
     </span>
     <span class='ocr_line' id='line_1_15' title="bbox 176 1500 692 1578; baseline 0.008 -22"><span class='ocrx_word' id='word_1_161' title='bbox 176 1500 195 1556; x_wconf 92' lang='lat' dir='ltr'><strong>i.</strong></span> <span class='ocrx_word' id='word_1_162' title='bbox 214 1504 259 1572; x_wconf 91' lang='lat'><strong>12,</strong></span> <span class='ocrx_word' id='word_1_163' title='bbox 271 1500 337 1559; x_wconf 86' lang='lat' dir='ltr'><strong>Gal.</strong></span> <span class='ocrx_word' id='word_1_164' title='bbox 352 1501 381 1559; x_wconf 93' lang='lat' dir='ltr'><strong>ii.</strong></span> <span class='ocrx_word' id='word_1_165' title='bbox 393 1504 440 1576; x_wconf 92' lang='grc'><strong>20,</strong></span> <span class='ocrx_word' id='word_1_166' title='bbox 451 1509 481 1560; x_wconf 86' lang='grc'><strong>61</strong></span> <span class='ocrx_word' id='word_1_167' title='bbox 497 1501 568 1559; x_wconf 90' lang='lat' dir='ltr'><strong>alibi</strong></span> <span class='ocrx_word' id='word_1_168' title='bbox 575 1503 692 1578; x_wconf 89' lang='lat' dir='ltr'><strong>passim.</strong></span> 
     </span>
    </p>

    <p class='ocr_par' dir='ltr' id='par_1_3' title="bbox 175 1579 1420 2933">
     <span class='ocr_line' id='line_1_16' title="bbox 218 1579 1377 1659; baseline 0.003 -23"><span class='ocrx_word' id='word_1_169' title='bbox 218 1579 342 1638; x_wconf 86' lang='lat' dir='ltr'>XXVI.</span> <span class='ocrx_word' id='word_1_170' title='bbox 365 1581 526 1656; x_wconf 83' lang='lat' dir='ltr'><strong>Particulae,</strong></span> <span class='ocrx_word' id='word_1_171' title='bbox 550 1600 614 1658; x_wconf 87' lang='lat' dir='ltr'><strong>quae</strong></span> <span class='ocrx_word' id='word_1_172' title='bbox 633 1581 842 1640; x_wconf 89' lang='lat' dir='ltr'><strong>dubitationem</strong></span> <span class='ocrx_word' id='word_1_173' title='bbox 865 1581 1000 1659; x_wconf 85' lang='lat' dir='ltr'><strong>aliquam,</strong></span> <span class='ocrx_word' id='word_1_174' title='bbox 1016 1581 1064 1640; x_wconf 91' lang='lat' dir='ltr'><strong>vel</strong></span> <span class='ocrx_word' id='word_1_175' title='bbox 1087 1581 1317 1640; x_wconf 85' lang='lat' dir='ltr'><strong>incertitudinem</strong></span> <span class='ocrx_word' id='word_1_176' title='bbox 1333 1582 1377 1639; x_wconf 92' lang='lat' dir='ltr'><strong>vi·</strong></span> 
     </span>
     <span class='ocr_line' id='line_1_17' title="bbox 176 1658 1378 1736; baseline 0.003 -20"><span class='ocrx_word' id='word_1_177' title='bbox 176 1659 280 1718; x_wconf 87' lang='lat' dir='ltr'><strong>dentur</strong></span> <span class='ocrx_word' id='word_1_178' title='bbox 299 1658 403 1718; x_wconf 84' lang='lat' dir='ltr'><strong>inferre</strong></span> <span class='ocrx_word' id='word_1_179' title='bbox 418 1661 527 1736; x_wconf 86' lang='lat' dir='ltr'><strong>gratiae,</strong></span> <span class='ocrx_word' id='word_1_180' title='bbox 543 1662 565 1720; x_wconf 86' lang='lat' dir='ltr'>J</span> <span class='ocrx_word' id='word_1_181' title='bbox 567 1662 621 1719; x_wconf 82' lang='grc'><strong>6111.</strong></span> <span class='ocrx_word' id='word_1_182' title='bbox 636 1662 666 1719; x_wconf 91' lang='lat' dir='ltr'><strong>ii.</strong></span> <span class='ocrx_word' id='word_1_183' title='bbox 688 1662 733 1736; x_wconf 90' lang='grc'><strong>12,</strong></span> <span class='ocrx_word' id='word_1_184' title='bbox 752 1665 798 1736; x_wconf 93' lang='grc'><strong>14,</strong></span> <span class='ocrx_word' id='word_1_185' title='bbox 815 1661 1050 1720; x_wconf 71' lang='grc' dir='ltr'><strong>ιι(1661611161161</strong></span> <span class='ocrx_word' id='word_1_186' title='bbox 1065 1659 1102 1720; x_wconf 90' lang='lat' dir='ltr'><strong>ad</strong></span> <span class='ocrx_word' id='word_1_187' title='bbox 1116 1661 1202 1718; x_wconf 88' lang='grc'><strong>16616</strong></span> <span class='ocrx_word' id='word_1_188' title='bbox 1217 1669 1277 1720; x_wconf 91' lang='lat' dir='ltr'><strong>toto</strong></span> <span class='ocrx_word' id='word_1_189' title='bbox 1293 1661 1378 1720; x_wconf 91' lang='lat' dir='ltr'><strong>corde</strong></span> 
     </span>
     <span class='ocr_line' id='line_1_18' title="bbox 175 1740 1378 1818; baseline 0.002 -23"><span class='ocrx_word' id='word_1_190' title='bbox 175 1747 281 1814; x_wconf 86' lang='lat' dir='ltr'><strong>vestro,</strong></span> <span class='ocrx_word' id='word_1_191' title='bbox 303 1741 369 1816; x_wconf 90' lang='lat' dir='ltr'><strong>quis</strong></span> <span class='ocrx_word' id='word_1_192' title='bbox 384 1740 438 1799; x_wconf 83' lang='lat' dir='ltr'><strong>scit</strong></span> <span class='ocrx_word' id='word_1_193' title='bbox 453 1740 477 1798; x_wconf 90' lang='lat' dir='ltr'><strong>si</strong></span> <span class='ocrx_word' id='word_1_194' title='bbox 491 1749 676 1799; x_wconf 90' lang='lat' dir='ltr'><strong>convertatur</strong></span> <span class='ocrx_word' id='word_1_195' title='bbox 689 1750 718 1800; x_wconf 89' lang='grc'><strong>61</strong></span> <span class='ocrx_word' id='word_1_196' title='bbox 731 1741 862 1818; x_wconf 83' lang='lat' dir='ltr'><strong>ignoscat</strong></span> <span class='ocrx_word' id='word_1_197' title='bbox 882 1742 963 1800; x_wconf 87' lang='lat' dir='ltr'><strong>Deus</strong></span> <span class='ocrx_word' id='word_1_198' title='bbox 973 1742 1005 1799; x_wconf 83' lang='lat'><strong>?&#39;’</strong></span> <span class='ocrx_word' id='word_1_199' title='bbox 1022 1741 1096 1798; x_wconf 89' lang='lat' dir='ltr'><strong>Dan.</strong></span> <span class='ocrx_word' id='word_1_200' title='bbox 1112 1741 1151 1798; x_wconf 91' lang='grc'><strong>11.</strong></span> <span class='ocrx_word' id='word_1_201' title='bbox 1166 1745 1214 1816; x_wconf 82' lang='grc'><strong>27,</strong></span> <span class='ocrx_word' id='word_1_202' title='bbox 1239 1741 1378 1799; x_wconf 84' lang='lat' dir='ltr'><strong>“Forsan</strong></span> 
     </span>
     <span class='ocr_line' id='line_1_19' title="bbox 178 1817 1379 1896; baseline 0.003 -21"><span class='ocrx_word' id='word_1_203' title='bbox 178 1817 309 1895; x_wconf 83' lang='lat' dir='ltr'><strong>ignoscet</strong></span> <span class='ocrx_word' id='word_1_204' title='bbox 324 1821 405 1878; x_wconf 87' lang='lat' dir='ltr'><strong>Deus</strong></span> <span class='ocrx_word' id='word_1_205' title='bbox 426 1819 540 1878; x_wconf 88' lang='lat' dir='ltr'><strong>delictis</strong></span> <span class='ocrx_word' id='word_1_206' title='bbox 564 1821 622 1879; x_wconf 89' lang='lat' dir='ltr'><strong>tuis</strong></span> <span class='ocrx_word' id='word_1_207' title='bbox 634 1822 661 1896; x_wconf 90' lang='lat'><strong>;&#39;’</strong></span> <span class='ocrx_word' id='word_1_208' title='bbox 687 1821 755 1881; x_wconf 76' lang='grc' dir='ltr'><strong>Ι166.</strong></span> <span class='ocrx_word' id='word_1_209' title='bbox 772 1821 812 1880; x_wconf 89' lang='grc'><strong>111.</strong></span> <span class='ocrx_word' id='word_1_210' title='bbox 828 1823 856 1896; x_wconf 87' lang='lat'><strong>9,</strong></span> <span class='ocrx_word' id='word_1_211' title='bbox 887 1821 988 1895; x_wconf 78' lang='lat' dir='ltr'><strong>“Quis</strong></span> <span class='ocrx_word' id='word_1_212' title='bbox 1012 1822 1067 1880; x_wconf 91' lang='lat' dir='ltr'><strong>seit</strong></span> <span class='ocrx_word' id='word_1_213' title='bbox 1089 1821 1114 1880; x_wconf 88' lang='lat' dir='ltr'><strong>si</strong></span> <span class='ocrx_word' id='word_1_214' title='bbox 1138 1828 1323 1879; x_wconf 89' lang='lat' dir='ltr'><strong>convertatur</strong></span> <span class='ocrx_word' id='word_1_215' title='bbox 1350 1831 1379 1879; x_wconf 91' lang='lat' dir='ltr'><strong>et</strong></span> 
     </span>
     <span class='ocr_line' id='line_1_20' title="bbox 177 1899 1379 1976; baseline 0.002 -21"><span class='ocrx_word' id='word_1_216' title='bbox 177 1907 315 1975; x_wconf 83' lang='lat' dir='ltr'><strong>agnoscat</strong></span> <span class='ocrx_word' id='word_1_217' title='bbox 339 1901 462 1958; x_wconf 77' lang='lat' dir='ltr'><strong>Deus?&#39;&#39;</strong></span> <span class='ocrx_word' id='word_1_218' title='bbox 486 1899 553 1958; x_wconf 86' lang='lat' dir='ltr'><strong>Act.</strong></span> <span class='ocrx_word' id='word_1_219' title='bbox 579 1900 640 1960; x_wconf 91' lang='lat' dir='ltr'><strong>viii.</strong></span> <span class='ocrx_word' id='word_1_220' title='bbox 656 1905 703 1975; x_wconf 90' lang='grc'><strong>22,</strong></span> <span class='ocrx_word' id='word_1_221' title='bbox 728 1901 961 1959; x_wconf 73' lang='lat' dir='ltr'><strong>“Paenitentiam</strong></span> <span class='ocrx_word' id='word_1_222' title='bbox 983 1921 1037 1976; x_wconf 86' lang='lat' dir='ltr'><strong>age</strong></span> <span class='ocrx_word' id='word_1_223' title='bbox 1052 1900 1088 1958; x_wconf 91' lang='lat' dir='ltr'><strong>ab</strong></span> <span class='ocrx_word' id='word_1_224' title='bbox 1112 1900 1166 1958; x_wconf 89' lang='lat' dir='ltr'><strong>lrac</strong></span> <span class='ocrx_word' id='word_1_225' title='bbox 1190 1900 1327 1976; x_wconf 90' lang='lat' dir='ltr'><strong>nequitia,</strong></span> <span class='ocrx_word' id='word_1_226' title='bbox 1350 1909 1379 1958; x_wconf 93' lang='lat' dir='ltr'><strong>et</strong></span> 
     </span>
     <span class='ocr_line' id='line_1_21' title="bbox 176 1978 1378 2056; baseline 0.002 -20"><span class='ocrx_word' id='word_1_227' title='bbox 176 1997 247 2055; x_wconf 86' lang='lat' dir='ltr'><strong>roga</strong></span> <span class='ocrx_word' id='word_1_228' title='bbox 262 1979 365 2056; x_wconf 90' lang='lat' dir='ltr'><strong>Deam,</strong></span> <span class='ocrx_word' id='word_1_229' title='bbox 387 1980 411 2038; x_wconf 91' lang='lat' dir='ltr'><strong>si</strong></span> <span class='ocrx_word' id='word_1_230' title='bbox 422 1979 494 2039; x_wconf 88' lang='lat' dir='ltr'><strong>forte</strong></span> <span class='ocrx_word' id='word_1_231' title='bbox 514 1979 565 2038; x_wconf 93' lang='lat' dir='ltr'><strong>tibi</strong></span> <span class='ocrx_word' id='word_1_232' title='bbox 580 1981 746 2040; x_wconf 85' lang='lat' dir='ltr'><strong>remittat:&#39;&#39;</strong></span> <span class='ocrx_word' id='word_1_233' title='bbox 762 1980 820 2039; x_wconf 91' lang='lat' dir='ltr'><strong>Vel</strong></span> <span class='ocrx_word' id='word_1_234' title='bbox 834 2000 892 2039; x_wconf 91' lang='lat' dir='ltr'><strong>non</strong></span> <span class='ocrx_word' id='word_1_235' title='bbox 914 1989 1005 2056; x_wconf 86' lang='lat' dir='ltr'><strong>agunt</strong></span> <span class='ocrx_word' id='word_1_236' title='bbox 1019 1979 1131 2056; x_wconf 91' lang='lat' dir='ltr'><strong>proprie</strong></span> <span class='ocrx_word' id='word_1_237' title='bbox 1146 1978 1182 2038; x_wconf 89' lang='lat' dir='ltr'><strong>de</strong></span> <span class='ocrx_word' id='word_1_238' title='bbox 1203 1979 1314 2056; x_wconf 89' lang='lat' dir='ltr'><strong>peccati</strong></span> <span class='ocrx_word' id='word_1_239' title='bbox 1334 2000 1378 2038; x_wconf 91' lang='lat' dir='ltr'><strong>re·</strong></span> 
     </span>
     <span class='ocr_line' id='line_1_22' title="bbox 176 2057 1420 2138; baseline 0.002 -23"><span class='ocrx_word' id='word_1_240' title='bbox 176 2057 312 2118; x_wconf 89' lang='lat' dir='ltr'><strong>missione</strong></span> <span class='ocrx_word' id='word_1_241' title='bbox 327 2059 423 2136; x_wconf 92' lang='lat' dir='ltr'><strong>quoad</strong></span> <span class='ocrx_word' id='word_1_242' title='bbox 432 2079 547 2136; x_wconf 90' lang='lat' dir='ltr'><strong>poenam</strong></span> <span class='ocrx_word' id='word_1_243' title='bbox 562 2067 706 2134; x_wconf 81' lang='lat' dir='ltr'><strong>aeternam,</strong></span> <span class='ocrx_word' id='word_1_244' title='bbox 723 2059 774 2118; x_wconf 91' lang='grc'><strong>661</strong></span> <span class='ocrx_word' id='word_1_245' title='bbox 788 2059 825 2117; x_wconf 86' lang='grc'><strong>16</strong></span> <span class='ocrx_word' id='word_1_246' title='bbox 838 2080 931 2138; x_wconf 81' lang='lat' dir='ltr'><strong>poenae</strong></span> <span class='ocrx_word' id='word_1_247' title='bbox 946 2059 1111 2136; x_wconf 89' lang='lat' dir='ltr'><strong>temporalis</strong></span> <span class='ocrx_word' id='word_1_248' title='bbox 1124 2059 1253 2136; x_wconf 90' lang='lat' dir='ltr'><strong>plenaria</strong></span> <span class='ocrx_word' id='word_1_249' title='bbox 1267 2058 1378 2118; x_wconf 89' lang='lat' dir='ltr'><strong>relaxa·</strong></span> <span class='ocrx_word' id='word_1_250' title='bbox 1418 2085 1420 2090; x_wconf 66' lang='grc'>’</span> 
     </span>
     <span class='ocr_line' id='line_1_23' title="bbox 176 2137 1379 2217; baseline 0.002 -21"><span class='ocrx_word' id='word_1_251' title='bbox 176 2137 262 2212; x_wconf 89' lang='lat' dir='ltr'><strong>tione,</strong></span> <span class='ocrx_word' id='word_1_252' title='bbox 279 2158 343 2215; x_wconf 87' lang='lat' dir='ltr'><strong>quae</strong></span> <span class='ocrx_word' id='word_1_253' title='bbox 364 2159 421 2197; x_wconf 90' lang='lat' dir='ltr'><strong>non</strong></span> <span class='ocrx_word' id='word_1_254' title='bbox 444 2158 557 2216; x_wconf 92' lang='lat' dir='ltr'><strong>semper</strong></span> <span class='ocrx_word' id='word_1_255' title='bbox 579 2140 745 2198; x_wconf 87' lang='lat' dir='ltr'><strong>conceditur</strong></span> <span class='ocrx_word' id='word_1_256' title='bbox 767 2140 853 2199; x_wconf 89' lang='lat' dir='ltr'><strong>etiam</strong></span> <span class='ocrx_word' id='word_1_257' title='bbox 875 2139 1128 2217; x_wconf 86' lang='lat' dir='ltr'><strong>resipiscentibus;</strong></span> <span class='ocrx_word' id='word_1_258' title='bbox 1151 2139 1209 2196; x_wconf 90' lang='lat' dir='ltr'><strong>Vel</strong></span> <span class='ocrx_word' id='word_1_259' title='bbox 1230 2159 1289 2197; x_wconf 93' lang='lat' dir='ltr'><strong>non</strong></span> <span class='ocrx_word' id='word_1_260' title='bbox 1312 2147 1379 2198; x_wconf 88' lang='lat' dir='ltr'><strong>sunt</strong></span> 
     </span>
     <span class='ocr_line' id='line_1_24' title="bbox 177 2218 1402 2296; baseline 0.001 -21"><span class='ocrx_word' id='word_1_261' title='bbox 177 2235 290 2294; x_wconf 86' lang='lat' dir='ltr'><strong>semper</strong></span> <span class='ocrx_word' id='word_1_262' title='bbox 303 2227 378 2278; x_wconf 88' lang='lat' dir='ltr'><strong>notae</strong></span> <span class='ocrx_word' id='word_1_263' title='bbox 388 2219 591 2295; x_wconf 78' lang='lat' dir='ltr'><strong>dubitantium,</strong></span> <span class='ocrx_word' id='word_1_264' title='bbox 604 2219 656 2277; x_wconf 91' lang='grc'><strong>661</strong></span> <span class='ocrx_word' id='word_1_265' title='bbox 667 2219 762 2296; x_wconf 89' lang='lat' dir='ltr'><strong>potius</strong></span> <span class='ocrx_word' id='word_1_266' title='bbox 771 2219 812 2277; x_wconf 91' lang='lat' dir='ltr'><strong>rei</strong></span> <span class='ocrx_word' id='word_1_267' title='bbox 823 2218 1020 2278; x_wconf 88' lang='lat' dir='ltr'><strong>difficultatem</strong></span> <span class='ocrx_word' id='word_1_268' title='bbox 1031 2219 1252 2295; x_wconf 81' lang='lat' dir='ltr'><strong>exprimentium</strong></span> <span class='ocrx_word' id='word_1_269' title='bbox 1264 2227 1380 2295; x_wconf 89' lang='lat' dir='ltr'><strong>propter</strong></span> <span class='ocrx_word' id='word_1_270' title='bbox 1395 2247 1402 2267; x_wconf 71' lang='lat' dir='ltr'><strong>v</strong></span> 
     </span>
     <span class='ocr_line' id='line_1_25' title="bbox 176 2297 1380 2376; baseline 0.002 -21"><span class='ocrx_word' id='word_1_271' title='bbox 176 2307 358 2374; x_wconf 89' lang='lat' dir='ltr'><strong>peccatorum</strong></span> <span class='ocrx_word' id='word_1_272' title='bbox 370 2299 549 2374; x_wconf 88' lang='lat' dir='ltr'><strong>gravitatem,</strong></span> <span class='ocrx_word' id='word_1_273' title='bbox 560 2307 589 2358; x_wconf 93' lang='lat' dir='ltr'><strong>et</strong></span> <span class='ocrx_word' id='word_1_274' title='bbox 603 2298 730 2358; x_wconf 89' lang='lat' dir='ltr'><strong>studium</strong></span> <span class='ocrx_word' id='word_1_275' title='bbox 740 2298 869 2356; x_wconf 87' lang='lat' dir='ltr'><strong>fidelium</strong></span> <span class='ocrx_word' id='word_1_276' title='bbox 883 2298 921 2357; x_wconf 90' lang='lat' dir='ltr'><strong>ad</strong></span> <span class='ocrx_word' id='word_1_277' title='bbox 935 2298 1057 2376; x_wconf 90' lang='lat' dir='ltr'><strong>gratiam</strong></span> <span class='ocrx_word' id='word_1_278' title='bbox 1072 2306 1152 2356; x_wconf 89' lang='lat' dir='ltr'><strong>tanto</strong></span> <span class='ocrx_word' id='word_1_279' title='bbox 1163 2299 1265 2375; x_wconf 87' lang='lat' dir='ltr'><strong>majori</strong></span> <span class='ocrx_word' id='word_1_280' title='bbox 1279 2297 1380 2357; x_wconf 89' lang='lat' dir='ltr'><strong>ardore</strong></span> 
     </span>
     <span class='ocr_line' id='line_1_26' title="bbox 177 2377 1379 2455; baseline 0 -19"><span class='ocrx_word' id='word_1_281' title='bbox 177 2377 368 2452; x_wconf 86' lang='lat' dir='ltr'><strong>expetendam</strong></span> <span class='ocrx_word' id='word_1_282' title='bbox 377 2378 572 2455; x_wconf 84' lang='lat' dir='ltr'><strong>excitantium,</strong></span> <span class='ocrx_word' id='word_1_283' title='bbox 585 2387 615 2438; x_wconf 87' lang='lat' dir='ltr'><strong>et</strong></span> <span class='ocrx_word' id='word_1_284' title='bbox 625 2378 1000 2438; x_wconf 86' lang='lat' dir='ltr'><strong>animantiumadfidueiam</strong></span> <span class='ocrx_word' id='word_1_285' title='bbox 1007 2385 1133 2455; x_wconf 89' lang='lat' dir='ltr'><strong>optatam</strong></span> <span class='ocrx_word' id='word_1_286' title='bbox 1139 2377 1379 2454; x_wconf 89' lang='lat' dir='ltr'><strong>consequendam.</strong></span> 
     </span>
     <span class='ocr_line' id='line_1_27' title="bbox 178 2455 1378 2535; baseline 0.002 -21"><span class='ocrx_word' id='word_1_287' title='bbox 178 2455 346 2532; x_wconf 84' lang='lat' dir='ltr'><strong>Cujaemodi</strong></span> <span class='ocrx_word' id='word_1_288' title='bbox 374 2459 505 2534; x_wconf 90' lang='lat' dir='ltr'><strong>exempla</strong></span> <span class='ocrx_word' id='word_1_289' title='bbox 529 2466 683 2518; x_wconf 89' lang='lat' dir='ltr'><strong>occurrunt</strong></span> <span class='ocrx_word' id='word_1_290' title='bbox 707 2458 820 2535; x_wconf 75' lang='lat' dir='ltr'><strong>sapius,</strong></span> <span class='ocrx_word' id='word_1_291' title='bbox 843 2459 953 2534; x_wconf 86' lang='lat' dir='ltr'><strong>2Reg.</strong></span> <span class='ocrx_word' id='word_1_292' title='bbox 967 2458 1029 2515; x_wconf 90' lang='lat' dir='ltr'><strong>xix.</strong></span> <span class='ocrx_word' id='word_1_293' title='bbox 1045 2461 1072 2532; x_wconf 89' lang='grc'><strong>4,</strong></span> <span class='ocrx_word' id='word_1_294' title='bbox 1103 2457 1190 2515; x_wconf 88' lang='grc' dir='ltr'><strong>Ρ161.</strong></span> <span class='ocrx_word' id='word_1_295' title='bbox 1219 2457 1301 2515; x_wconf 85' lang='lat' dir='ltr'><strong>xxiv.</strong></span> <span class='ocrx_word' id='word_1_296' title='bbox 1332 2459 1378 2532; x_wconf 91' lang='lat'><strong>18,</strong></span> 
     </span>
     <span class='ocr_line' id='line_1_28' title="bbox 178 2536 1381 2613; baseline 0 -19"><span class='ocrx_word' id='word_1_297' title='bbox 178 2536 290 2594; x_wconf 86' lang='lat' dir='ltr'><strong>Eccles.</strong></span> <span class='ocrx_word' id='word_1_298' title='bbox 306 2557 334 2594; x_wconf 95' lang='lat' dir='ltr'><strong>v.</strong></span> <span class='ocrx_word' id='word_1_299' title='bbox 350 2539 377 2611; x_wconf 84' lang='lat'><strong>5,</strong></span> <span class='ocrx_word' id='word_1_300' title='bbox 403 2538 472 2596; x_wconf 86' lang='lat' dir='ltr'><strong>Joh.</strong></span> <span class='ocrx_word' id='word_1_301' title='bbox 487 2558 516 2595; x_wconf 91' lang='lat' dir='ltr'><strong>v.</strong></span> <span class='ocrx_word' id='word_1_302' title='bbox 531 2541 579 2612; x_wconf 89' lang='grc'><strong>46,</strong></span> <span class='ocrx_word' id='word_1_303' title='bbox 595 2546 624 2596; x_wconf 88' lang='grc'><strong>61</strong></span> <span class='ocrx_word' id='word_1_304' title='bbox 638 2537 698 2595; x_wconf 81' lang='lat' dir='ltr'><strong>viii.</strong></span> <span class='ocrx_word' id='word_1_305' title='bbox 715 2539 761 2612; x_wconf 88' lang='grc'><strong>19,</strong></span> <span class='ocrx_word' id='word_1_306' title='bbox 778 2539 863 2596; x_wconf 90' lang='lat' dir='ltr'><strong>Rom.</strong></span> <span class='ocrx_word' id='word_1_307' title='bbox 878 2538 919 2596; x_wconf 89' lang='lat' dir='ltr'><strong>xi.</strong></span> <span class='ocrx_word' id='word_1_308' title='bbox 941 2541 988 2613; x_wconf 90' lang='grc'><strong>21,</strong></span> <span class='ocrx_word' id='word_1_309' title='bbox 1012 2536 1107 2595; x_wconf 86' lang='lat' dir='ltr'><strong>Exod.</strong></span> <span class='ocrx_word' id='word_1_310' title='bbox 1123 2536 1217 2595; x_wconf 89' lang='lat' dir='ltr'><strong>xxxii.</strong></span> <span class='ocrx_word' id='word_1_311' title='bbox 1233 2540 1290 2611; x_wconf 81' lang='lat'><strong>303</strong></span> <span class='ocrx_word' id='word_1_312' title='bbox 1323 2537 1381 2595; x_wconf 92' lang='lat' dir='ltr'><strong>Vel</strong></span> 
     </span>
     <span class='ocr_line' id='line_1_29' title="bbox 176 2615 1381 2695; baseline -0.003 -19"><span class='ocrx_word' id='word_1_313' title='bbox 176 2616 370 2676; x_wconf 87' lang='lat' dir='ltr'><strong>conditionem</strong></span> <span class='ocrx_word' id='word_1_314' title='bbox 391 2618 445 2676; x_wconf 88' lang='lat' dir='ltr'><strong>sub</strong></span> <span class='ocrx_word' id='word_1_315' title='bbox 459 2637 517 2695; x_wconf 91' lang='lat' dir='ltr'><strong>qua</strong></span> <span class='ocrx_word' id='word_1_316' title='bbox 535 2617 664 2676; x_wconf 86' lang='lat' dir='ltr'><strong>remissio</strong></span> <span class='ocrx_word' id='word_1_317' title='bbox 683 2617 859 2694; x_wconf 89' lang='lat' dir='ltr'><strong>promittitur</strong></span> <span class='ocrx_word' id='word_1_318' title='bbox 873 2617 1046 2694; x_wconf 78' lang='lat' dir='ltr'><strong>exprimunt,</strong></span> <span class='ocrx_word' id='word_1_319' title='bbox 1059 2623 1091 2674; x_wconf 92' lang='lat' dir='ltr'><strong>ut</strong></span> <span class='ocrx_word' id='word_1_320' title='bbox 1109 2615 1176 2673; x_wconf 87' lang='lat' dir='ltr'><strong>Act.</strong></span> <span class='ocrx_word' id='word_1_321' title='bbox 1192 2616 1252 2673; x_wconf 91' lang='lat' dir='ltr'><strong>viii.</strong></span> <span class='ocrx_word' id='word_1_322' title='bbox 1268 2619 1315 2688; x_wconf 88' lang='lat'><strong>22,</strong></span> <span class='ocrx_word' id='word_1_323' title='bbox 1332 2615 1381 2674; x_wconf 91' lang='lat' dir='ltr'><strong>ubi</strong></span> 
     </span>
     <span class='ocr_line' id='line_1_30' title="bbox 176 2693 1379 2774; baseline -0.001 -21"><span class='ocrx_word' id='word_1_324' title='bbox 176 2705 392 2768; x_wconf 57' lang='lat' dir='ltr'><strong>tragacantham</strong></span> <span class='ocrx_word' id='word_1_325' title='bbox 406 2697 482 2755; x_wconf 89' lang='lat' dir='ltr'><strong>idem</strong></span> <span class='ocrx_word' id='word_1_326' title='bbox 497 2705 549 2773; x_wconf 86' lang='lat' dir='ltr'><strong>est,</strong></span> <span class='ocrx_word' id='word_1_327' title='bbox 565 2697 643 2774; x_wconf 91' lang='lat' dir='ltr'><strong>quod</strong></span> <span class='ocrx_word' id='word_1_328' title='bbox 659 2706 702 2764; x_wconf 69' lang='lat' dir='ltr'><strong>tra,</strong></span> <span class='ocrx_word' id='word_1_329' title='bbox 715 2697 764 2756; x_wconf 91' lang='lat' dir='ltr'><strong>vel</strong></span> <span class='ocrx_word' id='word_1_330' title='bbox 778 2705 836 2758; x_wconf 65' lang='grc' dir='ltr'><strong>1ης</strong></span> <span class='ocrx_word' id='word_1_331' title='bbox 849 2703 874 2755; x_wconf 82' lang='lat' dir='ltr'><strong>n</strong></span> <span class='ocrx_word' id='word_1_332' title='bbox 894 2707 925 2754; x_wconf 82' lang='lat' dir='ltr'><strong>ut</strong></span> <span class='ocrx_word' id='word_1_333' title='bbox 947 2697 1107 2754; x_wconf 82' lang='lat' dir='ltr'><strong>rcruittatar</strong></span> <span class='ocrx_word' id='word_1_334' title='bbox 1120 2695 1175 2768; x_wconf 81' lang='lat' dir='ltr'><strong>titi,</strong></span> <span class='ocrx_word' id='word_1_335' title='bbox 1201 2702 1233 2752; x_wconf 91' lang='lat' dir='ltr'><strong>at</strong></span> <span class='ocrx_word' id='word_1_336' title='bbox 1248 2693 1324 2754; x_wconf 91' lang='lat' dir='ltr'><strong>Phil.</strong></span> <span class='ocrx_word' id='word_1_337' title='bbox 1339 2695 1379 2752; x_wconf 89' lang='lat' dir='ltr'><strong>iii.</strong></span> 
     </span>
     <span class='ocr_line' id='line_1_31' title="bbox 179 2772 1379 2853; baseline -0.002 -19"><span class='ocrx_word' id='word_1_338' title='bbox 179 2779 225 2851; x_wconf 90' lang='grc'><strong>10,</strong></span> <span class='ocrx_word' id='word_1_339' title='bbox 238 2779 283 2852; x_wconf 91' lang='grc'><strong>11,</strong></span> <span class='ocrx_word' id='word_1_340' title='bbox 300 2785 366 2836; x_wconf 59' lang='lat' dir='ltr'><strong>atsur</strong></span> <span class='ocrx_word' id='word_1_341' title='bbox 379 2785 516 2834; x_wconf 63' lang='grc'><strong>66666166</strong></span> <span class='ocrx_word' id='word_1_342' title='bbox 526 2777 553 2834; x_wconf 83' lang='lat' dir='ltr'><strong>ai</strong></span> <span class='ocrx_word' id='word_1_343' title='bbox 556 2780 636 2850; x_wconf 86' lang='lat' dir='ltr'><strong>forte</strong></span> <span class='ocrx_word' id='word_1_344' title='bbox 641 2777 806 2853; x_wconf 79' lang='lat' dir='ltr'><strong>perveniam</strong></span> <span class='ocrx_word' id='word_1_345' title='bbox 814 2779 856 2835; x_wconf 81' lang='grc'><strong>61</strong></span> <span class='ocrx_word' id='word_1_346' title='bbox 864 2776 1101 2850; x_wconf 81' lang='lat' dir='ltr'><strong>resurrectionem,</strong></span> <span class='ocrx_word' id='word_1_347' title='bbox 1112 2772 1151 2830; x_wconf 90' lang='lat' dir='ltr'><strong>id.</strong></span> <span class='ocrx_word' id='word_1_348' title='bbox 1162 2781 1194 2832; x_wconf 92' lang='lat' dir='ltr'><strong>ut</strong></span> <span class='ocrx_word' id='word_1_349' title='bbox 1204 2773 1379 2852; x_wconf 89' lang='lat' dir='ltr'><strong>perveniam,</strong></span> 
     </span>
     <span class='ocr_line' id='line_1_32' title="bbox 175 2856 1000 2933; baseline -0.002 -18"><span class='ocrx_word' id='word_1_350' title='bbox 175 2875 234 2932; x_wconf 90' lang='lat' dir='ltr'><strong>quo</strong></span> <span class='ocrx_word' id='word_1_351' title='bbox 250 2876 336 2914; x_wconf 88' lang='lat' dir='ltr'><strong>sensa</strong></span> <span class='ocrx_word' id='word_1_352' title='bbox 355 2875 432 2933; x_wconf 84' lang='lat' dir='ltr'><strong>saepe</strong></span> <span class='ocrx_word' id='word_1_353' title='bbox 447 2857 521 2914; x_wconf 84' lang='lat' dir='ltr'><strong>sumi</strong></span> <span class='ocrx_word' id='word_1_354' title='bbox 533 2857 668 2915; x_wconf 88' lang='lat' dir='ltr'><strong>observat</strong></span> <span class='ocrx_word' id='word_1_355' title='bbox 687 2856 820 2916; x_wconf 87' lang='lat' dir='ltr'><strong>Eustath.</strong></span> <span class='ocrx_word' id='word_1_356' title='bbox 835 2856 865 2913; x_wconf 92' lang='lat' dir='ltr'><strong>in</strong></span> <span class='ocrx_word' id='word_1_357' title='bbox 881 2857 1000 2914; x_wconf 90' lang='lat' dir='ltr'><strong>Homer.</strong></span> 
     </span>
    </p>

    <p class='ocr_par' dir='ltr' id='par_1_4' title="bbox 177 2931 1382 3572">
     <span class='ocr_line' id='line_1_33' title="bbox 217 2931 1382 3013; baseline -0.002 -20"><span class='ocrx_word' id='word_1_358' title='bbox 217 2935 360 2994; x_wconf 89' lang='lat' dir='ltr'>XXVII.</span> <span class='ocrx_word' id='word_1_359' title='bbox 382 2935 473 2995; x_wconf 85' lang='lat' dir='ltr'><strong>Aliud</strong></span> <span class='ocrx_word' id='word_1_360' title='bbox 488 2943 533 2994; x_wconf 89' lang='lat' dir='ltr'><strong>est</strong></span> <span class='ocrx_word' id='word_1_361' title='bbox 546 2936 626 3013; x_wconf 92' lang='lat' dir='ltr'><strong>loqui</strong></span> <span class='ocrx_word' id='word_1_362' title='bbox 637 2935 673 2995; x_wconf 90' lang='grc'><strong>16</strong></span> <span class='ocrx_word' id='word_1_363' title='bbox 692 2935 863 2996; x_wconf 88' lang='lat' dir='ltr'><strong>certitudine</strong></span> <span class='ocrx_word' id='word_1_364' title='bbox 877 2935 1022 3012; x_wconf 88' lang='lat' dir='ltr'><strong>objectiva</strong></span> <span class='ocrx_word' id='word_1_365' title='bbox 1034 2932 1104 2992; x_wconf 85' lang='lat' dir='ltr'><strong>fidei</strong></span> <span class='ocrx_word' id='word_1_366' title='bbox 1121 2952 1186 3009; x_wconf 88' lang='lat' dir='ltr'><strong>quae</strong></span> <span class='ocrx_word' id='word_1_367' title='bbox 1201 2931 1334 3009; x_wconf 91' lang='lat' dir='ltr'><strong>creditur,</strong></span> <span class='ocrx_word' id='word_1_368' title='bbox 1351 2932 1382 2991; x_wconf 93' lang='lat' dir='ltr'><strong>id</strong></span> 
     </span>
     <span class='ocr_line' id='line_1_34' title="bbox 177 3010 1382 3090; baseline -0.002 -16"><span class='ocrx_word' id='word_1_369' title='bbox 177 3023 230 3090; x_wconf 90' lang='lat' dir='ltr'><strong>est,</strong></span> <span class='ocrx_word' id='word_1_370' title='bbox 254 3014 392 3075; x_wconf 86' lang='lat' dir='ltr'><strong>doctrinae</strong></span> <span class='ocrx_word' id='word_1_371' title='bbox 407 3015 507 3075; x_wconf 91' lang='lat' dir='ltr'><strong>Verbo</strong></span> <span class='ocrx_word' id='word_1_372' title='bbox 531 3015 664 3075; x_wconf 87' lang='lat' dir='ltr'><strong>traditae:</strong></span> <span class='ocrx_word' id='word_1_373' title='bbox 687 3015 778 3074; x_wconf 81' lang='lat' dir='ltr'><strong>Aliud</strong></span> <span class='ocrx_word' id='word_1_374' title='bbox 793 3015 829 3074; x_wconf 89' lang='lat' dir='ltr'><strong>de</strong></span> <span class='ocrx_word' id='word_1_375' title='bbox 854 3014 1024 3074; x_wconf 89' lang='lat' dir='ltr'><strong>certitudine</strong></span> <span class='ocrx_word' id='word_1_376' title='bbox 1046 3012 1208 3090; x_wconf 87' lang='lat' dir='ltr'><strong>subjectiva</strong></span> <span class='ocrx_word' id='word_1_377' title='bbox 1231 3010 1299 3069; x_wconf 89' lang='lat' dir='ltr'><strong>fidei</strong></span> <span class='ocrx_word' id='word_1_378' title='bbox 1323 3033 1382 3090; x_wconf 90' lang='lat' dir='ltr'><strong>qua</strong></span> 
     </span>
     <span class='ocr_line' id='line_1_35' title="bbox 177 3091 1380 3172; baseline -0.002 -18"><span class='ocrx_word' id='word_1_379' title='bbox 177 3096 311 3170; x_wconf 89' lang='lat' dir='ltr'><strong>creditur,</strong></span> <span class='ocrx_word' id='word_1_380' title='bbox 334 3095 365 3154; x_wconf 91' lang='lat' dir='ltr'><strong>id</strong></span> <span class='ocrx_word' id='word_1_381' title='bbox 380 3105 432 3172; x_wconf 83' lang='lat' dir='ltr'><strong>est,</strong></span> <span class='ocrx_word' id='word_1_382' title='bbox 447 3095 565 3154; x_wconf 91' lang='lat' dir='ltr'><strong>habitus</strong></span> <span class='ocrx_word' id='word_1_383' title='bbox 579 3096 630 3172; x_wconf 90' lang='lat' dir='ltr'><strong>qui</strong></span> <span class='ocrx_word' id='word_1_384' title='bbox 643 3104 688 3155; x_wconf 90' lang='lat' dir='ltr'><strong>est</strong></span> <span class='ocrx_word' id='word_1_385' title='bbox 698 3095 728 3153; x_wconf 92' lang='lat' dir='ltr'><strong>in</strong></span> <span class='ocrx_word' id='word_1_386' title='bbox 742 3095 885 3154; x_wconf 87' lang='lat' dir='ltr'><strong>fidelibus.</strong></span> <span class='ocrx_word' id='word_1_387' title='bbox 928 3093 985 3152; x_wconf 90' lang='lat' dir='ltr'><strong>Illa</strong></span> <span class='ocrx_word' id='word_1_388' title='bbox 998 3091 1085 3152; x_wconf 91' lang='lat' dir='ltr'><strong>debet</strong></span> <span class='ocrx_word' id='word_1_389' title='bbox 1098 3091 1263 3150; x_wconf 88' lang='lat' dir='ltr'><strong>immediate</strong></span> <span class='ocrx_word' id='word_1_390' title='bbox 1285 3100 1314 3151; x_wconf 86' lang='lat' dir='ltr'><strong>et</strong></span> <span class='ocrx_word' id='word_1_391' title='bbox 1329 3112 1380 3151; x_wconf 88' lang='lat' dir='ltr'><strong>ex-</strong></span> 
     </span>
     <span class='ocr_line' id='line_1_36' title="bbox 177 3171 1381 3253; baseline -0.003 -19"><span class='ocrx_word' id='word_1_392' title='bbox 177 3195 275 3253; x_wconf 86' lang='lat' dir='ltr'><strong>presse</strong></span> <span class='ocrx_word' id='word_1_393' title='bbox 299 3176 330 3234; x_wconf 92' lang='lat' dir='ltr'><strong>in</strong></span> <span class='ocrx_word' id='word_1_394' title='bbox 353 3176 502 3253; x_wconf 80' lang='lat' dir='ltr'><strong>Scriptura</strong></span> <span class='ocrx_word' id='word_1_395' title='bbox 521 3183 629 3250; x_wconf 85' lang='lat' dir='ltr'><strong>extare,</strong></span> <span class='ocrx_word' id='word_1_396' title='bbox 645 3184 674 3234; x_wconf 90' lang='lat' dir='ltr'><strong>et</strong></span> <span class='ocrx_word' id='word_1_397' title='bbox 698 3195 736 3234; x_wconf 89' lang='lat' dir='ltr'><strong>ex</strong></span> <span class='ocrx_word' id='word_1_398' title='bbox 757 3195 791 3234; x_wconf 89' lang='grc'><strong>66</strong></span> <span class='ocrx_word' id='word_1_399' title='bbox 805 3174 889 3250; x_wconf 86' lang='lat' dir='ltr'><strong>elici;</strong></span> <span class='ocrx_word' id='word_1_400' title='bbox 914 3172 973 3232; x_wconf 92' lang='lat' dir='ltr'><strong>Sed</strong></span> <span class='ocrx_word' id='word_1_401' title='bbox 996 3173 1052 3231; x_wconf 88' lang='grc'><strong>1616</strong></span> <span class='ocrx_word' id='word_1_402' title='bbox 1072 3192 1130 3230; x_wconf 90' lang='grc'><strong>666</strong></span> <span class='ocrx_word' id='word_1_403' title='bbox 1145 3171 1232 3230; x_wconf 89' lang='lat' dir='ltr'><strong>debet</strong></span> <span class='ocrx_word' id='word_1_404' title='bbox 1259 3190 1322 3230; x_wconf 89' lang='grc'><strong>6666</strong></span> <span class='ocrx_word' id='word_1_405' title='bbox 1350 3172 1381 3230; x_wconf 89' lang='grc'><strong>16</strong></span> 
     </span>
     <span class='ocr_line' id='line_1_37' title="bbox 179 3249 1382 3332; baseline -0.005 -18"><span class='ocrx_word' id='word_1_406' title='bbox 179 3255 334 3332; x_wconf 89' lang='lat' dir='ltr'><strong>Scriptura,</strong></span> <span class='ocrx_word' id='word_1_407' title='bbox 349 3255 401 3314; x_wconf 90' lang='grc'><strong>661</strong></span> <span class='ocrx_word' id='word_1_408' title='bbox 425 3257 456 3314; x_wconf 88' lang='grc'><strong>16</strong></span> <span class='ocrx_word' id='word_1_409' title='bbox 469 3255 556 3315; x_wconf 88' lang='grc'><strong>66116</strong></span> <span class='ocrx_word' id='word_1_410' title='bbox 577 3255 672 3314; x_wconf 89' lang='lat' dir='ltr'><strong>fidelis</strong></span> <span class='ocrx_word' id='word_1_411' title='bbox 686 3274 724 3313; x_wconf 85' lang='lat' dir='ltr'><strong>ex</strong></span> <span class='ocrx_word' id='word_1_412' title='bbox 748 3255 903 3331; x_wconf 85' lang='lat' dir='ltr'><strong>Scriptura,</strong></span> <span class='ocrx_word' id='word_1_413' title='bbox 919 3261 948 3312; x_wconf 94' lang='lat' dir='ltr'><strong>et</strong></span> <span class='ocrx_word' id='word_1_414' title='bbox 972 3252 1129 3312; x_wconf 89' lang='lat' dir='ltr'><strong>secundum</strong></span> <span class='ocrx_word' id='word_1_415' title='bbox 1144 3271 1206 3310; x_wconf 87' lang='lat' dir='ltr'><strong>eam</strong></span> <span class='ocrx_word' id='word_1_416' title='bbox 1221 3249 1313 3327; x_wconf 85' lang='lat' dir='ltr'><strong>digito</strong></span> <span class='ocrx_word' id='word_1_417' title='bbox 1326 3251 1382 3310; x_wconf 88' lang='lat' dir='ltr'><strong>Dei</strong></span> 
     </span>
     <span class='ocr_line' id='line_1_38' title="bbox 178 3330 1381 3413; baseline -0.002 -21"><span class='ocrx_word' id='word_1_418' title='bbox 178 3335 298 3408; x_wconf 87' lang='lat' dir='ltr'><strong>exarari,</strong></span> <span class='ocrx_word' id='word_1_419' title='bbox 323 3336 392 3413; x_wconf 89' lang='lat' dir='ltr'><strong>quia</strong></span> <span class='ocrx_word' id='word_1_420' title='bbox 416 3331 507 3394; x_wconf 89' lang='lat' dir='ltr'><strong>oritur</strong></span> <span class='ocrx_word' id='word_1_421' title='bbox 534 3355 572 3394; x_wconf 88' lang='lat' dir='ltr'><strong>ex</strong></span> <span class='ocrx_word' id='word_1_422' title='bbox 592 3335 705 3394; x_wconf 89' lang='lat' dir='ltr'><strong>visione</strong></span> <span class='ocrx_word' id='word_1_423' title='bbox 729 3334 832 3410; x_wconf 90' lang='lat' dir='ltr'><strong>cordis,</strong></span> <span class='ocrx_word' id='word_1_424' title='bbox 856 3353 908 3392; x_wconf 86' lang='lat' dir='ltr'><strong>seu</strong></span> <span class='ocrx_word' id='word_1_425' title='bbox 932 3352 1018 3391; x_wconf 84' lang='lat' dir='ltr'><strong>sensu</strong></span> <span class='ocrx_word' id='word_1_426' title='bbox 1032 3339 1062 3390; x_wconf 91' lang='grc'><strong>61</strong></span> <span class='ocrx_word' id='word_1_427' title='bbox 1086 3330 1263 3408; x_wconf 90' lang='lat' dir='ltr'><strong>experientia</strong></span> <span class='ocrx_word' id='word_1_428' title='bbox 1277 3330 1381 3390; x_wconf 86' lang='lat' dir='ltr'><strong>fidelis.</strong></span> 
     </span>
     <span class='ocr_line' id='line_1_39' title="bbox 178 3411 1382 3490; baseline -0.005 -16"><span class='ocrx_word' id='word_1_429' title='bbox 178 3415 240 3474; x_wconf 89' lang='lat' dir='ltr'><strong>Nec</strong></span> <span class='ocrx_word' id='word_1_430' title='bbox 254 3415 349 3474; x_wconf 90' lang='lat' dir='ltr'><strong>minus</strong></span> <span class='ocrx_word' id='word_1_431' title='bbox 363 3423 459 3474; x_wconf 90' lang='lat' dir='ltr'><strong>tamen</strong></span> <span class='ocrx_word' id='word_1_432' title='bbox 474 3414 584 3474; x_wconf 88' lang='lat' dir='ltr'><strong>censeri</strong></span> <span class='ocrx_word' id='word_1_433' title='bbox 598 3414 685 3474; x_wconf 88' lang='lat' dir='ltr'><strong>debet</strong></span> <span class='ocrx_word' id='word_1_434' title='bbox 699 3415 834 3474; x_wconf 80' lang='lat' dir='ltr'><strong>certitudo</strong></span> <span class='ocrx_word' id='word_1_435' title='bbox 841 3412 923 3490; x_wconf 82' lang='lat' dir='ltr'><strong>Jtder&#39;.</strong></span> <span class='ocrx_word' id='word_1_436' title='bbox 959 3411 1034 3487; x_wconf 87' lang='lat' dir='ltr'><strong>Quia</strong></span> <span class='ocrx_word' id='word_1_437' title='bbox 1046 3411 1115 3470; x_wconf 91' lang='lat' dir='ltr'><strong>licet</strong></span> <span class='ocrx_word' id='word_1_438' title='bbox 1125 3411 1187 3470; x_wconf 77' lang='lat' dir='ltr'><strong>haec</strong></span> <span class='ocrx_word' id='word_1_439' title='bbox 1201 3411 1309 3469; x_wconf 84' lang='grc'><strong>1611166</strong></span> <span class='ocrx_word' id='word_1_440' title='bbox 1323 3429 1382 3470; x_wconf 89' lang='grc'><strong>666</strong></span> 
     </span>
     <span class='ocr_line' id='line_1_40' title="bbox 177 3489 1380 3572; baseline -0.005 -17"><span class='ocrx_word' id='word_1_441' title='bbox 177 3495 358 3555; x_wconf 89' lang='lat' dir='ltr'><strong>contineatur</strong></span> <span class='ocrx_word' id='word_1_442' title='bbox 379 3515 516 3572; x_wconf 88' lang='lat' dir='ltr'><strong>expresse</strong></span> <span class='ocrx_word' id='word_1_443' title='bbox 537 3494 567 3552; x_wconf 87' lang='lat' dir='ltr'><strong>in&#39;</strong></span> <span class='ocrx_word' id='word_1_444' title='bbox 584 3494 731 3571; x_wconf 86' lang='lat' dir='ltr'><strong>Scriptura</strong></span> <span class='ocrx_word' id='word_1_445' title='bbox 744 3493 842 3570; x_wconf 85' lang='lat' dir='ltr'><strong>quoad</strong></span> <span class='ocrx_word' id='word_1_446' title='bbox 864 3491 1058 3571; x_wconf 86' lang='lat' dir='ltr'><strong>hypothesim,</strong></span> <span class='ocrx_word' id='word_1_447' title='bbox 1074 3512 1111 3550; x_wconf 89' lang='lat' dir='ltr'><strong>ex</strong></span> <span class='ocrx_word' id='word_1_448' title='bbox 1126 3512 1160 3550; x_wconf 92' lang='lat' dir='ltr'><strong>ea</strong></span> <span class='ocrx_word' id='word_1_449' title='bbox 1181 3499 1276 3550; x_wconf 88' lang='lat' dir='ltr'><strong>tamen</strong></span> <span class='ocrx_word' id='word_1_450' title='bbox 1291 3489 1380 3550; x_wconf 91' lang='lat' dir='ltr'><strong>dedu·</strong></span> 
     </span>
    </p>
   </div>
   <div class='ocr_carea' id='block_1_2' title="bbox 58 3565 1382 3666">
    <p class='ocr_par' dir='ltr' id='par_1_5' title="bbox 58 3565 1382 3666">
     <span class='ocr_line' id='line_1_41' title="bbox 58 3565 1382 3666; baseline -0.007 -29"><span class='ocrx_word' id='word_1_451' title='bbox 58 3565 67 3584; x_wconf 74' lang='grc'><strong>”</strong></span> <span class='ocrx_word' id='word_1_452' title='bbox 177 3576 252 3636; x_wconf 88' lang='grc'><strong>61161</strong></span> <span class='ocrx_word' id='word_1_453' title='bbox 265 3575 451 3634; x_wconf 90' lang='lat' dir='ltr'><strong>eteanititur</strong></span> <span class='ocrx_word' id='word_1_454' title='bbox 462 3573 559 3652; x_wconf 89' lang='lat' dir='ltr'><strong>quoad</strong></span> <span class='ocrx_word' id='word_1_455' title='bbox 573 3573 696 3648; x_wconf 73' lang='lat' dir='ltr'><strong>thesim,</strong></span> <span class='ocrx_word' id='word_1_456' title='bbox 718 3593 756 3631; x_wconf 88' lang='lat' dir='ltr'><strong>ex</strong></span> <span class='ocrx_word' id='word_1_457' title='bbox 770 3573 872 3650; x_wconf 88' lang='lat' dir='ltr'><strong>regula</strong></span> <span class='ocrx_word' id='word_1_458' title='bbox 885 3572 1013 3666; x_wconf 76' lang='lat' dir='ltr'><strong>generali</strong></span> <span class='ocrx_word' id='word_1_459' title='bbox 1028 3571 1211 3650; x_wconf 86' lang='lat' dir='ltr'><strong>Logicorum,</strong></span> <span class='ocrx_word' id='word_1_460' title='bbox 1224 3569 1382 3630; x_wconf 89' lang='lat' dir='ltr'><strong>secundum</strong></span> 
     </span>
    </p>
   </div>
   <div class='ocr_carea' id='block_1_3' title="bbox 177 3651 1384 4287">
    <p class='ocr_par' dir='ltr' id='par_1_6' title="bbox 177 3651 1384 4287">
     <span class='ocr_line' id='line_1_42' title="bbox 177 3651 1383 3732; baseline -0.004 -18"><span class='ocrx_word' id='word_1_461' title='bbox 177 3675 265 3732; x_wconf 91' lang='lat' dir='ltr'><strong>quam</strong></span> <span class='ocrx_word' id='word_1_462' title='bbox 285 3655 495 3732; x_wconf 88' lang='lat' dir='ltr'><strong>propositiones</strong></span> <span class='ocrx_word' id='word_1_463' title='bbox 509 3652 697 3732; x_wconf 75' lang='lat' dir='ltr'><strong>particulares</strong></span> <span class='ocrx_word' id='word_1_464' title='bbox 711 3652 898 3712; x_wconf 88' lang='lat' dir='ltr'><strong>includuntur</strong></span> <span class='ocrx_word' id='word_1_465' title='bbox 911 3672 942 3710; x_wconf 87' lang='lat' dir='ltr'><strong>m</strong></span> <span class='ocrx_word' id='word_1_466' title='bbox 956 3651 1176 3711; x_wconf 89' lang='lat' dir='ltr'><strong>universalibus.</strong></span> <span class='ocrx_word' id='word_1_467' title='bbox 1220 3651 1292 3710; x_wconf 85' lang='lat' dir='ltr'><strong>Cum</strong></span> <span class='ocrx_word' id='word_1_468' title='bbox 1314 3670 1383 3726; x_wconf 87' lang='lat' dir='ltr'><strong>ergo</strong></span> 
     </span>
     <span class='ocr_line' id='line_1_43' title="bbox 181 3729 1382 3810; baseline -0.005 -18"><span class='ocrx_word' id='word_1_469' title='bbox 181 3735 328 3809; x_wconf 86' lang='lat' dir='ltr'><strong>Scriptura</strong></span> <span class='ocrx_word' id='word_1_470' title='bbox 341 3735 419 3794; x_wconf 87' lang='lat' dir='ltr'><strong>dicat</strong></span> <span class='ocrx_word' id='word_1_471' title='bbox 439 3754 539 3803; x_wconf 87' lang='lat' dir='ltr'><strong>omnes</strong></span> <span class='ocrx_word' id='word_1_472' title='bbox 554 3733 704 3793; x_wconf 86' lang='lat' dir='ltr'><strong>credentes</strong></span> <span class='ocrx_word' id='word_1_473' title='bbox 725 3731 922 3791; x_wconf 85' lang='lat' dir='ltr'><strong>remissionem</strong></span> <span class='ocrx_word' id='word_1_474' title='bbox 936 3740 1118 3810; x_wconf 89' lang='lat' dir='ltr'><strong>peccatoram</strong></span> <span class='ocrx_word' id='word_1_475' title='bbox 1134 3740 1162 3790; x_wconf 92' lang='lat' dir='ltr'><strong>et</strong></span> <span class='ocrx_word' id='word_1_476' title='bbox 1186 3731 1307 3788; x_wconf 86' lang='lat' dir='ltr'><strong>salutem</strong></span> <span class='ocrx_word' id='word_1_477' title='bbox 1331 3729 1382 3787; x_wconf 92' lang='lat' dir='ltr'><strong>ob-</strong></span> 
     </span>
     <span class='ocr_line' id='line_1_44' title="bbox 179 3806 1383 3890; baseline -0.002 -20"><span class='ocrx_word' id='word_1_478' title='bbox 179 3819 317 3888; x_wconf 89' lang='lat' dir='ltr'><strong>tenturos,</strong></span> <span class='ocrx_word' id='word_1_479' title='bbox 340 3814 384 3872; x_wconf 87' lang='lat' dir='ltr'><strong>Eo</strong></span> <span class='ocrx_word' id='word_1_480' title='bbox 398 3815 461 3890; x_wconf 89' lang='lat' dir='ltr'><strong>ipso</strong></span> <span class='ocrx_word' id='word_1_481' title='bbox 476 3813 612 3890; x_wconf 92' lang='lat' dir='ltr'><strong>relinquit</strong></span> <span class='ocrx_word' id='word_1_482' title='bbox 633 3812 711 3871; x_wconf 87' lang='lat' dir='ltr'><strong>fideli</strong></span> <span class='ocrx_word' id='word_1_483' title='bbox 732 3810 971 3886; x_wconf 86' lang='lat' dir='ltr'><strong>concludendum,</strong></span> <span class='ocrx_word' id='word_1_484' title='bbox 987 3810 1065 3886; x_wconf 93' lang='lat' dir='ltr'><strong>quod</strong></span> <span class='ocrx_word' id='word_1_485' title='bbox 1087 3809 1142 3868; x_wconf 92' lang='lat' dir='ltr'><strong>sibi</strong></span> <span class='ocrx_word' id='word_1_486' title='bbox 1165 3806 1292 3867; x_wconf 89' lang='lat' dir='ltr'><strong>credenti</strong></span> <span class='ocrx_word' id='word_1_487' title='bbox 1315 3807 1383 3868; x_wconf 85' lang='lat' dir='ltr'><strong>talis</strong></span> 
     </span>
     <span class='ocr_line' id='line_1_45' title="bbox 179 3887 1383 3978; baseline -0.004 -30"><span class='ocrx_word' id='word_1_488' title='bbox 179 3890 310 3948; x_wconf 88' lang='lat' dir='ltr'><strong>remissio</strong></span> <span class='ocrx_word' id='word_1_489' title='bbox 334 3901 363 3950; x_wconf 94' lang='lat' dir='ltr'><strong>et</strong></span> <span class='ocrx_word' id='word_1_490' title='bbox 385 3894 463 3954; x_wconf 87' lang='lat' dir='ltr'><strong>salus</strong></span> <span class='ocrx_word' id='word_1_491' title='bbox 487 3894 631 3954; x_wconf 88' lang='lat' dir='ltr'><strong>destinata</strong></span> <span class='ocrx_word' id='word_1_492' title='bbox 655 3891 710 3968; x_wconf 86' lang='lat' dir='ltr'><strong>sit;</strong></span> <span class='ocrx_word' id='word_1_493' title='bbox 736 3891 844 3950; x_wconf 88' lang='lat' dir='ltr'><strong>Sensus</strong></span> <span class='ocrx_word' id='word_1_494' title='bbox 858 3891 964 3968; x_wconf 89' lang='lat' dir='ltr'><strong>quippe</strong></span> <span class='ocrx_word' id='word_1_495' title='bbox 978 3897 1008 3948; x_wconf 92' lang='lat' dir='ltr'><strong>et</strong></span> <span class='ocrx_word' id='word_1_496' title='bbox 1021 3887 1199 3964; x_wconf 83' lang='lat' dir='ltr'><strong>experientia</strong></span> <span class='ocrx_word' id='word_1_497' title='bbox 1213 3905 1270 3942; x_wconf 92' lang='lat' dir='ltr'><strong>non</strong></span> <span class='ocrx_word' id='word_1_498' title='bbox 1289 3892 1383 3978; x_wconf 79' lang='lat' dir='ltr'><strong>mutat</strong></span> 
     </span>
     <span class='ocr_line' id='line_1_46' title="bbox 180 3963 1384 4046; baseline -0.002 -20"><span class='ocrx_word' id='word_1_499' title='bbox 180 3968 310 4046; x_wconf 84' lang='lat' dir='ltr'><strong>regulam</strong></span> <span class='ocrx_word' id='word_1_500' title='bbox 324 3969 354 4027; x_wconf 91' lang='lat' dir='ltr'><strong>in</strong></span> <span class='ocrx_word' id='word_1_501' title='bbox 368 3990 408 4044; x_wconf 89' lang='grc'><strong>66,</strong></span> <span class='ocrx_word' id='word_1_502' title='bbox 420 3991 474 4031; x_wconf 87' lang='grc'><strong>666</strong></span> <span class='ocrx_word' id='word_1_503' title='bbox 483 3973 579 4031; x_wconf 87' lang='grc'><strong>161111</strong></span> <span class='ocrx_word' id='word_1_504' title='bbox 591 3973 746 4032; x_wconf 86' lang='lat' dir='ltr'><strong>humanam</strong></span> <span class='ocrx_word' id='word_1_505' title='bbox 762 3971 786 4031; x_wconf 90' lang='lat' dir='ltr'><strong>si</strong></span> <span class='ocrx_word' id='word_1_506' title='bbox 800 3970 900 4029; x_wconf 92' lang='lat' dir='ltr'><strong>divina</strong></span> <span class='ocrx_word' id='word_1_507' title='bbox 913 3977 965 4042; x_wconf 89' lang='grc'><strong>661,</strong></span> <span class='ocrx_word' id='word_1_508' title='bbox 981 3968 1033 4026; x_wconf 89' lang='grc'><strong>661</strong></span> <span class='ocrx_word' id='word_1_509' title='bbox 1047 3967 1172 4042; x_wconf 87' lang='lat' dir='ltr'><strong>applicat</strong></span> <span class='ocrx_word' id='word_1_510' title='bbox 1185 3963 1215 4021; x_wconf 92' lang='lat' dir='ltr'><strong>in</strong></span> <span class='ocrx_word' id='word_1_511' title='bbox 1229 3963 1384 4040; x_wconf 74' lang='lat' dir='ltr'><strong>hypothesi</strong></span> 
     </span>
     <span class='ocr_line' id='line_1_47' title="bbox 180 4043 1381 4136; baseline -0.006 -28"><span class='ocrx_word' id='word_1_512' title='bbox 180 4048 311 4126; x_wconf 81' lang='lat' dir='ltr'><strong>subjecto</strong></span> <span class='ocrx_word' id='word_1_513' title='bbox 325 4050 490 4126; x_wconf 88' lang='lat' dir='ltr'><strong>particulari</strong></span> <span class='ocrx_word' id='word_1_514' title='bbox 504 4051 634 4128; x_wconf 85' lang='lat' dir='ltr'><strong>regulam</strong></span> <span class='ocrx_word' id='word_1_515' title='bbox 648 4051 821 4128; x_wconf 85' lang='lat' dir='ltr'><strong>generalem.</strong></span> <span class='ocrx_word' id='word_1_516' title='bbox 863 4046 1003 4122; x_wconf 89' lang='lat' dir='ltr'><strong>Quamvis</strong></span> <span class='ocrx_word' id='word_1_517' title='bbox 1016 4064 1086 4102; x_wconf 88' lang='lat' dir='ltr'><strong>vero</strong></span> <span class='ocrx_word' id='word_1_518' title='bbox 1107 4063 1166 4102; x_wconf 92' lang='lat' dir='ltr'><strong>non</strong></span> <span class='ocrx_word' id='word_1_519' title='bbox 1180 4043 1304 4135; x_wconf 76' lang='lat' dir='ltr'><strong>velimus</strong></span> <span class='ocrx_word' id='word_1_520' title='bbox 1331 4063 1381 4136; x_wconf 78' lang='lat' dir='ltr'><strong>pa-</strong></span> 
     </span>
     <span class='ocr_line' id='line_1_48' title="bbox 179 4123 1383 4214; baseline -0.005 -26"><span class='ocrx_word' id='word_1_521' title='bbox 179 4148 240 4188; x_wconf 91' lang='lat' dir='ltr'><strong>rem</strong></span> <span class='ocrx_word' id='word_1_522' title='bbox 255 4147 318 4188; x_wconf 90' lang='lat' dir='ltr'><strong>esse</strong></span> <span class='ocrx_word' id='word_1_523' title='bbox 333 4129 456 4207; x_wconf 89' lang='lat' dir='ltr'><strong>duplicis</strong></span> <span class='ocrx_word' id='word_1_524' title='bbox 476 4130 561 4190; x_wconf 83' lang='lat' dir='ltr'><strong>iatius</strong></span> <span class='ocrx_word' id='word_1_525' title='bbox 582 4131 762 4190; x_wconf 82' lang='lat' dir='ltr'><strong>certitudinis</strong></span> <span class='ocrx_word' id='word_1_526' title='bbox 775 4137 835 4188; x_wconf 88' lang='lat' dir='ltr'><strong>tarn</strong></span> <span class='ocrx_word' id='word_1_527' title='bbox 855 4127 999 4199; x_wconf 86' lang='lat' dir='ltr'><strong>revelatae,</strong></span> <span class='ocrx_word' id='word_1_528' title='bbox 1028 4143 1114 4200; x_wconf 88' lang='lat' dir='ltr'><strong>quam</strong></span> <span class='ocrx_word' id='word_1_529' title='bbox 1139 4123 1383 4214; x_wconf 73' lang='lat' dir='ltr'><strong>expenrnentahs,</strong></span> 
     </span>
     <span class='ocr_line' id='line_1_49' title="bbox 179 4202 1384 4287; baseline -0.005 -19"><span class='ocrx_word' id='word_1_530' title='bbox 179 4208 390 4285; x_wconf 86' lang='lat' dir='ltr'><strong>necessitatem,</strong></span> <span class='ocrx_word' id='word_1_531' title='bbox 405 4210 454 4268; x_wconf 93' lang='grc'><strong>161</strong></span> <span class='ocrx_word' id='word_1_532' title='bbox 475 4209 596 4287; x_wconf 85' lang='lat' dir='ltr'><strong>gradum</strong></span> <span class='ocrx_word' id='word_1_533' title='bbox 618 4209 779 4284; x_wconf 79' lang='lat' dir='ltr'><strong>evidentiae,</strong></span> <span class='ocrx_word' id='word_1_534' title='bbox 805 4217 837 4268; x_wconf 91' lang='lat' dir='ltr'><strong>ut</strong></span> <span class='ocrx_word' id='word_1_535' title='bbox 864 4214 949 4265; x_wconf 90' lang='lat' dir='ltr'><strong>antea</strong></span> <span class='ocrx_word' id='word_1_536' title='bbox 975 4203 1090 4278; x_wconf 89' lang='lat' dir='ltr'><strong>visam;</strong></span> <span class='ocrx_word' id='word_1_537' title='bbox 1112 4223 1170 4260; x_wconf 94' lang='lat' dir='ltr'><strong>non</strong></span> <span class='ocrx_word' id='word_1_538' title='bbox 1193 4202 1298 4260; x_wconf 82' lang='lat' dir='ltr'><strong>desinit</strong></span> <span class='ocrx_word' id='word_1_539' title='bbox 1320 4221 1384 4262; x_wconf 85' lang='lat' dir='ltr'><strong>esse</strong></span> 
     </span>
    </p>
   </div>
   <div class='ocr_carea' id='block_1_4' title="bbox 178 4279 1387 4686">
    <p class='ocr_par' dir='ltr' id='par_1_7' title="bbox 178 4279 1387 4686">
     <span class='ocr_line' id='line_1_50' title="bbox 179 4279 1385 4366; baseline -0.007 -18"><span class='ocrx_word' id='word_1_540' title='bbox 179 4297 301 4365; x_wconf 86' lang='lat' dir='ltr'><strong>utraque</strong></span> <span class='ocrx_word' id='word_1_541' title='bbox 321 4287 390 4348; x_wconf 90' lang='lat' dir='ltr'><strong>fidei</strong></span> <span class='ocrx_word' id='word_1_542' title='bbox 405 4287 519 4364; x_wconf 86' lang='lat' dir='ltr'><strong>divinae,</strong></span> <span class='ocrx_word' id='word_1_543' title='bbox 548 4289 690 4366; x_wconf 90' lang='lat' dir='ltr'><strong>siquidem</strong></span> <span class='ocrx_word' id='word_1_544' title='bbox 719 4297 841 4366; x_wconf 89' lang='lat' dir='ltr'><strong>utraque</strong></span> <span class='ocrx_word' id='word_1_545' title='bbox 868 4283 1032 4346; x_wconf 88' lang='lat' dir='ltr'><strong>testimonio</strong></span> <span class='ocrx_word' id='word_1_546' title='bbox 1061 4281 1160 4342; x_wconf 89' lang='lat' dir='ltr'><strong>divino</strong></span> <span class='ocrx_word' id='word_1_547' title='bbox 1189 4289 1217 4340; x_wconf 93' lang='grc'><strong>61</strong></span> <span class='ocrx_word' id='word_1_548' title='bbox 1239 4279 1385 4339; x_wconf 90' lang='lat' dir='ltr'><strong>infallibili</strong></span> 
     </span>
     <span class='ocr_line' id='line_1_51' title="bbox 178 4361 1384 4448; baseline -0.007 -21"><span class='ocrx_word' id='word_1_549' title='bbox 178 4368 290 4444; x_wconf 89' lang='lat' dir='ltr'><strong>nititur,</strong></span> <span class='ocrx_word' id='word_1_550' title='bbox 305 4367 357 4427; x_wconf 89' lang='lat' dir='ltr'><strong>illa</strong></span> <span class='ocrx_word' id='word_1_551' title='bbox 370 4369 486 4446; x_wconf 89' lang='lat' dir='ltr'><strong>quidem</strong></span> <span class='ocrx_word' id='word_1_552' title='bbox 503 4369 626 4448; x_wconf 88' lang='lat' dir='ltr'><strong>Spiritus</strong></span> <span class='ocrx_word' id='word_1_553' title='bbox 640 4369 784 4446; x_wconf 89' lang='lat' dir='ltr'><strong>loquentis</strong></span> <span class='ocrx_word' id='word_1_554' title='bbox 798 4369 828 4425; x_wconf 91' lang='lat' dir='ltr'><strong>in</strong></span> <span class='ocrx_word' id='word_1_555' title='bbox 849 4366 956 4441; x_wconf 90' lang='lat' dir='ltr'><strong>Verbo,</strong></span> <span class='ocrx_word' id='word_1_556' title='bbox 972 4365 1029 4423; x_wconf 90' lang='lat' dir='ltr'><strong>ista</strong></span> <span class='ocrx_word' id='word_1_557' title='bbox 1041 4383 1111 4422; x_wconf 87' lang='lat' dir='ltr'><strong>vero</strong></span> <span class='ocrx_word' id='word_1_558' title='bbox 1128 4363 1251 4441; x_wconf 87' lang='lat' dir='ltr'><strong>Spiritus</strong></span> <span class='ocrx_word' id='word_1_559' title='bbox 1264 4361 1384 4437; x_wconf 92' lang='lat' dir='ltr'><strong>loquen-</strong></span> 
     </span>
     <span class='ocr_line' id='line_1_52' title="bbox 180 4447 1339 4533; baseline -0.004 -25"><span class='ocrx_word' id='word_1_560' title='bbox 180 4448 262 4508; x_wconf 90' lang='grc'><strong>11616</strong></span> <span class='ocrx_word' id='word_1_561' title='bbox 277 4448 371 4521; x_wconf 91' lang='lat' dir='ltr'><strong>corde,</strong></span> <span class='ocrx_word' id='word_1_562' title='bbox 384 4449 435 4525; x_wconf 90' lang='lat' dir='ltr'><strong>qui</strong></span> <span class='ocrx_word' id='word_1_563' title='bbox 448 4448 531 4509; x_wconf 86' lang='lat' dir='ltr'><strong>testis</strong></span> <span class='ocrx_word' id='word_1_564' title='bbox 545 4448 623 4508; x_wconf 90' lang='lat' dir='ltr'><strong>omni</strong></span> <span class='ocrx_word' id='word_1_565' title='bbox 637 4448 807 4526; x_wconf 87' lang='lat' dir='ltr'><strong>exceptione</strong></span> <span class='ocrx_word' id='word_1_566' title='bbox 821 4447 913 4524; x_wconf 88' lang='lat' dir='ltr'><strong>major</strong></span> <span class='ocrx_word' id='word_1_567' title='bbox 921 4453 974 4504; x_wconf 90' lang='lat' dir='ltr'><strong>est.</strong></span> <span class='ocrx_word' id='word_1_568' title='bbox 1202 4521 1207 4533; x_wconf 95' lang='lat'><strong>.</strong></span> <span class='ocrx_word' id='word_1_569' title='bbox 1333 4519 1339 4533; x_wconf 37' lang='lat'>⁸</span> 
     </span>
     <span class='ocr_line' id='line_1_53' title="bbox 222 4519 1384 4596; baseline -0.007 -10"><span class='ocrx_word' id='word_1_570' title='bbox 222 4527 384 4586; x_wconf 88' lang='lat' dir='ltr'>XXVIII.</span> <span class='ocrx_word' id='word_1_571' title='bbox 409 4528 450 4588; x_wconf 93' lang='lat' dir='ltr'><strong>Ut</strong></span> <span class='ocrx_word' id='word_1_572' title='bbox 477 4549 534 4588; x_wconf 94' lang='lat' dir='ltr'><strong>non</strong></span> <span class='ocrx_word' id='word_1_573' title='bbox 563 4528 655 4588; x_wconf 88' lang='lat' dir='ltr'><strong>omnis</strong></span> <span class='ocrx_word' id='word_1_574' title='bbox 675 4529 760 4588; x_wconf 89' lang='lat' dir='ltr'><strong>timor</strong></span> <span class='ocrx_word' id='word_1_575' title='bbox 782 4533 968 4586; x_wconf 64' lang='lat' dir='ltr'><strong>astartem</strong></span> <span class='ocrx_word' id='word_1_576' title='bbox 985 4543 1051 4584; x_wconf 88' lang='lat' dir='ltr'><strong>oum</strong></span> <span class='ocrx_word' id='word_1_577' title='bbox 1076 4519 1246 4580; x_wconf 79' lang='lat' dir='ltr'><strong>certitudine</strong></span> <span class='ocrx_word' id='word_1_578' title='bbox 1319 4527 1384 4596; x_wconf 77' lang='lat' dir='ltr'><strong>trae3</strong></span> 
     </span>
     <span class='ocr_line' id='line_1_54' title="bbox 180 4599 1387 4686; baseline -0.008 -18"><span class='ocrx_word' id='word_1_579' title='bbox 180 4611 228 4670; x_wconf 92' lang='lat' dir='ltr'><strong>Ita</strong></span> <span class='ocrx_word' id='word_1_580' title='bbox 242 4608 405 4668; x_wconf 84' lang='lat' dir='ltr'><strong>neeonmis</strong></span> <span class='ocrx_word' id='word_1_581' title='bbox 419 4608 504 4667; x_wconf 90' lang='lat' dir='ltr'><strong>timor</strong></span> <span class='ocrx_word' id='word_1_582' title='bbox 519 4608 565 4668; x_wconf 90' lang='lat' dir='ltr'><strong>vel</strong></span> <span class='ocrx_word' id='word_1_583' title='bbox 586 4606 751 4686; x_wconf 80' lang='lat' dir='ltr'><strong>praecipitur</strong></span> <span class='ocrx_word' id='word_1_584' title='bbox 771 4605 858 4681; x_wconf 89' lang='lat' dir='ltr'><strong>fideli,</strong></span> <span class='ocrx_word' id='word_1_585' title='bbox 873 4605 921 4662; x_wconf 91' lang='lat' dir='ltr'><strong>vel</strong></span> <span class='ocrx_word' id='word_1_586' title='bbox 936 4604 972 4663; x_wconf 88' lang='lat' dir='ltr'><strong>ab</strong></span> <span class='ocrx_word' id='word_1_587' title='bbox 987 4625 1021 4662; x_wconf 91' lang='lat' dir='ltr'><strong>eo</strong></span> <span class='ocrx_word' id='word_1_588' title='bbox 1036 4609 1208 4660; x_wconf 87' lang='lat' dir='ltr'><strong>removetur.</strong></span> <span class='ocrx_word' id='word_1_589' title='bbox 1241 4599 1270 4658; x_wconf 82' lang='lat' dir='ltr'>A</span> <span class='ocrx_word' id='word_1_590' title='bbox 1283 4599 1328 4662; x_wconf 86' lang='lat' dir='ltr'><strong>ius</strong></span> <span class='ocrx_word' id='word_1_591' title='bbox 1343 4609 1387 4660; x_wconf 87' lang='lat' dir='ltr'><strong>est</strong></span> 
     </span>
    </p>
   </div>
   <div class='ocr_carea' id='block_1_5' title="bbox 0 0 1601 5210">
    <p class='ocr_par' dir='ltr' id='par_1_8' title="bbox 0 0 1601 5210">
     <span class='ocr_line' id='line_1_55' title="bbox 0 0 1601 5210; baseline 0 0"><span class='ocrx_word' id='word_1_592' title='bbox 0 0 1601 5210; x_wconf 95' lang='lat' dir='ltr'><strong> </strong></span> 
     </span>
    </p>
   </div>
  </div>
 </body>
</html>
