3192 5206
10 363 12 426 l
124 382 240 430 eumer.
256 362 315 445 nn]
484 389 523 428 ns
537 393 671 438 reasons
685 400 723 440 nr
738 401 832 444 srnru
846 405 973 446 cameri.
1273 395 1331 454 299

10 539 12 548 ·
125 523 343 584 Exinanitioais
355 527 461 590 Christi
475 537 652 612 mysterium,
667 539 737 600 dum
751 563 785 602 eo
800 565 891 622 usqua
906 567 936 606 se
947 546 1097 607 demittere
1106 549 1199 609 voluit
1210 559 1334 610 aeternus

123 613 156 660 et
169 602 396 680 gloriosissimus
411 609 467 669 Dei
478 613 579 690 Filius,
595 627 628 677 ut
640 619 716 678 intra
729 625 804 682 uteri
817 627 939 684 materni
953 628 1102 703 angustias
1112 627 1289 707 delitescere,
1304 641 1334 691 et

10 705 12 770 3
122 702 241 740 caruem
255 684 398 745 infirmam
412 699 442 749 et
452 697 601 754 mortalem
616 717 760 761 assumere
774 723 833 763 non
847 705 1020 783 dedignatus
1034 707 1080 766 sit.

169 762 212 820 ll.
236 764 385 841 Correptio
406 790 456 830 seu
478 773 615 852 sinnada,
641 778 676 837 de
698 800 756 857 qua
782 784 851 843 Luc.
883 786 902 844 i.
938 789 986 860 31,
1015 806 1079 862 quae
1104 797 1224 848 vocatur
1245 791 1332 849 etiam

10 831 12 874 3
123 839 236 917 airuns,
254 844 360 904 Matth.
380 849 399 908 i.
421 855 467 923 18,
487 865 539 928 est,
563 877 614 932 per
628 879 714 934 quam
727 862 913 923 invisibiliter
934 866 1065 924 Christus
1078 867 1217 928 formatus
1239 871 1333 930 estin

126 932 210 980 utero
225 923 260 982 B.
276 924 417 1003 Virginis,
432 932 513 991 nulla
526 935 650 996 hominis
664 943 838 1018 operatione,
855 944 906 1002 sed
920 945 982 1003 sola
998 945 1121 1021 Spiritus
1138 949 1167 1007 S.
1182 949 1289 1008 virtute
1304 959 1333 1010 et

128 1001 357 1080 obumbratione,
375 1033 404 1066 το
417 1011 436 1068 ir
450 1015 517 1094 stirpi
529 1017 636 1092 maratis,
652 1019 678 1076 ia
694 1021 833 1088 flatuum
844 1025 906 1083 ἔστιν
920 1026 1002 1099 ἁγίου,
1020 1029 1037 1058 “
1049 1027 1166 1107 quodln
1177 1027 1241 1105 ipsa
1251 1031 1331 1106 geni·

127 1089 189 1138 tum
203 1090 256 1156 est,
273 1103 311 1141 ex
327 1085 435 1162 Spiritu
451 1091 511 1168 S.,”
528 1096 633 1155 hlatth.
644 1099 663 1156 1.
675 1103 723 1159 20.
751 1102 786 1159 ln
796 1123 854 1180 qua
867 1103 975 1181 duplex
991 1105 1164 1182 principium
1183 1109 1332 1168 attenden-

128 1158 198 1218 dum
212 1171 265 1238 est,
281 1165 409 1227 Actiacos
425 1171 549 1247 Spiritus
565 1176 696 1253 Sanctus,
712 1179 863 1240 Porcinam
877 1183 912 1242 Β.
929 1185 1030 1261 Virgo.

126 1275 202 1335 οφ,
220 1279 369 1339 Principium
432 1250 492 1310 Ill.
513 1251 691 1332 Prinospium
715 1263 835 1320 activum
855 1282 912 1321 non
936 1263 990 1321 fuit
1014 1264 1150 1324 Virorum
1165 1267 1277 1344 aliquis,
1301 1278 1334 1330 ut

156 1337 307 1442 :cipupupcat
318 1342 369 1400 spi·
390 1328 424 1468 lup
435 1334 619 1470 gppefiatippe
634 1342 790 1430 'communh
804 1343 961 1480 'tquitaetalis
972 1342 1075 1481 plaiplupt
1086 1365 1156 1482 passe·
1167 1347 1335 1488 Conctp'ptioz

255 1429 275 1453 ·›
534 1457 540 1470 .
585 1435 858 1479 rrmmanerem
925 1441 971 1480 ae
1038 1443 1085 1480 ra
1128 1445 1174 1482 vir
1305 1449 1321 1486 c

128 1502 281 1560 perquam
294 1485 430 1546 immunis
455 1500 531 1550 esset
554 1435 685 1555 Chn'gsltus
699 1499 735 1556 ab
750 1500 828 1558 omni
851 1442 962 1578 pedcrati
983 1502 1058 1577 labe,
1083 1445 1237 1581 quodgpldi
1257 1472 1334 1564 oidi-

129 1562 239 1621 nariam
253 1564 417 1640 genituram
426 1570 499 1630 solet
513 1576 666 1652 propagari
681 1585 710 1636 et
724 1580 862 1638 contrahi.
893 1581 951 1640 Sed
965 1573 1044 1640 solus
1061 1582 1184 1658 Spiritus
1201 1585 1333 1662 Sanctus,

130 1641 235 1701 Matth.
251 1644 270 1702 i.
288 1646 333 1720 18,
350 1649 397 1720 20,
414 1648 484 1708 Luc.
498 1651 518 1709 i.
535 1655 581 1727 35,
598 1674 656 1712 nou
670 1658 818 1717 exclusive
833 1658 1001 1722 adnecteres
1016 1661 1166 1720 Trinitatis
1181 1662 1333 1739 Personas,

129 1742 193 1798 quse
217 1723 257 1781 ad
280 1724 430 1803 hocopus
454 1729 549 1806 etiam,
566 1741 598 1791 ut
612 1733 720 1794 adalia
740 1745 860 1796 externa
884 1739 1014 1815 ejusdem
1038 1742 1161 1816 generis,
1188 1742 1335 1801 indivisim

129 1813 353 1880 concurrerunt3
381 1807 433 1865 sed
456 1813 678 1888 appropriatus,
702 1825 844 1892 quatenus
868 1819 1076 1878 consummatio
1104 1829 1133 1879 et
1160 1820 1335 1880 foecundatio

129 1901 224 1940 rarum
238 1882 314 1942 solet
328 1885 415 1944 tribui
427 1887 547 1964 Spiritui
563 1892 678 1968 Sancto,
690 1903 722 1953 ut
736 1915 800 1972 quac
815 1905 882 1956 sunt
892 1897 1051 1955 Creationis
1066 1907 1095 1958 et
1109 1900 1336 1961 Gubernationis

130 1959 218 2035 Patri,
235 1981 301 2039 quaa
316 1964 533 2043 Redemptionis
557 1980 586 2030 et
610 1972 765 2050 Sapientia
789 1975 874 2034 Filio.
919 1977 960 2036 Ut
973 1977 1014 2035 ita
1028 1980 1175 2054 generatio
1187 1980 1293 2039 Christi
1308 1990 1338 2040 et

127 2042 309 2118 regeneratio
323 2053 422 2104 nostra
435 2047 491 2105 sibi
505 2052 705 2128 respondeant,
721 2062 751 2114 et
764 2055 885 2114 eandem
900 2077 1016 2114 causam
1030 2058 1164 2117 habeant.

171 2120 227 2180 IV.
249 2123 373 2196 Spiritus
386 2135 482 2184 autem
496 2128 543 2186 hie
558 2151 588 2188 se
603 2132 712 2206 habuit,
721 2155 781 2193 non
794 2137 987 2210 materialiter,
1000 2137 1051 2195 sed
1062 2139 1209 2210 efficienter
1215 2147 1336 2212 tantum,

130 2196 308 2280 ’sputamentis
321 2222 377 2262 non
390 2212 562 2286 ηιςμτιιιῧς
572 2211 630 2269 κατ’
644 2214 751 2284 statorias
764 2235 821 2274 non
835 2219 904 2274 mci
920 2219 1051 2291 contorsit,
1068 2227 1099 2277 ul
1120 2227 1276 2296 conceptus
1301 2221 1339 2280 sil

130 2299 168 2337 ex
184 2281 310 2356 Spiritus
323 2286 460 2374 potentia,
476 2306 534 2346 non
548 2310 586 2346 cx
601 2292 770 2368 substantia,
786 2315 845 2354 non
866 2297 1060 2373 generatione,
1074 2297 1124 2356 sed
1138 2299 1338 2359 benedictione

130 2369 160 2418 et
176 2369 399 2438 consecratione,
415 2373 448 2424 ut
461 2365 654 2442 loquebantur
665 2373 795 2433 Veteres.
839 2377 881 2436 Ut
891 2377 1060 2453 Praepositio
1075 2378 1183 2437 'renota
1197 2379 1234 2438 sit
1245 2399 1339 2439 causas

129 2437 289 2514 efficientis,
304 2449 337 2500 ut
351 2461 427 2520 saepe
442 2445 519 2520 alibi,
536 2448 621 2509 Rom.
640 2451 681 2509 xi.
706 2455 754 2528 36,
780 2473 869 2531 quum
884 2457 978 2515 omnio
1003 2458 1133 2516 dicuntur
1147 2479 1204 2516 esse
1215 2479 1251 2517 etr
1264 2463 1337 2534 Deo,

130 2526 159 2576 et
175 2522 190 2575 1
206 2518 278 2578 Joh.
293 2519 333 2579 iii.
349 2523 376 2597 9,
398 2523 440 2600 pii
457 2526 558 2585 natilx
578 2537 622 2588 τοῦ
643 2539 714 2607 eut,
738 2554 795 2591 non
809 2555 879 2593 vero
893 2556 988 2594 causae
1009 2538 1174 2613 materialis,
1197 2548 1229 2596 ut
1251 2557 1340 2615 quum

130 2597 267 2658 tribuitur
280 2599 406 2679 Virgini,
419 2623 456 2662 ex
469 2625 528 2682 qua
541 2617 626 2668 natus
640 2609 753 2671 dieitur.

131 2713 178 2763 Q„
187 2719 324 2760 tamtum
333 2733 372 2775 pc-
434 2683 472 2742 V.
495 2685 594 2762 Atque
607 2689 675 2748 hine
689 2692 773 2750 facilc
788 2695 955 2770 responderi
974 2703 1070 2772 potest
1084 2695 1121 2753 ad
1136 2695 1339 2772 Quaestionem,

159 2774 276 2842 tacuerat
300 2775 373 2821 Pater
394 2782 458 2838 quae
472 2765 519 2822 hic
534 2768 644 2826 moveri
658 2771 732 2829 solet
746 2791 764 2829 a
780 2772 949 2848 Socinianis,
960 2774 1069 2832 Annon
1085 2775 1209 2850 Spiritus
1222 2775 1252 2833 S.
1262 2786 1340 2834 recte
1371 2813 1376 2824 ›

160 2831 262 2878 cumn.
393 2841 506 2902 dicatur
516 2845 602 2905 Pater
614 2847 729 2924 Christi,
745 2870 810 2909 cum
825 2871 862 2909 ex
876 2852 927 2910 illo
942 2862 1097 2929 concaptus
1112 2853 1245 2911 dicatum?
1267 2853 1339 2912 Cum

130 2915 207 2974 euim
221 2916 324 2978 titulus
342 2919 438 2980 Patris
458 2925 585 3000 requirat
599 2929 813 3003 generationem
828 2950 866 2988 ex
880 2933 1042 2990 substantia
1055 2933 1230 3007 generantis,
1246 2940 1275 2991 et
1289 2953 1338 3009 ge·

129 2996 308 3056 serationem
322 3008 432 3059 naturae
446 3002 502 3060 sibi
516 3003 627 3080 similis,
644 3017 673 3067 et
687 3016 819 3067 neutrum
834 3009 881 3067 hic
895 3019 1044 3080 occurrat;
1060 3019 1139 3086 patet
1155 3011 1293 3087 Spiritum
1309 3013 1339 3070 S.

129 3093 188 3133 uon
201 3095 288 3152 posse
310 3078 368 3136 dici
391 3080 506 3140 Patrem
528 3084 643 3142 Christi.
686 3085 811 3144 Accedit
834 3089 912 3163 quod
937 3088 1068 3147 Christus
1083 3098 1203 3147 vocetur
1222 3091 1338 3172 ἀπάταις,

131 3154 207 3212 Heb.
224 3155 274 3214 vii.
291 3159 318 3232 3,
334 3159 444 3218 ratione
458 3161 653 3238 humanitatis,
674 3173 703 3223 et
723 3165 802 3242 quod
817 3166 897 3225 Deus
912 3168 1007 3242 Pater,
1023 3168 1102 3226 solus
1117 3169 1180 3245 ejus
1195 3169 1282 3228 Pater
1296 3170 1338 3228 di·

130 3243 220 3310 catur,
232 3234 315 3312 isque
329 3240 469 3315 proprius,
485 3241 555 3300 Joh.
570 3241 589 3299 i.
617 3246 662 3318 18,
679 3252 708 3302 et
728 3265 757 3302 v.
775 3249 821 3320 17,
836 3246 972 3323 quodque
997 3247 1084 3306 Pater
1108 3267 1166 3305 non
1191 3249 1336 3327 procedat,

130 3313 261 3374 mittatur
275 3323 304 3374 et
318 3316 441 3376 donetur
453 3341 471 3378 a
486 3321 571 3396 Filio,
587 3324 732 3398 quomodo
748 3325 872 3401 Spiritus
887 3325 993 3386 dicitur
1012 3327 1175 3404 procedere,
1199 3327 1284 3398 mitti,
1310 3337 1340 3390 et

130 3392 231 3452 donari
245 3414 264 3452 a
278 3395 401 3456 Christo.
443 3399 536 3458 Aliud
550 3421 620 3460 vero
634 3413 834 3481 estpotestate
849 3424 902 3463 sua
912 3406 1023 3482 aliquid
1036 3427 1073 3465 ex
1087 3408 1209 3466 materia
1223 3409 1339 3469 abunde

129 3482 278 3550 assumpta
291 3473 430 3552 formare;
453 3479 545 3538 Aliud
559 3501 597 3540 ex
616 3484 777 3544 substantia
788 3505 840 3544 sua
850 3505 997 3562 generare.
1040 3487 1124 3546 Prius
1134 3487 1201 3546 fecit
1214 3488 1339 3566 Spiritus

132 3553 263 3628 Sanctus,
277 3554 400 3614 sednon
414 3559 565 3635 posterius,
581 3563 659 3638 quod
673 3572 718 3622 est
731 3564 836 3624 Patris.

168 3632 225 3692 Vl.
248 3633 314 3692 Non
328 3636 432 3695 melius
452 3637 539 3696 iidem
558 3642 731 3716 pertendunt
745 3643 783 3702 ad
798 3644 988 3704 Divinitatem
1003 3645 1109 3705 Christi
1124 3647 1337 3725 destruendam,

131 3712 238 3772 Filium
253 3713 309 3772 Dei
324 3724 435 3774 tantum
449 3719 548 3776 vocari
568 3731 684 3798 propter
704 3724 920 3800 conceptionem
941 3725 1196 3784 extraordinariam
1218 3747 1256 3786 ex
1273 3729 1337 3807 Spi-

128 3793 186 3850 ritu
202 3793 232 3851 S.
290 3796 316 3852 1.
333 3794 406 3868 Quia
420 3804 453 3854 ut
467 3817 519 3856 suo
533 3797 597 3858 loco
610 3801 771 3877 probatum,
783 3803 875 3861 Filius
886 3803 941 3862 Dei
952 3805 1013 3880 jarn
1025 3804 1079 3864 fuit
1093 3815 1159 3863 ante
1174 3826 1255 3864 suam
1270 3828 1333 3865 con-

130 3872 290 3948 ceptionem
305 3893 343 3931 ex
365 3875 473 3950 Spiritu
490 3878 529 3950 S,
545 3879 614 3938 Joh.
630 3880 649 3938 i.
668 3885 692 3955 1,
709 3886 736 3956 2,
754 3881 831 3940 Psal.
846 3882 875 3940 ii.
888 3887 915 3956 t,
933 3884 1019 3942 Prov.
1034 3883 1094 3942 viii
1110 3888 1156 3956 24,
1173 3893 1202 3942 et
1220 3895 1337 3961 propter

130 3951 224 4026 ipsum
238 3951 339 4011 fideles
353 3954 420 4012 Vct.
436 3955 514 4014 Test.
526 3958 586 4033 jam
602 3967 668 4017 actu
683 3959 798 4020 fuerunt
808 3961 861 4018 filii
871 3971 900 4020 et
908 3963 1046 4021 haeredes.
1089 3967 1116 4021 2.
1133 3963 1207 4035 Quia
1216 3973 1336 4022 vocatur

130 4030 222 4090 Filius
244 4032 300 4091 Dei
325 4034 483 4092 secundum
497 4046 628 4096 naturam
642 4038 770 4096 divinam
789 4041 923 4098 humanae
937 4043 1106 4118 oppositam,
1123 4041 1207 4098 Rom.
1227 4040 1245 4098 i.
1262 4044 1290 4116 3,
1307 4047 1335 4118 4,

128 4119 158 4169 et
171 4111 211 4168 ix.
227 4114 254 4186 5,
280 4114 294 4170 l
309 4111 372 4171 Pet.
387 4112 427 4171 iii.
444 4117 491 4173 18.
533 4120 561 4174 3.
577 4116 651 4192 Quia
662 4128 693 4176 ut
709 4119 802 4178 Filius
816 4121 940 4178 hominis
954 4120 1067 4194 dicitur,
1082 4119 1150 4195 quia
1164 4119 1279 4195 genitus
1293 4132 1337 4178 cst

129 4210 167 4248 ex
180 4190 305 4266 bomine,
322 4212 479 4269 exgenere
494 4194 620 4272 Adami3
644 4198 691 4257 Ita
715 4199 808 4257 Filius
834 4199 890 4258 Dei
914 4200 1000 4257 debet
1021 4198 1086 4272 dici,
1102 4217 1159 4255 non
1175 4197 1253 4274 quod
1267 4219 1334 4257 con·

129 4279 230 4347 ceptus
244 4271 282 4330 sit
296 4292 334 4330 ex
350 4273 459 4349 Spiritu
482 4274 512 4332 S.
533 4277 643 4335 ratione
664 4277 860 4353 hmnanitatis,
884 4279 935 4337 scd
946 4277 1024 4354 quod
1038 4277 1153 4353 genitus
1168 4277 1205 4334 sit
1219 4297 1256 4334 ex
1272 4278 1336 4336 Deo

128 4349 238 4409 ratione
250 4352 439 4428 Divinitatis;
455 4353 525 4412 alias
539 4366 677 4434 perpetua
688 4368 717 4416 et
726 4358 891 4417 immediata
904 4356 1063 4431 antithesis,
1076 4376 1140 4433 qnae
1154 4357 1278 4415 occurrit
1292 4357 1334 4414 in·

128 4439 172 4488 ter
186 4429 257 4489 istas
271 4431 343 4490 duas
358 4432 609 4510 nomenclationes,
622 4446 697 4494 stare
708 4457 766 4494 non
780 4448 887 4514 posset.

169 4509 243 4569 Vll.
266 4511 328 4569 Nec
341 4512 396 4570 hoc
404 4522 500 4589 potest
510 4515 604 4573 evinci
615 4535 653 4574 ex
667 4516 738 4575 Luc.
753 4517 772 4574 i.
788 4520 835 4590 35,
853 4520 871 4549 “
885 4517 1009 4594 Spiritus
1020 4517 1142 4576 Sanctus
1153 4515 1336 4591 superveniet

131 4587 160 4646 in
173 4597 211 4665 te,
227 4587 291 4663 dcc,
306 4589 342 4649 >ab
362 4597 416 4665 nat,
439 4591 510 4650 Ideo
524 4594 603 4666 quod
616 4614 653 4652 ex
668 4605 697 4654 te
711 4595 841 4672 genitum
855 4607 900 4654 est
914 4603 1053 4673 sanctum,
1070 4595 1163 4653 Filius
1179 4593 1235 4651 Dei
1248 4613 1334 4686 voca·

130 4667 235 4728 bitur.’'
278 4670 355 4744 Quia
367 4671 514 4748 particulae
528 4669 563 4730 >a
580 4684 609 4732 et
629 4679 674 4733 nal
694 4695 752 4733 non
773 4686 840 4734 sunt
861 4685 937 4733 natac
958 4675 1167 4752 consequentis,
1180 4673 1273 4753 euasi
1297 4681 1336 4732 sit
