3202 5194
134 377 245 430 eumer.
260 353 364 437 xxuu]
651 373 691 414 nn
705 373 782 415 neon
797 373 859 414 ner.
1286 356 1343 415 125

134 520 201 580 Gal.
215 518 257 578 iii.
274 519 321 594 10,
339 518 357 550 “
369 515 518 593 Quotquot
531 522 599 575 sunt
613 514 667 575 sub
682 515 771 593 Lege,
788 523 855 576 sunt
869 516 923 575 sub
937 513 1168 576 maledictione.”
1199 516 1341 592 Secundo,

133 621 187 660 nee
201 597 297 678 quood
320 597 548 672 maledictionem,
571 597 640 673 quio
657 615 710 673 per
729 595 875 655 Christum
897 596 951 655 snb
971 597 1022 655 illa
1041 596 1123 674 σχέπι
1142 598 1281 676 abrogato
1299 606 1345 658 est

134 689 267 758 respectu
280 677 427 737 fidelium:
443 676 510 736 Gal.
521 677 562 734 iii.
571 679 617 752 13,
627 678 644 709 “
656 675 789 735 Christus
802 696 856 736 nos
870 677 992 736 redemit
1002 677 1039 736 ab
1050 679 1232 738 execratione
1245 679 1342 757 Legis,

134 760 229 820 111111
242 779 294 836 pro
309 757 394 816 nobis
408 757 583 816 1111111113ν
619 756 725 832 Tertio,
741 777 795 815 nee
809 756 905 834 quoad
919 759 1095 835 coactionem,
1107 768 1135 818 et
1146 759 1277 836 rigorem,
1294 760 1346 837 qui

135 839 286 900 obtinebat
300 838 355 898 sub
365 837 403 897 V.
413 837 458 911 T,
473 837 542 914 quio
561 857 621 895 non
638 856 737 895 sumus
752 837 876 915 amplius
891 838 945 896 sub
965 837 1137 916 pedagogia
1152 848 1181 898 et
1194 839 1344 917 dispensa·

135 921 215 981 tione
236 919 288 978 iila
308 918 417 994 servili,
439 918 469 976 in
490 937 549 994 qua
572 916 698 994 Spiritus
718 917 867 976 servitutis
880 918 1016 995 vigebnt;
1039 918 1090 978 sed
1111 918 1165 977 sub
1186 921 1347 979 oeconomia

137 999 325 1077 Evangeliea,
350 998 381 1056 in
402 1017 460 1075 qna
483 997 607 1076 Spiritus
628 996 792 1075 adoptionis
812 1008 923 1076 regnat,
941 999 1026 1058 Rom.
1039 999 1101 1057 viii.
1119 1001 1164 1076 15,
1186 1019 1345 1077 perquem

133 1082 241 1160 jugum
262 1078 370 1138 Christi
390 1077 424 1137 fit
442 1078 516 1153 leve,
539 1078 625 1137 Matt
646 1077 688 1136 xi.
710 1081 758 1154 30,
780 1086 810 1138 11
829 1077 966 1138 mandata
982 1080 1047 1157 ejus
1068 1099 1126 1137 non
1148 1089 1216 1138 sunt
1234 1081 1345 1158 gravia,

139 1165 154 1220 l
171 1161 221 1222 Jo.
236 1181 266 1219 v.
281 1163 309 1218 3.
353 1158 412 1218 Sed
426 1159 565 1237 quaeritur
578 1166 691 1217 tontum
706 1157 742 1217 de
761 1160 818 1218 Usu
833 1160 974 1234 directivo,
990 1160 1040 1218 An
1051 1159 1113 1236 jam
1126 1159 1241 1220 liberati
1256 1161 1347 1220 simus

137 1263 156 1300 a
166 1240 324 1300 directione
335 1247 365 1298 11
375 1239 577 1298 observatione
585 1238 688 1316 Legis;
710 1238 795 1314 Quod
805 1239 979 1299 Adversarii
988 1241 1106 1316 vellent,
1119 1240 1180 1299 Nos
1194 1260 1344 1318 negamus

289 1364 381 1468 s„
402 1319 512 1459 1111
525 1319 1116 1460 {truttenhusium
1130 1321 1353 1462 iiheiu

166 1437 382 1554 1111111111οέᾱῖ
403 1420 551 1539 Chiistdnr
572 1499 630 1538 non
651 1487 696 1538 est
704 1419 833 1555 pobolitn,
842 1445 901 1538 'sed
921 1444 1047 1558 impleti,
1063 1447 1111 1540 Iti
1131 1422 1262 1560 neegejus
1276 1423 1347 1542 uiue

167 1545 307 1586 remonon
402 1560 542 1619 internos
553 1559 722 1619 abolendus.
759 1560 808 1619 Sio
823 1559 893 1618 Lue.
905 1561 966 1619 xvi.
981 1563 1029 1638 29,
1045 1562 1109 1622 vult
1123 1561 1218 1622 audiri
1232 1563 1346 1623 Mosem

138 1652 169 1704 et
183 1643 359 1721 Prophetas:
384 1640 534 1699 “Habent
548 1640 663 1699 Mosem
681 1648 710 1699 et
725 1639 894 1718 Prophetas,
909 1641 977 1701 illos
991 1641 1145 1719 audiant;’'
1161 1644 1186 1704 si
1200 1644 1345 1721 audiendi,

139 1743 209 1801 ergo
234 1723 322 1782 etiem
347 1719 529 1780 observando
551 1740 650 1779 eorum
672 1719 817 1780 mandata.
859 1721 921 1781 Nee
942 1722 967 1781 si
990 1724 1047 1781 hoe
1067 1723 1173 1783 dieitur
1193 1744 1210 1781 a
1232 1724 1348 1784 Christo

139 1804 161 1866 J
164 1803 253 1864 udaeis
268 1802 314 1862 sni
334 1800 481 1878 temporis,
504 1800 591 1860 debet
612 1801 709 1860 stetim
730 1801 868 1860 exclusive
888 1801 926 1860 ad
946 1802 1019 1860 alios
1039 1802 1181 1880 intelligi,
1204 1803 1279 1878 Quia
1299 1805 1349 1864 hie

137 1904 198 1942 non
211 1883 297 1943 detur
316 1890 492 1960 preceptum
507 1881 640 1959 speciale,
656 1881 709 1940 sed
727 1881 861 1958 generale
876 1881 1009 1940 omnibus
1024 1882 1206 1960 cupientibus
1221 1883 1348 1962 effugere

138 1964 235 2027 looum
248 1973 469 2024 tormentorum.
510 1961 581 2036 Qnae
595 1981 665 2021 vero
679 1962 710 2020 in
724 1981 758 2021 eo
773 1962 795 2022 J
797 1961 953 2036 udaeorum,
969 1981 1004 2020 ea
1017 1963 1104 2022 etiam
1119 1963 1348 2023 Christianorum

138 2044 231 2121 ratio;
254 2053 284 2104 et
304 2042 384 2122 quod
404 2042 452 2100 hio
475 2041 646 2135 proponitur
668 2049 702 2101 ut
725 2049 909 2136 praeceptum,
926 2043 990 2136 ejus
1010 2043 1109 2136 pranis
1132 2043 1350 2105 commendatur

140 2122 1296 2280 121113111911113911131919111·,0111
1320 2213 1350 2265 s

141 2283 345 2345 commendant
358 2292 391 2342 nt
405 2282 442 2342 ab
456 2281 590 2342 omnibus
604 2281 824 2357 observandam,
840 2283 914 2342 Mat.
928 2283 1002 2342 xxii.
1018 2286 1065 2360 36,
1082 2287 1130 2358 37,
1147 2281 1211 2360 810„
1227 2293 1256 2344 et
1271 2285 1348 2344 Pau·

139 2365 197 2440 lus,
214 2365 298 2422 Rom.
313 2363 375 2422 xiii.
391 2365 419 2438 8,
436 2365 464 2438 9,
481 2365 500 2395 “
515 2362 597 2422 Nihil
610 2362 745 2439 euiqnnm
759 2362 872 2438 debere,
888 2363 945 2422 nisi
958 2371 1055 2423 utros
1069 2364 1194 2423 invicem
1209 2365 1348 2443 diligetis,

141 2445 194 2522 qui
208 2444 285 2502 enim
298 2443 394 2520 diligit
406 2442 581 2522 proximum,
603 2441 713 2518 Legem
732 2443 894 2520 implevit,”
918 2441 972 2502 dre.
1015 2444 1147 2504 Charitas
1171 2464 1189 2503 a
1212 2445 1351 2506 Johenno

140 2531 265 2584 vooetur
278 2531 362 2582 vetus
380 2533 410 2582 et
427 2542 537 2582 novum
559 2522 736 2598 mandatum,
759 2527 774 2581 1
790 2523 840 2583 Jo.
855 2522 886 2582 ii.
902 2527 929 2600 7,
945 2525 974 2583 8.
1016 2523 1123 2600 Tertio,
1144 2525 1219 2600 Quia
1244 2526 1350 2584 “fides

142 2605 253 2682 Legem
267 2623 325 2662 non
339 2603 443 2679 abolet,
460 2601 512 2662 sed
526 2602 666 2678 stabilit,”
687 2603 772 2662 Rom.
787 2603 828 2662 iii.
843 2605 892 2662 31.
936 2603 1022 2663 Unde
1043 2605 1239 2682 Evangelium
1261 2606 1350 2684 Legis

141 2685 257 2744 nomine
272 2704 348 2762 saepe
363 2684 540 2761 designatur,
558 2683 655 2741 “Lex
670 2683 787 2761 spiritus
801 2684 899 2758 vitee,”
923 2683 1007 2742 Rom.
1023 2684 1084 2743 viii.
1100 2689 1127 2760 2,
1152 2687 1170 2718 “
1185 2685 1249 2744 Lex
1269 2687 1351 2764 regia

140 2764 314 2840 libertatis,’'
329 2763 433 2824 Jaoob.
447 2763 479 2823 ii.
493 2765 522 2839 8,
539 2766 595 2840 12,
620 2763 686 2822 Gal.
701 2763 731 2822 ii.
748 2766 795 2838 19,
812 2764 831 2796 “
846 2763 902 2822 Per
923 2763 1033 2840 Legem
1048 2764 1122 2841 Legi
1135 2775 1267 2825 mortuus
1286 2783 1355 2826 sum¹

141 2854 176 2904 ut
189 2845 288 2903 vivum
302 2845 396 2918 De0,'’
411 2863 463 2921 per
477 2843 587 2920 Legem
602 2842 718 2920 Christi,
735 2843 809 2920 Legi
832 2843 933 2918 Mosis‚
946 2851 1088 2920 quatenus
1102 2845 1190 2904 babet
1210 2846 1351 2905 rationem

142 2924 267 3001 foederis,
283 2924 362 3002 quod
375 2944 434 2982 non
448 2931 560 2983 tentum
574 2923 798 3001 intelligendum
821 2932 867 2984 ost
888 2927 1026 2998 μμιτικῧς
1050 2924 1140 2983 relate
1163 2924 1201 2982 ad
1224 2935 1350 2985 mentem

142 3005 164 3066 J
167 3005 321 3079 udoeorum,
338 3003 407 3081 quia
421 3003 617 3081 Evangelium
631 3023 698 3063 vere
713 3016 743 3064 et
756 3003 881 3081 perfecte
896 3003 946 3062 dat
962 3004 1054 3080 nobis,
1077 3004 1156 3080 quod
1176 3003 1250 3063 salso
1271 3026 1349 3083 quae-

142 3084 246 3144 rebant
258 3084 357 3145 Jndaei
371 3083 402 3142 in
416 3084 505 3161 Lege,
520 3092 591 3160 puts
609 3084 846 3162 justificationem
869 3092 899 3142 et
919 3084 1050 3160 salutem,
1074 3104 1131 3162 quo
1154 3104 1242 3143 sensu
1263 3086 1350 3144 etiarn

142 3164 216 3224 fides
229 3172 349 3225 vocatur
367 3184 437 3240 opto
460 3164 527 3240 Dei,
542 3163 592 3224 Jo.
608 3163 648 3223 vi.
663 3167 711 3240 29,
735 3163 787 3223 sed
809 3164 896 3223 etiam
917 3165 1039 3241 proprie,
1063 3164 1132 3241 quia
1157 3165 1350 3242 Evangelinm

142 3264 202 3303 non
216 3245 336 3304 estsine
351 3243 439 3322 Lege,
455 3263 520 3322 quae
538 3243 666 3303 suaviori
686 3243 802 3322 quidem
823 3244 910 3303 modo
931 3246 993 3322 jam
1013 3244 1191 3322 proponitur,
1213 3245 1265 3305 sed
1285 3267 1350 3324 quae

143 3331 241 3384 tnm'en
255 3324 292 3383 nd
306 3325 478 3401 obsequium
491 3323 638 3384 hominem
653 3343 766 3402 semper
779 3324 899 3402 obliget.
929 3323 1047 3399 Quarto,
1063 3324 1138 3399 Quia
1154 3326 1219 3385 Lex
1232 3328 1351 3387 moralis

144 3413 188 3464 eet
199 3404 274 3482 juris
296 3403 437 3464 naturalis
461 3412 491 3463 et
512 3403 708 3480 immutabilis,
733 3414 876 3483 utsupra
899 3405 1060 3482 probatum,
1087 3425 1208 3484 quaeque
1232 3406 1298 3467 ideo
1313 3408 1351 3466 ad

144 3504 243 3544 omnes
256 3485 389 3544 homines
403 3504 442 3543 ox
456 3504 539 3562 aequo
553 3485 678 3562 pertinet
691 3485 722 3543 in
736 3505 909 3563 quoeunque
922 3493 1075 3544 versentur
1089 3494 1175 3562 statu,
1198 3487 1240 3545 ita
1259 3497 1293 3546 ut
1313 3489 1350 3546 ab

144 3565 208 3642 ejus
222 3563 402 3642 subjectione
416 3565 505 3623 eximi
519 3573 674 3642 nequeant.

158 3672 371 3745 ,mmmm
409 3644 515 3783 chri
531 3644 673 3784 Denilqnlq,
690 3645 754 3704 Lex
777 3645 964 3784 mulgqpiam
986 3645 1149 3786 qeoessprio
1172 3648 1350 3786 eqitdiqomini

144 3801 165 3848 1.
407 3733 594 3882 vittis
619 3728 1352 3884 1591111111111111,111

219 3865 313 3920 mue.
409 3884 511 3943 solutis
525 3904 543 3943 a
555 3892 637 3962 perte
652 3886 716 3961 Dei,
732 3885 784 3944 sed
805 3886 892 3945 etism
906 3886 1038 3964 obsequii
1062 3886 1277 3964 stipulationem
1297 3888 1350 3944 im-

144 3970 240 4039 portat
253 3981 271 4020 o
284 3971 365 4041 porte
379 3963 514 4040 hominis,
530 3973 563 4025 ut
582 3965 824 4042 quemadmodum
846 3967 927 4026 Deus
947 3966 1101 4043 pollicetur
1121 3986 1153 4025 se
1173 3965 1233 4024 fore
1256 3967 1351 4026 Deum

145 4049 276 4100 nostrum
292 4063 390 4103 amore
409 4053 439 4104 et
459 4045 646 4122 protectione,
668 4065 721 4104 nos
742 4045 871 4104 vicissim
891 4046 980 4105 simus
998 4047 1122 4124 populus
1143 4047 1208 4122 ejus
1228 4047 1308 4106 oultu
1323 4055 1352 4107 et

146 4175 347 4280 eergo
409 4124 954 4282 deterrent-,terret
968 4129 1083 4285 1111
1106 4127 1275 4284 1199
1284 4128 1355 4285 ἒξέ

241 4333 245 4342 .
409 4303 464 4344 nos
478 4283 573 4344 induit
586 4285 681 4344 Patris
695 4293 724 4344 et
738 4285 866 4360 Domini,
881 4287 928 4346 eui
941 4287 1078 4346 honorem
1093 4296 1122 4347 et
1136 4289 1246 4346 cultum
1263 4287 1354 4347 indis·

147 4413 284 4460 suntiono
292 4413 393 4459 chrm,
412 4364 759 4505 piqqsptpqqirtpsrtidebemus,
776 4366 882 4460 Melae.
897 4367 916 4426 i.
932 4370 959 4440 6,
977 4371 992 4425 l
1010 4367 1073 4426 Pet
1088 4367 1106 4425 i.
1119 4369 1229 4442 15,1o;
1252 4368 1353 4460 3.·111-

613 4491 620 4520 ,
636 4465 686 4521 qur
700 4453 733 4505 ut
746 4445 890 4523 dupheem
905 4466 975 4525 erga
987 4467 1041 4505 nos
1054 4465 1205 4524 personam
1220 4453 1353 4522 sustinet,

154 4520 244 4579 Vadis
258 4529 285 4579 et
298 4519 470 4597 Sacerdotis,
485 4525 534 4600 qui
548 4545 600 4602 pro
614 4525 699 4584 nobis
714 4525 853 4586 satisfacit
865 4527 973 4604 Legem
988 4525 1142 4604 implendo,
1158 4535 1187 4584 et
1198 4525 1307 4600 Capitis
1321 4548 1357 4585 ae

150 4601 246 4678 Reqr's,
262 4601 314 4678 qui
331 4599 442 4679 Spiritu
456 4622 507 4662 suo
521 4605 551 4663 in
565 4607 650 4664 nobis
664 4614 799 4682 operatur
812 4614 841 4665 et
856 4606 964 4683 Legem
985 4605 1104 4682 implet,
1126 4605 1167 4664 ita
1181 4605 1324 4683 duplicem
1340 4625 1358 4664 1

149 4679 287 4744 fidelibus
301 4681 364 4743 suis
373 4681 511 4744 virtutem
524 4685 625 4765 exigit,
637 4693 671 4747 ut
684 4684 728 4744 illi
741 4686 885 4763 unientur,
901 4695 930 4746 et
944 4685 1014 4746 fiant
1027 4685 1073 4744 illi
1085 4685 1254 4763 conformes,
1257 4687 1356 4766 fidem,
