<?xml version="1.0" encoding="UTF-8"?>
<!DOCTYPE html PUBLIC "-//W3C//DTD XHTML 1.0 Transitional//EN"
    "http://www.w3.org/TR/xhtml1/DTD/xhtml1-transitional.dtd">
<html xmlns="http://www.w3.org/1999/xhtml" xml:lang="en" lang="en">
 <head>
  <title>
</title>
<meta http-equiv="Content-Type" content="text/html;charset=utf-8" />
  <meta name='ocr-system' content='tesseract 3.04.00' />
  <meta name='ocr-capabilities' content='ocr_page ocr_carea ocr_par ocr_line ocrx_word'/>
</head>
<body>
  <div class='ocr_page' id='page_1' title='image "./francisciturret00pictgoog_0136.png"; bbox 0 0 3202 5194; ppageno 0'>
   <div class='ocr_carea' id='block_1_1' title="bbox 104 388 1316 472">
    <p class='ocr_par' dir='ltr' id='par_1_1' title="bbox 104 388 1316 472">
     <span class='ocr_line' id='line_1_1' title="bbox 104 388 1316 472; baseline -0.003 -19"><span class='ocrx_word' id='word_1_1' title='bbox 104 410 222 460; x_wconf 74' lang='grc'><strong>661661.</strong></span> <span class='ocrx_word' id='word_1_2' title='bbox 236 388 341 472; x_wconf 79' lang='lat' dir='ltr'><strong>xvim]</strong></span> <span class='ocrx_word' id='word_1_3' title='bbox 624 403 664 442; x_wconf 85' lang='lat' dir='ltr'><strong>nn</strong></span> <span class='ocrx_word' id='word_1_4' title='bbox 678 403 756 444; x_wconf 84' lang='grc'><strong>6666</strong></span> <span class='ocrx_word' id='word_1_5' title='bbox 770 403 830 443; x_wconf 87' lang='grc'><strong>661.</strong></span> <span class='ocrx_word' id='word_1_6' title='bbox 1260 392 1316 449; x_wconf 87' lang='lat'><strong>105</strong></span> 
     </span>
    </p>
   </div>
   <div class='ocr_carea' id='block_1_2' title="bbox 29 511 1316 628">
    <p class='ocr_par' dir='ltr' id='par_1_2' title="bbox 29 511 1316 628">
     <span class='ocr_line' id='line_1_2' title="bbox 29 511 1316 628; baseline -0.003 -16"><span class='ocrx_word' id='word_1_7' title='bbox 29 511 31 543; x_wconf 71' lang='lat' dir='ltr'><strong>r</strong></span> <span class='ocrx_word' id='word_1_8' title='bbox 101 553 198 628; x_wconf 73' lang='lat' dir='ltr'><strong>sermio</strong></span> <span class='ocrx_word' id='word_1_9' title='bbox 211 553 358 626; x_wconf 78' lang='grc'><strong>6611616111,</strong></span> <span class='ocrx_word' id='word_1_10' title='bbox 374 546 444 626; x_wconf 89' lang='lat' dir='ltr'><strong>quia</strong></span> <span class='ocrx_word' id='word_1_11' title='bbox 456 545 518 606; x_wconf 87' lang='lat' dir='ltr'><strong>vita</strong></span> <span class='ocrx_word' id='word_1_12' title='bbox 530 551 672 604; x_wconf 82' lang='lat' dir='ltr'><strong>nostrast</strong></span> <span class='ocrx_word' id='word_1_13' title='bbox 686 543 780 602; x_wconf 84' lang='lat' dir='ltr'><strong>aliena</strong></span> <span class='ocrx_word' id='word_1_14' title='bbox 799 563 858 604; x_wconf 92' lang='lat' dir='ltr'><strong>non</strong></span> <span class='ocrx_word' id='word_1_15' title='bbox 872 543 959 604; x_wconf 91' lang='lat' dir='ltr'><strong>debet</strong></span> <span class='ocrx_word' id='word_1_16' title='bbox 979 565 1044 605; x_wconf 91' lang='lat' dir='ltr'><strong>cnm</strong></span> <span class='ocrx_word' id='word_1_17' title='bbox 1058 545 1143 606; x_wconf 79' lang='lat' dir='ltr'><strong>benis</strong></span> <span class='ocrx_word' id='word_1_18' title='bbox 1159 546 1224 607; x_wconf 89' lang='lat' dir='ltr'><strong>aliis</strong></span> <span class='ocrx_word' id='word_1_19' title='bbox 1244 557 1316 608; x_wconf 89' lang='lat' dir='ltr'><strong>tem·</strong></span> 
     </span>
    </p>
   </div>
   <div class='ocr_carea' id='block_1_3' title="bbox 110 625 1321 2788">
    <p class='ocr_par' dir='ltr' id='par_1_3' title="bbox 110 625 1321 2067">
     <span class='ocr_line' id='line_1_3' title="bbox 110 625 1317 710; baseline -0.001 -19"><span class='ocrx_word' id='word_1_20' title='bbox 110 632 261 710; x_wconf 83' lang='lat' dir='ltr'><strong>poralibus</strong></span> <span class='ocrx_word' id='word_1_21' title='bbox 276 628 457 690; x_wconf 88' lang='lat' dir='ltr'><strong>commutari.</strong></span> <span class='ocrx_word' id='word_1_22' title='bbox 499 627 566 685; x_wconf 90' lang='lat' dir='ltr'><strong>Non</strong></span> <span class='ocrx_word' id='word_1_23' title='bbox 585 625 710 684; x_wconf 79' lang='lat' dir='ltr'><strong>veritatis</strong></span> <span class='ocrx_word' id='word_1_24' title='bbox 729 625 924 700; x_wconf 81' lang='lat' dir='ltr'><strong>manifestatio,</strong></span> <span class='ocrx_word' id='word_1_25' title='bbox 946 634 997 686; x_wconf 90' lang='lat' dir='ltr'><strong>aut</strong></span> <span class='ocrx_word' id='word_1_26' title='bbox 1016 627 1139 686; x_wconf 73' lang='lat' dir='ltr'><strong>criminis</strong></span> <span class='ocrx_word' id='word_1_27' title='bbox 1158 630 1317 706; x_wconf 71' lang='lat' dir='ltr'><strong>perpetio:</strong></span> 
     </span>
     <span class='ocr_line' id='line_1_4' title="bbox 111 703 1316 789; baseline -0.002 -18"><span class='ocrx_word' id='word_1_28' title='bbox 111 713 183 789; x_wconf 89' lang='lat' dir='ltr'><strong>quia</strong></span> <span class='ocrx_word' id='word_1_29' title='bbox 196 731 263 770; x_wconf 91' lang='lat' dir='ltr'><strong>cnm</strong></span> <span class='ocrx_word' id='word_1_30' title='bbox 282 711 366 770; x_wconf 89' lang='lat' dir='ltr'><strong>nulla</strong></span> <span class='ocrx_word' id='word_1_31' title='bbox 386 709 425 768; x_wconf 90' lang='lat' dir='ltr'><strong>sit</strong></span> <span class='ocrx_word' id='word_1_32' title='bbox 438 705 589 786; x_wconf 82' lang='lat' dir='ltr'>promissio</span> <span class='ocrx_word' id='word_1_33' title='bbox 604 705 669 780; x_wconf 89' lang='lat' dir='ltr'><strong>Dei,</strong></span> <span class='ocrx_word' id='word_1_34' title='bbox 691 703 770 780; x_wconf 91' lang='lat' dir='ltr'><strong>quod</strong></span> <span class='ocrx_word' id='word_1_35' title='bbox 789 705 845 763; x_wconf 89' lang='lat' dir='ltr'><strong>hoc</strong></span> <span class='ocrx_word' id='word_1_36' title='bbox 864 704 951 764; x_wconf 92' lang='lat' dir='ltr'><strong>modo</strong></span> <span class='ocrx_word' id='word_1_37' title='bbox 972 707 1168 766; x_wconf 88' lang='lat' dir='ltr'><strong>testimonium</strong></span> <span class='ocrx_word' id='word_1_38' title='bbox 1188 711 1316 786; x_wconf 80' lang='lat' dir='ltr'><strong>praebere</strong></span> 
     </span>
     <span class='ocr_line' id='line_1_5' title="bbox 111 783 1318 866; baseline 0.001 -17"><span class='ocrx_word' id='word_1_39' title='bbox 111 793 187 852; x_wconf 80' lang='lat' dir='ltr'><strong>uelit</strong></span> <span class='ocrx_word' id='word_1_40' title='bbox 199 792 325 866; x_wconf 88' lang='lat' dir='ltr'><strong>veritati,</strong></span> <span class='ocrx_word' id='word_1_41' title='bbox 341 787 599 848; x_wconf 76' lang='lat' dir='ltr'><strong>extraordinariam</strong></span> <span class='ocrx_word' id='word_1_42' title='bbox 620 785 683 862; x_wconf 86' lang='lat' dir='ltr'><strong>ejus</strong></span> <span class='ocrx_word' id='word_1_43' title='bbox 702 783 914 862; x_wconf 82' lang='lat' dir='ltr'><strong>providentiam</strong></span> <span class='ocrx_word' id='word_1_44' title='bbox 928 787 984 846; x_wconf 92' lang='lat' dir='ltr'><strong>hoc</strong></span> <span class='ocrx_word' id='word_1_45' title='bbox 996 787 1083 846; x_wconf 91' lang='lat' dir='ltr'><strong>modo</strong></span> <span class='ocrx_word' id='word_1_46' title='bbox 1097 788 1246 849; x_wconf 88' lang='lat' dir='ltr'><strong>consulere</strong></span> <span class='ocrx_word' id='word_1_47' title='bbox 1267 800 1318 850; x_wconf 89' lang='lat' dir='ltr'><strong>aut</strong></span> 
     </span>
     <span class='ocr_line' id='line_1_6' title="bbox 112 865 1320 950; baseline -0.001 -20"><span class='ocrx_word' id='word_1_48' title='bbox 112 872 268 950; x_wconf 88' lang='lat' dir='ltr'><strong>appellare,</strong></span> <span class='ocrx_word' id='word_1_49' title='bbox 283 870 359 929; x_wconf 88' lang='lat' dir='ltr'><strong>nihil</strong></span> <span class='ocrx_word' id='word_1_50' title='bbox 377 868 457 928; x_wconf 87' lang='lat' dir='ltr'><strong>aliud</strong></span> <span class='ocrx_word' id='word_1_51' title='bbox 477 874 522 927; x_wconf 88' lang='lat' dir='ltr'><strong>est</strong></span> <span class='ocrx_word' id='word_1_52' title='bbox 535 885 623 944; x_wconf 90' lang='lat' dir='ltr'><strong>quam</strong></span> <span class='ocrx_word' id='word_1_53' title='bbox 643 865 809 925; x_wconf 79' lang='lat' dir='ltr'><strong>inventione</strong></span> <span class='ocrx_word' id='word_1_54' title='bbox 823 865 967 925; x_wconf 87' lang='lat' dir='ltr'><strong>diabolica</strong></span> <span class='ocrx_word' id='word_1_55' title='bbox 981 867 1075 926; x_wconf 90' lang='lat' dir='ltr'><strong>Deum</strong></span> <span class='ocrx_word' id='word_1_56' title='bbox 1089 876 1210 928; x_wconf 85' lang='lat' dir='ltr'><strong>tentare.</strong></span> <span class='ocrx_word' id='word_1_57' title='bbox 1252 869 1320 929; x_wconf 92' lang='lat' dir='ltr'><strong>Non</strong></span> 
     </span>
     <span class='ocr_line' id='line_1_7' title="bbox 112 945 1319 1028; baseline -0.002 -17"><span class='ocrx_word' id='word_1_58' title='bbox 112 953 193 1011; x_wconf 72' lang='lat' dir='ltr'><strong>rind&#39;</strong></span> <span class='ocrx_word' id='word_1_59' title='bbox 250 951 393 1024; x_wconf 66' lang='grc'><strong>6666661161</strong></span> <span class='ocrx_word' id='word_1_60' title='bbox 406 948 474 1026; x_wconf 91' lang='lat' dir='ltr'><strong>quia</strong></span> <span class='ocrx_word' id='word_1_61' title='bbox 484 945 614 1005; x_wconf 82' lang='lat' dir='ltr'><strong>vindicta</strong></span> <span class='ocrx_word' id='word_1_62' title='bbox 624 945 785 1022; x_wconf 85' lang='lat' dir='ltr'><strong>denegatur</strong></span> <span class='ocrx_word' id='word_1_63' title='bbox 797 945 927 1022; x_wconf 89' lang='lat' dir='ltr'><strong>privatis,</strong></span> <span class='ocrx_word' id='word_1_64' title='bbox 942 947 1099 1024; x_wconf 88' lang='lat' dir='ltr'><strong>quiessent</strong></span> <span class='ocrx_word' id='word_1_65' title='bbox 1110 949 1150 1007; x_wconf 89' lang='lat' dir='ltr'><strong>sic</strong></span> <span class='ocrx_word' id='word_1_66' title='bbox 1162 949 1277 1028; x_wconf 87' lang='lat' dir='ltr'><strong>judiees</strong></span> <span class='ocrx_word' id='word_1_67' title='bbox 1287 951 1319 1010; x_wconf 90' lang='lat' dir='ltr'><strong>in</strong></span> 
     </span>
     <span class='ocr_line' id='line_1_8' title="bbox 113 1025 1317 1110; baseline -0.002 -19"><span class='ocrx_word' id='word_1_68' title='bbox 113 1053 186 1110; x_wconf 89' lang='lat' dir='ltr'><strong>prop</strong></span> <span class='ocrx_word' id='word_1_69' title='bbox 243 1051 340 1106; x_wconf 90' lang='lat' dir='ltr'><strong>causa,</strong></span> <span class='ocrx_word' id='word_1_70' title='bbox 356 1039 385 1088; x_wconf 87' lang='lat' dir='ltr'><strong>et</strong></span> <span class='ocrx_word' id='word_1_71' title='bbox 399 1028 469 1087; x_wconf 87' lang='lat' dir='ltr'><strong>solis</strong></span> <span class='ocrx_word' id='word_1_72' title='bbox 482 1026 613 1105; x_wconf 90' lang='lat' dir='ltr'><strong>personis</strong></span> <span class='ocrx_word' id='word_1_73' title='bbox 626 1026 751 1103; x_wconf 89' lang='lat' dir='ltr'><strong>publicis</strong></span> <span class='ocrx_word' id='word_1_74' title='bbox 764 1025 844 1084; x_wconf 90' lang='lat' dir='ltr'><strong>licita</strong></span> <span class='ocrx_word' id='word_1_75' title='bbox 857 1034 910 1102; x_wconf 90' lang='lat' dir='ltr'><strong>est,</strong></span> <span class='ocrx_word' id='word_1_76' title='bbox 930 1026 1016 1104; x_wconf 91' lang='lat' dir='ltr'><strong>idque</strong></span> <span class='ocrx_word' id='word_1_77' title='bbox 1030 1029 1080 1087; x_wconf 85' lang='lat' dir='ltr'><strong>via</strong></span> <span class='ocrx_word' id='word_1_78' title='bbox 1095 1029 1180 1107; x_wconf 90' lang='lat' dir='ltr'><strong>juris.</strong></span> <span class='ocrx_word' id='word_1_79' title='bbox 1223 1031 1317 1106; x_wconf 84' lang='lat' dir='ltr'><strong>Quam</strong></span> 
     </span>
     <span class='ocr_line' id='line_1_9' title="bbox 114 1106 1318 1189; baseline -0.001 -19"><span class='ocrx_word' id='word_1_80' title='bbox 114 1131 184 1172; x_wconf 89' lang='lat' dir='ltr'><strong>vero</strong></span> <span class='ocrx_word' id='word_1_81' title='bbox 205 1111 261 1172; x_wconf 87' lang='lat' dir='ltr'><strong>arti</strong></span> <span class='ocrx_word' id='word_1_82' title='bbox 275 1111 325 1170; x_wconf 90' lang='lat' dir='ltr'><strong>isti</strong></span> <span class='ocrx_word' id='word_1_83' title='bbox 338 1109 490 1168; x_wconf 76' lang='lat' dir='ltr'><strong>diabolica</strong></span> <span class='ocrx_word' id='word_1_84' title='bbox 502 1106 620 1166; x_wconf 83' lang='lat' dir='ltr'><strong>faveant</strong></span> <span class='ocrx_word' id='word_1_85' title='bbox 633 1107 767 1181; x_wconf 84' lang='lat' dir='ltr'><strong>Jesui&#39;tee,</strong></span> <span class='ocrx_word' id='word_1_86' title='bbox 783 1106 903 1181; x_wconf 73' lang='grc'><strong>6666166,</strong></span> <span class='ocrx_word' id='word_1_87' title='bbox 918 1107 1040 1184; x_wconf 80' lang='lat' dir='ltr'><strong>Amicus,</strong></span> <span class='ocrx_word' id='word_1_88' title='bbox 1055 1111 1193 1186; x_wconf 70' lang='lat' dir='ltr'><strong>Essedon,</strong></span> <span class='ocrx_word' id='word_1_89' title='bbox 1215 1120 1245 1170; x_wconf 92' lang='lat' dir='ltr'><strong>et</strong></span> <span class='ocrx_word' id='word_1_90' title='bbox 1258 1111 1318 1189; x_wconf 89' lang='lat' dir='ltr'><strong>alii,</strong></span> 
     </span>
     <span class='ocr_line' id='line_1_10' title="bbox 113 1186 1315 1271; baseline -0.002 -20"><span class='ocrx_word' id='word_1_91' title='bbox 113 1200 193 1271; x_wconf 86' lang='lat' dir='ltr'><strong>patet</strong></span> <span class='ocrx_word' id='word_1_92' title='bbox 207 1211 246 1251; x_wconf 84' lang='lat' dir='ltr'><strong>ex</strong></span> <span class='ocrx_word' id='word_1_93' title='bbox 260 1189 416 1268; x_wconf 84' lang='lat' dir='ltr'><strong>Excerptis</strong></span> <span class='ocrx_word' id='word_1_94' title='bbox 430 1186 598 1265; x_wconf 82' lang='lat' dir='ltr'><strong>Theologiac</strong></span> <span class='ocrx_word' id='word_1_95' title='bbox 614 1205 713 1246; x_wconf 89' lang='lat' dir='ltr'><strong>eorum</strong></span> <span class='ocrx_word' id='word_1_96' title='bbox 728 1186 854 1264; x_wconf 88' lang='lat' dir='ltr'><strong>moralis,</strong></span> <span class='ocrx_word' id='word_1_97' title='bbox 869 1187 949 1246; x_wconf 73' lang='grc'><strong>661111</strong></span> <span class='ocrx_word' id='word_1_98' title='bbox 962 1207 1008 1247; x_wconf 89' lang='lat' dir='ltr'><strong>an.</strong></span> <span class='ocrx_word' id='word_1_99' title='bbox 1026 1191 1112 1267; x_wconf 91' lang='grc'><strong>1666,</strong></span> <span class='ocrx_word' id='word_1_100' title='bbox 1126 1190 1256 1268; x_wconf 89' lang='lat' dir='ltr'><strong>Proposi.</strong></span> <span class='ocrx_word' id='word_1_101' title='bbox 1268 1194 1315 1268; x_wconf 92' lang='grc'><strong>11,</strong></span> 
     </span>
     <span class='ocr_line' id='line_1_11' title="bbox 130 1317 1321 1443; baseline 0.003 -37"><span class='ocrx_word' id='word_1_102' title='bbox 130 1318 161 1442; x_wconf 65' lang='lat'><strong>3&#39;</strong></span> <span class='ocrx_word' id='word_1_103' title='bbox 168 1398 182 1442; x_wconf 93' lang='lat'>1</span> <span class='ocrx_word' id='word_1_104' title='bbox 217 1317 227 1348; x_wconf 59' lang='lat'>’</span> <span class='ocrx_word' id='word_1_105' title='bbox 235 1401 247 1443; x_wconf 86' lang='lat' dir='ltr'><strong>t</strong></span> <span class='ocrx_word' id='word_1_106' title='bbox 259 1397 299 1442; x_wconf 78' lang='lat' dir='ltr'><strong>oni</strong></span> <span class='ocrx_word' id='word_1_107' title='bbox 420 1348 568 1406; x_wconf 89' lang='lat' dir='ltr'>XXXII.</span> <span class='ocrx_word' id='word_1_108' title='bbox 590 1346 697 1423; x_wconf 85' lang='lat' dir='ltr'><strong>Tertio,</strong></span> <span class='ocrx_word' id='word_1_109' title='bbox 718 1366 777 1405; x_wconf 90' lang='lat' dir='ltr'><strong>nou</strong></span> <span class='ocrx_word' id='word_1_110' title='bbox 791 1353 907 1405; x_wconf 81' lang='lat' dir='ltr'><strong>vetatur</strong></span> <span class='ocrx_word' id='word_1_111' title='bbox 926 1355 1038 1408; x_wconf 87' lang='lat' dir='ltr'><strong>tantum</strong></span> <span class='ocrx_word' id='word_1_112' title='bbox 1054 1349 1251 1411; x_wconf 87' lang='lat' dir='ltr'><strong>Homicidium</strong></span> <span class='ocrx_word' id='word_1_113' title='bbox 1270 1371 1321 1410; x_wconf 86' lang='lat' dir='ltr'><strong>ex·</strong></span> 
     </span>
     <span class='ocr_line' id='line_1_12' title="bbox 145 1412 1320 1510; baseline 0.002 -22"><span class='ocrx_word' id='word_1_114' title='bbox 145 1429 152 1440; x_wconf 84' lang='grc'><em>“</em></span> <span class='ocrx_word' id='word_1_115' title='bbox 183 1412 234 1443; x_wconf 69' lang='lat'><strong>¹⁸⁰</strong></span> <span class='ocrx_word' id='word_1_116' title='bbox 299 1412 349 1442; x_wconf 57' lang='grc' dir='ltr'><strong>ω’</strong></span> <span class='ocrx_word' id='word_1_117' title='bbox 379 1437 493 1488; x_wconf 81' lang='lat' dir='ltr'><strong>ternum</strong></span> <span class='ocrx_word' id='word_1_118' title='bbox 506 1436 536 1488; x_wconf 90' lang='lat' dir='ltr'><strong>et</strong></span> <span class='ocrx_word' id='word_1_119' title='bbox 549 1447 728 1506; x_wconf 79' lang='lat' dir='ltr'><strong>quacunque</strong></span> <span class='ocrx_word' id='word_1_120' title='bbox 743 1446 777 1486; x_wconf 91' lang='grc'><strong>66</strong></span> <span class='ocrx_word' id='word_1_121' title='bbox 787 1427 950 1504; x_wconf 81' lang='lat' dir='ltr'><strong>pertinent3</strong></span> <span class='ocrx_word' id='word_1_122' title='bbox 971 1428 1029 1488; x_wconf 87' lang='lat' dir='ltr'><strong>Sed</strong></span> <span class='ocrx_word' id='word_1_123' title='bbox 1042 1431 1211 1507; x_wconf 89' lang='lat' dir='ltr'><strong>prohibetur</strong></span> <span class='ocrx_word' id='word_1_124' title='bbox 1225 1432 1320 1510; x_wconf 88' lang='lat' dir='ltr'><strong>etiam,</strong></span> 
     </span>
     <span class='ocr_line' id='line_1_13' title="bbox 117 1507 1319 1590; baseline 0.002 -22"><span class='ocrx_word' id='word_1_125' title='bbox 117 1529 182 1568; x_wconf 87' lang='lat' dir='ltr'><strong>cnm</strong></span> <span class='ocrx_word' id='word_1_126' title='bbox 198 1511 262 1569; x_wconf 85' lang='lat' dir='ltr'><strong>Lex</strong></span> <span class='ocrx_word' id='word_1_127' title='bbox 276 1510 315 1570; x_wconf 90' lang='grc'><strong>611</strong></span> <span class='ocrx_word' id='word_1_128' title='bbox 329 1509 495 1588; x_wconf 85' lang='lat' dir='ltr'><strong>spiritualis,</strong></span> <span class='ocrx_word' id='word_1_129' title='bbox 510 1508 561 1583; x_wconf 87' lang='lat' dir='ltr'><strong>ire,</strong></span> <span class='ocrx_word' id='word_1_130' title='bbox 574 1507 684 1584; x_wconf 91' lang='lat' dir='ltr'><strong>odium,</strong></span> <span class='ocrx_word' id='word_1_131' title='bbox 699 1507 837 1566; x_wconf 77' lang='lat' dir='ltr'><strong>vindicte</strong></span> <span class='ocrx_word' id='word_1_132' title='bbox 850 1507 986 1584; x_wconf 85' lang='lat' dir='ltr'><strong>studium,</strong></span> <span class='ocrx_word' id='word_1_133' title='bbox 1002 1509 1121 1586; x_wconf 91' lang='lat' dir='ltr'><strong>invidia,</strong></span> <span class='ocrx_word' id='word_1_134' title='bbox 1137 1512 1319 1590; x_wconf 86' lang='lat' dir='ltr'><strong>contumelia,</strong></span> 
     </span>
     <span class='ocr_line' id='line_1_14' title="bbox 113 1586 1316 1668; baseline 0.001 -19"><span class='ocrx_word' id='word_1_135' title='bbox 113 1599 143 1649; x_wconf 91' lang='lat' dir='ltr'><strong>et</strong></span> <span class='ocrx_word' id='word_1_136' title='bbox 156 1589 296 1668; x_wconf 89' lang='lat' dir='ltr'><strong>quicquid</strong></span> <span class='ocrx_word' id='word_1_137' title='bbox 310 1609 376 1649; x_wconf 91' lang='lat' dir='ltr'><strong>cum</strong></span> <span class='ocrx_word' id='word_1_138' title='bbox 387 1607 457 1648; x_wconf 88' lang='lat' dir='ltr'><strong>vera</strong></span> <span class='ocrx_word' id='word_1_139' title='bbox 470 1596 500 1648; x_wconf 88' lang='lat' dir='ltr'><strong>et</strong></span> <span class='ocrx_word' id='word_1_140' title='bbox 514 1588 625 1647; x_wconf 87' lang='lat' dir='ltr'><strong>sincera</strong></span> <span class='ocrx_word' id='word_1_141' title='bbox 638 1587 764 1666; x_wconf 88' lang='lat' dir='ltr'><strong>proximi</strong></span> <span class='ocrx_word' id='word_1_142' title='bbox 776 1586 940 1665; x_wconf 82' lang='lat' dir='ltr'><strong>dilectione,</strong></span> <span class='ocrx_word' id='word_1_143' title='bbox 950 1598 1000 1648; x_wconf 89' lang='grc'><strong>661</strong></span> <span class='ocrx_word' id='word_1_144' title='bbox 1013 1589 1144 1667; x_wconf 84' lang='lat' dir='ltr'><strong>legitima</strong></span> <span class='ocrx_word' id='word_1_145' title='bbox 1158 1591 1204 1650; x_wconf 90' lang='lat' dir='ltr'><strong>sui</strong></span> <span class='ocrx_word' id='word_1_146' title='bbox 1217 1592 1316 1651; x_wconf 88' lang='lat' dir='ltr'><strong>defen-</strong></span> 
     </span>
     <span class='ocr_line' id='line_1_15' title="bbox 115 1666 1316 1748; baseline 0 -18"><span class='ocrx_word' id='word_1_147' title='bbox 115 1671 196 1730; x_wconf 88' lang='lat' dir='ltr'><strong>sione</strong></span> <span class='ocrx_word' id='word_1_148' title='bbox 209 1678 330 1748; x_wconf 86' lang='lat' dir='ltr'><strong>pugnat.</strong></span> <span class='ocrx_word' id='word_1_149' title='bbox 372 1669 444 1744; x_wconf 77' lang='lat' dir='ltr'><strong>Qua</strong></span> <span class='ocrx_word' id='word_1_150' title='bbox 458 1668 554 1728; x_wconf 91' lang='lat' dir='ltr'><strong>omnia</strong></span> <span class='ocrx_word' id='word_1_151' title='bbox 569 1687 628 1726; x_wconf 92' lang='lat' dir='ltr'><strong>non</strong></span> <span class='ocrx_word' id='word_1_152' title='bbox 649 1667 787 1727; x_wconf 83' lang='lat' dir='ltr'><strong>salumin</strong></span> <span class='ocrx_word' id='word_1_153' title='bbox 808 1666 844 1726; x_wconf 90' lang='lat' dir='ltr'><strong>N.</strong></span> <span class='ocrx_word' id='word_1_154' title='bbox 860 1667 894 1726; x_wconf 84' lang='grc' dir='ltr'><strong>Τ.</strong></span> <span class='ocrx_word' id='word_1_155' title='bbox 909 1667 1090 1746; x_wconf 88' lang='grc'><strong>6661666161,</strong></span> <span class='ocrx_word' id='word_1_156' title='bbox 1106 1671 1212 1730; x_wconf 86' lang='grc' dir='ltr'><strong>Μ61111.</strong></span> <span class='ocrx_word' id='word_1_157' title='bbox 1223 1691 1252 1730; x_wconf 85' lang='lat' dir='ltr'><strong>v.</strong></span> <span class='ocrx_word' id='word_1_158' title='bbox 1268 1675 1316 1748; x_wconf 79' lang='lat'><strong>21,</strong></span> 
     </span>
     <span class='ocr_line' id='line_1_16' title="bbox 116 1746 1321 1828; baseline 0 -18"><span class='ocrx_word' id='word_1_159' title='bbox 116 1758 149 1810; x_wconf 90' lang='lat' dir='ltr'><strong>ut</strong></span> <span class='ocrx_word' id='word_1_160' title='bbox 162 1770 312 1828; x_wconf 74' lang='lat' dir='ltr'><strong>perperam</strong></span> <span class='ocrx_word' id='word_1_161' title='bbox 326 1749 430 1814; x_wconf 89' lang='lat' dir='ltr'><strong>volunt</strong></span> <span class='ocrx_word' id='word_1_162' title='bbox 446 1747 600 1823; x_wconf 85' lang='lat' dir='ltr'><strong>Sociniani,</strong></span> <span class='ocrx_word' id='word_1_163' title='bbox 616 1748 668 1807; x_wconf 90' lang='lat' dir='ltr'><strong>scd</strong></span> <span class='ocrx_word' id='word_1_164' title='bbox 683 1747 768 1806; x_wconf 84' lang='lat' dir='ltr'><strong>etiam</strong></span> <span class='ocrx_word' id='word_1_165' title='bbox 780 1746 924 1824; x_wconf 90' lang='lat' dir='ltr'><strong>prohibita</strong></span> <span class='ocrx_word' id='word_1_166' title='bbox 930 1749 992 1826; x_wconf 91' lang='lat' dir='ltr'><strong>jam</strong></span> <span class='ocrx_word' id='word_1_167' title='bbox 1002 1749 1140 1825; x_wconf 80' lang='lat' dir='ltr'><strong>legmntnr</strong></span> <span class='ocrx_word' id='word_1_168' title='bbox 1148 1758 1178 1810; x_wconf 91' lang='lat' dir='ltr'><strong>et</strong></span> <span class='ocrx_word' id='word_1_169' title='bbox 1186 1751 1321 1810; x_wconf 89' lang='lat' dir='ltr'><strong>damnata</strong></span> 
     </span>
     <span class='ocr_line' id='line_1_17' title="bbox 115 1827 1319 1905; baseline 0.002 -17"><span class='ocrx_word' id='word_1_170' title='bbox 115 1831 145 1888; x_wconf 93' lang='lat' dir='ltr'><strong>in</strong></span> <span class='ocrx_word' id='word_1_171' title='bbox 160 1831 271 1905; x_wconf 86' lang='lat' dir='ltr'><strong>Veteri,</strong></span> <span class='ocrx_word' id='word_1_172' title='bbox 287 1831 360 1890; x_wconf 86' lang='lat' dir='ltr'><strong>Lev.</strong></span> <span class='ocrx_word' id='word_1_173' title='bbox 375 1830 437 1888; x_wconf 87' lang='lat' dir='ltr'><strong>xix.</strong></span> <span class='ocrx_word' id='word_1_174' title='bbox 454 1832 500 1904; x_wconf 95' lang='grc'><strong>17,</strong></span> <span class='ocrx_word' id='word_1_175' title='bbox 518 1831 553 1888; x_wconf 88' lang='lat'><strong>18</strong></span> <span class='ocrx_word' id='word_1_176' title='bbox 567 1850 574 1904; x_wconf 86' lang='lat'><strong>;</strong></span> <span class='ocrx_word' id='word_1_177' title='bbox 597 1828 685 1886; x_wconf 89' lang='lat' dir='ltr'><strong>Zacb.</strong></span> <span class='ocrx_word' id='word_1_178' title='bbox 699 1827 761 1885; x_wconf 86' lang='lat' dir='ltr'><strong>viii.</strong></span> <span class='ocrx_word' id='word_1_179' title='bbox 778 1829 824 1902; x_wconf 83' lang='lat'><strong>16,</strong></span> <span class='ocrx_word' id='word_1_180' title='bbox 842 1830 888 1885; x_wconf 92' lang='grc'><strong>17.</strong></span> <span class='ocrx_word' id='word_1_181' title='bbox 932 1827 1014 1888; x_wconf 82' lang='lat' dir='ltr'><strong>Licet</strong></span> <span class='ocrx_word' id='word_1_182' title='bbox 1034 1829 1112 1887; x_wconf 90' lang='lat' dir='ltr'><strong>enim</strong></span> <span class='ocrx_word' id='word_1_183' title='bbox 1132 1830 1319 1890; x_wconf 80' lang='lat' dir='ltr'><strong>homicidium</strong></span> 
     </span>
     <span class='ocr_line' id='line_1_18' title="bbox 117 1907 1317 1986; baseline 0.001 -17"><span class='ocrx_word' id='word_1_184' title='bbox 117 1911 213 1970; x_wconf 89' lang='lat' dir='ltr'><strong>solnm</strong></span> <span class='ocrx_word' id='word_1_185' title='bbox 227 1910 392 1970; x_wconf 80' lang='lat' dir='ltr'><strong>effectiuum</strong></span> <span class='ocrx_word' id='word_1_186' title='bbox 408 1917 437 1968; x_wconf 91' lang='lat' dir='ltr'><strong>et</strong></span> <span class='ocrx_word' id='word_1_187' title='bbox 450 1918 602 1969; x_wconf 86' lang='lat' dir='ltr'><strong>externum</strong></span> <span class='ocrx_word' id='word_1_188' title='bbox 616 1907 723 1967; x_wconf 88' lang='grc'><strong>1616661</strong></span> <span class='ocrx_word' id='word_1_189' title='bbox 737 1907 803 1984; x_wconf 89' lang='lat' dir='ltr'><strong>lege</strong></span> <span class='ocrx_word' id='word_1_190' title='bbox 817 1907 978 1984; x_wconf 70' lang='lat' dir='ltr'><strong>capitaliter</strong></span> <span class='ocrx_word' id='word_1_191' title='bbox 990 1909 1134 1986; x_wconf 83' lang='lat' dir='ltr'><strong>puniatur,</strong></span> <span class='ocrx_word' id='word_1_192' title='bbox 1151 1911 1223 1970; x_wconf 89' lang='lat' dir='ltr'><strong>Lev.</strong></span> <span class='ocrx_word' id='word_1_193' title='bbox 1235 1911 1317 1971; x_wconf 84' lang='lat' dir='ltr'><strong>xxiv.</strong></span> 
     </span>
     <span class='ocr_line' id='line_1_19' title="bbox 120 1986 1157 2067; baseline 0 -18"><span class='ocrx_word' id='word_1_194' title='bbox 120 1995 165 2067; x_wconf 90' lang='grc'><strong>17,</strong></span> <span class='ocrx_word' id='word_1_195' title='bbox 181 1992 340 2066; x_wconf 71' lang='lat' dir='ltr'><strong>affectabam</strong></span> <span class='ocrx_word' id='word_1_196' title='bbox 353 1998 451 2049; x_wconf 89' lang='lat' dir='ltr'><strong>tamen</strong></span> <span class='ocrx_word' id='word_1_197' title='bbox 465 1997 494 2048; x_wconf 92' lang='lat' dir='ltr'><strong>et</strong></span> <span class='ocrx_word' id='word_1_198' title='bbox 506 1989 646 2048; x_wconf 81' lang='lat' dir='ltr'><strong>internum</strong></span> <span class='ocrx_word' id='word_1_199' title='bbox 660 1986 761 2046; x_wconf 89' lang='lat' dir='ltr'><strong>eodem</strong></span> <span class='ocrx_word' id='word_1_200' title='bbox 775 1987 839 2046; x_wconf 90' lang='lat' dir='ltr'><strong>loco</strong></span> <span class='ocrx_word' id='word_1_201' title='bbox 853 1987 935 2047; x_wconf 89' lang='lat' dir='ltr'><strong>venit</strong></span> <span class='ocrx_word' id='word_1_202' title='bbox 947 1989 1025 2066; x_wconf 90' lang='lat' dir='ltr'><strong>apud</strong></span> <span class='ocrx_word' id='word_1_203' title='bbox 1040 1991 1157 2049; x_wconf 54' lang='lat' dir='ltr'><strong>Deum«</strong></span> 
     </span>
    </p>

    <p class='ocr_par' dir='ltr' id='par_1_4' title="bbox 115 2067 1321 2788">
     <span class='ocr_line' id='line_1_20' title="bbox 155 2067 1315 2149; baseline -0.001 -19"><span class='ocrx_word' id='word_1_204' title='bbox 155 2070 324 2130; x_wconf 85' lang='lat' dir='ltr'>XXXIII.</span> <span class='ocrx_word' id='word_1_205' title='bbox 346 2070 422 2145; x_wconf 84' lang='lat' dir='ltr'><strong>Quia</strong></span> <span class='ocrx_word' id='word_1_206' title='bbox 441 2089 511 2128; x_wconf 82' lang='lat' dir='ltr'><strong>vcro</strong></span> <span class='ocrx_word' id='word_1_207' title='bbox 532 2069 562 2126; x_wconf 93' lang='lat' dir='ltr'><strong>in</strong></span> <span class='ocrx_word' id='word_1_208' title='bbox 582 2067 734 2146; x_wconf 72' lang='lat' dir='ltr'><strong>praeceptis</strong></span> <span class='ocrx_word' id='word_1_209' title='bbox 754 2067 908 2144; x_wconf 77' lang='lat' dir='ltr'><strong>negativis,</strong></span> <span class='ocrx_word' id='word_1_210' title='bbox 930 2069 1101 2128; x_wconf 83' lang='lat' dir='ltr'><strong>affirmativa</strong></span> <span class='ocrx_word' id='word_1_211' title='bbox 1124 2071 1315 2149; x_wconf 90' lang='lat' dir='ltr'><strong>continentur,</strong></span> 
     </span>
     <span class='ocr_line' id='line_1_21' title="bbox 115 2147 1319 2229; baseline 0.001 -19"><span class='ocrx_word' id='word_1_212' title='bbox 115 2151 170 2210; x_wconf 89' lang='lat' dir='ltr'><strong>bac</strong></span> <span class='ocrx_word' id='word_1_213' title='bbox 184 2152 251 2229; x_wconf 88' lang='lat' dir='ltr'><strong>lege</strong></span> <span class='ocrx_word' id='word_1_214' title='bbox 265 2158 397 2210; x_wconf 91' lang='lat' dir='ltr'><strong>tenemur</strong></span> <span class='ocrx_word' id='word_1_215' title='bbox 410 2149 448 2207; x_wconf 91' lang='lat' dir='ltr'><strong>ad</strong></span> <span class='ocrx_word' id='word_1_216' title='bbox 460 2148 586 2227; x_wconf 83' lang='lat' dir='ltr'><strong>proximi</strong></span> <span class='ocrx_word' id='word_1_217' title='bbox 600 2147 804 2222; x_wconf 82' lang='lat' dir='ltr'><strong>defensionem,</strong></span> <span class='ocrx_word' id='word_1_218' title='bbox 827 2148 976 2223; x_wconf 89' lang='lat' dir='ltr'><strong>auxilium,</strong></span> <span class='ocrx_word' id='word_1_219' title='bbox 997 2170 1131 2226; x_wconf 88' lang='lat' dir='ltr'><strong>amorem,</strong></span> <span class='ocrx_word' id='word_1_220' title='bbox 1153 2161 1319 2211; x_wconf 87' lang='lat' dir='ltr'><strong>mansuetu-</strong></span> 
     </span>
     <span class='ocr_line' id='line_1_22' title="bbox 116 2227 1319 2308; baseline 0.002 -19"><span class='ocrx_word' id='word_1_221' title='bbox 116 2232 223 2308; x_wconf 88' lang='lat' dir='ltr'><strong>dinem,</strong></span> <span class='ocrx_word' id='word_1_222' title='bbox 239 2230 401 2290; x_wconf 77' lang='lat' dir='ltr'><strong>concordia</strong></span> <span class='ocrx_word' id='word_1_223' title='bbox 414 2239 443 2288; x_wconf 92' lang='grc'><strong>61</strong></span> <span class='ocrx_word' id='word_1_224' title='bbox 456 2229 537 2306; x_wconf 85' lang='lat' dir='ltr'><strong>pecie</strong></span> <span class='ocrx_word' id='word_1_225' title='bbox 551 2229 687 2304; x_wconf 91' lang='lat' dir='ltr'><strong>studium,</strong></span> <span class='ocrx_word' id='word_1_226' title='bbox 704 2227 759 2286; x_wconf 88' lang='lat' dir='ltr'><strong>Ro.</strong></span> <span class='ocrx_word' id='word_1_227' title='bbox 773 2229 826 2286; x_wconf 91' lang='lat' dir='ltr'><strong>xii.</strong></span> <span class='ocrx_word' id='word_1_228' title='bbox 843 2230 889 2287; x_wconf 89' lang='lat'><strong>18.</strong></span> <span class='ocrx_word' id='word_1_229' title='bbox 931 2229 997 2288; x_wconf 90' lang='lat' dir='ltr'><strong>Non</strong></span> <span class='ocrx_word' id='word_1_230' title='bbox 1018 2231 1095 2289; x_wconf 89' lang='grc'><strong>66116</strong></span> <span class='ocrx_word' id='word_1_231' title='bbox 1114 2232 1184 2291; x_wconf 86' lang='grc'><strong>66116</strong></span> <span class='ocrx_word' id='word_1_232' title='bbox 1205 2241 1250 2292; x_wconf 87' lang='grc'><strong>661</strong></span> <span class='ocrx_word' id='word_1_233' title='bbox 1270 2253 1319 2292; x_wconf 89' lang='grc'><strong>66-</strong></span> 
     </span>
     <span class='ocr_line' id='line_1_23' title="bbox 115 2307 1321 2386; baseline 0.002 -16"><span class='ocrx_word' id='word_1_234' title='bbox 115 2312 224 2370; x_wconf 79' lang='lat' dir='ltr'><strong>aunem</strong></span> <span class='ocrx_word' id='word_1_235' title='bbox 238 2311 352 2386; x_wconf 88' lang='lat' dir='ltr'><strong>laedere,</strong></span> <span class='ocrx_word' id='word_1_236' title='bbox 368 2309 421 2369; x_wconf 91' lang='grc'><strong>666</strong></span> <span class='ocrx_word' id='word_1_237' title='bbox 435 2329 519 2368; x_wconf 90' lang='lat' dir='ltr'><strong>sunm</strong></span> <span class='ocrx_word' id='word_1_238' title='bbox 533 2309 636 2385; x_wconf 88' lang='lat' dir='ltr'><strong>cuique</strong></span> <span class='ocrx_word' id='word_1_239' title='bbox 650 2307 835 2368; x_wconf 87' lang='lat' dir='ltr'><strong>tribuendum</strong></span> <span class='ocrx_word' id='word_1_240' title='bbox 849 2316 902 2368; x_wconf 87' lang='lat' dir='ltr'><strong>est.</strong></span> <span class='ocrx_word' id='word_1_241' title='bbox 944 2308 1011 2368; x_wconf 89' lang='lat' dir='ltr'><strong>Non</strong></span> <span class='ocrx_word' id='word_1_242' title='bbox 1027 2311 1098 2370; x_wconf 89' lang='lat' dir='ltr'><strong>satis</strong></span> <span class='ocrx_word' id='word_1_243' title='bbox 1112 2320 1157 2371; x_wconf 91' lang='lat' dir='ltr'><strong>est</strong></span> <span class='ocrx_word' id='word_1_244' title='bbox 1176 2314 1321 2372; x_wconf 92' lang='lat' dir='ltr'><strong>neminem</strong></span> 
     </span>
     <span class='ocr_line' id='line_1_24' title="bbox 117 2387 1321 2470; baseline 0.002 -20"><span class='ocrx_word' id='word_1_245' title='bbox 117 2391 257 2467; x_wconf 88' lang='lat' dir='ltr'><strong>occidere,</strong></span> <span class='ocrx_word' id='word_1_246' title='bbox 273 2391 326 2449; x_wconf 85' lang='grc'><strong>666</strong></span> <span class='ocrx_word' id='word_1_247' title='bbox 337 2389 512 2450; x_wconf 86' lang='lat' dir='ltr'><strong>studendum</strong></span> <span class='ocrx_word' id='word_1_248' title='bbox 522 2389 640 2466; x_wconf 83' lang='lat' dir='ltr'><strong>insuper</strong></span> <span class='ocrx_word' id='word_1_249' title='bbox 649 2388 718 2448; x_wconf 80' lang='lat' dir='ltr'><strong>vitae</strong></span> <span class='ocrx_word' id='word_1_250' title='bbox 727 2387 853 2466; x_wconf 79' lang='lat' dir='ltr'><strong>proximi</strong></span> <span class='ocrx_word' id='word_1_251' title='bbox 863 2390 1068 2450; x_wconf 76' lang='lat' dir='ltr'><strong>conservanda</strong></span> <span class='ocrx_word' id='word_1_252' title='bbox 1079 2411 1250 2470; x_wconf 87' lang='lat' dir='ltr'><strong>quacunque</strong></span> <span class='ocrx_word' id='word_1_253' title='bbox 1259 2393 1321 2452; x_wconf 87' lang='grc'><strong>11611</strong></span> 
     </span>
     <span class='ocr_line' id='line_1_25' title="bbox 116 2468 1321 2550; baseline 0.001 -20"><span class='ocrx_word' id='word_1_254' title='bbox 116 2478 212 2548; x_wconf 90' lang='lat' dir='ltr'><strong>potest</strong></span> <span class='ocrx_word' id='word_1_255' title='bbox 232 2471 355 2530; x_wconf 89' lang='lat' dir='ltr'><strong>honesta</strong></span> <span class='ocrx_word' id='word_1_256' title='bbox 374 2469 495 2529; x_wconf 87' lang='lat' dir='ltr'><strong>ratione.</strong></span> <span class='ocrx_word' id='word_1_257' title='bbox 538 2469 577 2528; x_wconf 86' lang='lat' dir='ltr'><strong>Et</strong></span> <span class='ocrx_word' id='word_1_258' title='bbox 589 2475 623 2527; x_wconf 92' lang='lat' dir='ltr'><strong>ut</strong></span> <span class='ocrx_word' id='word_1_259' title='bbox 635 2469 747 2545; x_wconf 85' lang='lat' dir='ltr'><strong>lampae</strong></span> <span class='ocrx_word' id='word_1_260' title='bbox 760 2468 869 2546; x_wconf 91' lang='lat' dir='ltr'><strong>duplici</strong></span> <span class='ocrx_word' id='word_1_261' title='bbox 887 2469 974 2528; x_wconf 90' lang='lat' dir='ltr'><strong>modo</strong></span> <span class='ocrx_word' id='word_1_262' title='bbox 988 2471 1176 2550; x_wconf 83' lang='lat' dir='ltr'><strong>extinguitur,</strong></span> <span class='ocrx_word' id='word_1_263' title='bbox 1198 2481 1248 2531; x_wconf 87' lang='lat' dir='ltr'><strong>aut</strong></span> <span class='ocrx_word' id='word_1_264' title='bbox 1268 2493 1321 2550; x_wconf 88' lang='lat' dir='ltr'><strong>per</strong></span> 
     </span>
     <span class='ocr_line' id='line_1_26' title="bbox 116 2548 1318 2630; baseline 0.002 -21"><span class='ocrx_word' id='word_1_265' title='bbox 116 2553 175 2609; x_wconf 83' lang='lat' dir='ltr'><strong>rim</strong></span> <span class='ocrx_word' id='word_1_266' title='bbox 190 2550 371 2611; x_wconf 86' lang='lat' dir='ltr'><strong>exsufflando</strong></span> <span class='ocrx_word' id='word_1_267' title='bbox 385 2551 450 2628; x_wconf 90' lang='lat' dir='ltr'><strong>ejus</strong></span> <span class='ocrx_word' id='word_1_268' title='bbox 462 2549 628 2624; x_wconf 87' lang='lat' dir='ltr'><strong>lucemam;</strong></span> <span class='ocrx_word' id='word_1_269' title='bbox 650 2556 700 2607; x_wconf 88' lang='lat' dir='ltr'><strong>eut</strong></span> <span class='ocrx_word' id='word_1_270' title='bbox 719 2567 777 2606; x_wconf 88' lang='grc'><strong>11611</strong></span> <span class='ocrx_word' id='word_1_271' title='bbox 797 2548 976 2608; x_wconf 86' lang='lat' dir='ltr'><strong>infundendo</strong></span> <span class='ocrx_word' id='word_1_272' title='bbox 990 2551 1104 2628; x_wconf 80' lang='lat' dir='ltr'><strong>oleum3</strong></span> <span class='ocrx_word' id='word_1_273' title='bbox 1127 2553 1174 2610; x_wconf 88' lang='lat' dir='ltr'><strong>Ita</strong></span> <span class='ocrx_word' id='word_1_274' title='bbox 1194 2553 1318 2630; x_wconf 88' lang='lat' dir='ltr'><strong>proximi</strong></span> 
     </span>
     <span class='ocr_line' id='line_1_27' title="bbox 116 2628 1316 2711; baseline 0.002 -22"><span class='ocrx_word' id='word_1_275' title='bbox 116 2632 176 2690; x_wconf 80' lang='lat' dir='ltr'><strong>vita</strong></span> <span class='ocrx_word' id='word_1_276' title='bbox 190 2631 357 2704; x_wconf 83' lang='lat' dir='ltr'><strong>destruitur,</strong></span> <span class='ocrx_word' id='word_1_277' title='bbox 373 2637 424 2689; x_wconf 89' lang='lat' dir='ltr'><strong>aut</strong></span> <span class='ocrx_word' id='word_1_278' title='bbox 436 2630 566 2688; x_wconf 78' lang='grc'><strong>11616616</strong></span> <span class='ocrx_word' id='word_1_279' title='bbox 579 2628 764 2704; x_wconf 86' lang='lat' dir='ltr'><strong>extinctione,</strong></span> <span class='ocrx_word' id='word_1_280' title='bbox 779 2637 829 2687; x_wconf 93' lang='lat' dir='ltr'><strong>aut</strong></span> <span class='ocrx_word' id='word_1_281' title='bbox 842 2629 942 2706; x_wconf 89' lang='lat' dir='ltr'><strong>iniqua</strong></span> <span class='ocrx_word' id='word_1_282' title='bbox 952 2631 1148 2692; x_wconf 79' lang='lat' dir='ltr'><strong>subtractione</strong></span> <span class='ocrx_word' id='word_1_283' title='bbox 1159 2633 1316 2711; x_wconf 89' lang='lat' dir='ltr'><strong>eleemosy-</strong></span> 
     </span>
     <span class='ocr_line' id='line_1_28' title="bbox 115 2707 950 2788; baseline 0.001 -20"><span class='ocrx_word' id='word_1_284' title='bbox 115 2731 213 2772; x_wconf 88' lang='lat' dir='ltr'><strong>narum</strong></span> <span class='ocrx_word' id='word_1_285' title='bbox 229 2719 260 2772; x_wconf 89' lang='lat' dir='ltr'><strong>et</strong></span> <span class='ocrx_word' id='word_1_286' title='bbox 274 2710 470 2771; x_wconf 81' lang='lat' dir='ltr'><strong>subsidiorum</strong></span> <span class='ocrx_word' id='word_1_287' title='bbox 483 2729 536 2788; x_wconf 90' lang='lat' dir='ltr'><strong>per</strong></span> <span class='ocrx_word' id='word_1_288' title='bbox 549 2728 614 2786; x_wconf 84' lang='lat' dir='ltr'><strong>quae</strong></span> <span class='ocrx_word' id='word_1_289' title='bbox 628 2707 730 2768; x_wconf 88' lang='lat' dir='ltr'><strong>fuisset</strong></span> <span class='ocrx_word' id='word_1_290' title='bbox 743 2709 950 2769; x_wconf 87' lang='lat' dir='ltr'><strong>conservanda.</strong></span> 
     </span>
    </p>
   </div>
   <div class='ocr_carea' id='block_1_4' title="bbox 547 2973 888 3050">
    <p class='ocr_par' dir='ltr' id='par_1_5' title="bbox 547 2973 888 3050">
     <span class='ocr_line' id='line_1_29' title="bbox 547 2973 888 3050; baseline -0.006 -16"><span class='ocrx_word' id='word_1_291' title='bbox 547 2973 741 3050; x_wconf 84' lang='lat' dir='ltr'>QUAESTIO</span> <span class='ocrx_word' id='word_1_292' title='bbox 762 2973 888 3033; x_wconf 92' lang='lat' dir='ltr'>XVIII.</span> 
     </span>
    </p>
   </div>
   <div class='ocr_carea' id='block_1_5' title="bbox 510 3177 927 3218">
    <p class='ocr_par' dir='ltr' id='par_1_6' title="bbox 510 3177 927 3218">
     <span class='ocr_line' id='line_1_30' title="bbox 510 3177 927 3218; baseline -0.007 0"><span class='ocrx_word' id='word_1_293' title='bbox 510 3178 552 3218; x_wconf 78' lang='lat' dir='ltr'><strong>Ab</strong></span> <span class='ocrx_word' id='word_1_294' title='bbox 566 3177 751 3218; x_wconf 65' lang='lat' dir='ltr'>PRAECEI&#39;I&#39;UM</span> <span class='ocrx_word' id='word_1_295' title='bbox 766 3177 927 3217; x_wconf 71' lang='lat' dir='ltr'><strong>samnium.</strong></span> 
     </span>
    </p>
   </div>
   <div class='ocr_carea' id='block_1_6' title="bbox 218 3344 1220 3424">
    <p class='ocr_par' dir='ltr' id='par_1_7' title="bbox 218 3344 1220 3424">
     <span class='ocr_line' id='line_1_31' title="bbox 218 3344 1220 3424; baseline -0.001 -17"><span class='ocrx_word' id='word_1_296' title='bbox 218 3349 301 3416; x_wconf 74' lang='lat' dir='ltr'><strong>Quid</strong></span> <span class='ocrx_word' id='word_1_297' title='bbox 311 3349 460 3424; x_wconf 78' lang='lat' dir='ltr'><strong>Proecepn</strong></span> <span class='ocrx_word' id='word_1_298' title='bbox 475 3349 510 3406; x_wconf 81' lang='lat' dir='ltr'><strong>de</strong></span> <span class='ocrx_word' id='word_1_299' title='bbox 522 3367 578 3407; x_wconf 84' lang='grc'><strong>666</strong></span> <span class='ocrx_word' id='word_1_300' title='bbox 592 3347 754 3406; x_wconf 76' lang='lat' dir='ltr'><strong>mactando</strong></span> <span class='ocrx_word' id='word_1_301' title='bbox 763 3344 957 3422; x_wconf 71' lang='lat' dir='ltr'><strong>protelentur,</strong></span> <span class='ocrx_word' id='word_1_302' title='bbox 974 3352 1000 3402; x_wconf 85' lang='lat' dir='ltr'><strong>et</strong></span> <span class='ocrx_word' id='word_1_303' title='bbox 1007 3345 1220 3422; x_wconf 66' lang='grc' dir='ltr'><strong>61666ῲὶ66111</strong></span> 
     </span>
    </p>
   </div>
   <div class='ocr_carea' id='block_1_7' title="bbox 29 3504 1326 4701">
    <p class='ocr_par' dir='ltr' id='par_1_8' title="bbox 120 3504 1323 3984">
     <span class='ocr_line' id='line_1_32' title="bbox 157 3504 1322 3583; baseline 0 -15"><span class='ocrx_word' id='word_1_304' title='bbox 157 3509 182 3568; x_wconf 95' lang='grc' dir='ltr'><strong>Ι.</strong></span> <span class='ocrx_word' id='word_1_305' title='bbox 206 3509 250 3568; x_wconf 91' lang='lat' dir='ltr'><strong>Ut</strong></span> <span class='ocrx_word' id='word_1_306' title='bbox 263 3513 350 3566; x_wconf 86' lang='lat' dir='ltr'><strong>sexto</strong></span> <span class='ocrx_word' id='word_1_307' title='bbox 365 3506 514 3583; x_wconf 80' lang='lat' dir='ltr'><strong>Praecepto</strong></span> <span class='ocrx_word' id='word_1_308' title='bbox 534 3507 600 3565; x_wconf 82' lang='lat' dir='ltr'><strong>Vita</strong></span> <span class='ocrx_word' id='word_1_309' title='bbox 613 3513 675 3566; x_wconf 90' lang='lat' dir='ltr'><strong>tum</strong></span> <span class='ocrx_word' id='word_1_310' title='bbox 690 3504 828 3578; x_wconf 87' lang='lat' dir='ltr'><strong>Proximi,</strong></span> <span class='ocrx_word' id='word_1_311' title='bbox 851 3511 912 3564; x_wconf 89' lang='lat' dir='ltr'><strong>tum</strong></span> <span class='ocrx_word' id='word_1_312' title='bbox 926 3512 1025 3564; x_wconf 85' lang='lat' dir='ltr'><strong>nostra</strong></span> <span class='ocrx_word' id='word_1_313' title='bbox 1038 3504 1184 3582; x_wconf 90' lang='lat' dir='ltr'><strong>ipsornm;</strong></span> <span class='ocrx_word' id='word_1_314' title='bbox 1207 3507 1322 3568; x_wconf 84' lang='grc'><strong>1161166</strong></span> 
     </span>
     <span class='ocr_line' id='line_1_33' title="bbox 121 3583 1322 3665; baseline 0.001 -19"><span class='ocrx_word' id='word_1_315' title='bbox 121 3589 240 3665; x_wconf 85' lang='lat' dir='ltr'><strong>septimo</strong></span> <span class='ocrx_word' id='word_1_316' title='bbox 254 3587 408 3662; x_wconf 79' lang='lat' dir='ltr'><strong>Pudicitia,</strong></span> <span class='ocrx_word' id='word_1_317' title='bbox 424 3593 454 3645; x_wconf 93' lang='lat' dir='ltr'><strong>et</strong></span> <span class='ocrx_word' id='word_1_318' title='bbox 473 3594 572 3645; x_wconf 89' lang='lat' dir='ltr'><strong>nostra</strong></span> <span class='ocrx_word' id='word_1_319' title='bbox 592 3594 622 3645; x_wconf 88' lang='grc'><strong>61</strong></span> <span class='ocrx_word' id='word_1_320' title='bbox 642 3587 744 3662; x_wconf 86' lang='lat' dir='ltr'><strong>aliena,</strong></span> <span class='ocrx_word' id='word_1_321' title='bbox 764 3585 849 3643; x_wconf 89' lang='lat' dir='ltr'><strong>nobis</strong></span> <span class='ocrx_word' id='word_1_322' title='bbox 870 3583 1094 3644; x_wconf 84' lang='lat' dir='ltr'><strong>commendatur.</strong></span> <span class='ocrx_word' id='word_1_323' title='bbox 1138 3587 1229 3663; x_wconf 82' lang='lat' dir='ltr'><strong>Cujus</strong></span> <span class='ocrx_word' id='word_1_324' title='bbox 1248 3589 1322 3647; x_wconf 89' lang='lat' dir='ltr'><strong>ratio</strong></span> 
     </span>
     <span class='ocr_line' id='line_1_34' title="bbox 120 3665 1321 3746; baseline 0.002 -22"><span class='ocrx_word' id='word_1_325' title='bbox 120 3669 223 3746; x_wconf 85' lang='lat' dir='ltr'><strong>triplex</strong></span> <span class='ocrx_word' id='word_1_326' title='bbox 238 3667 425 3744; x_wconf 55' lang='lat' dir='ltr'><strong>assignatum</strong></span> <span class='ocrx_word' id='word_1_327' title='bbox 447 3667 563 3739; x_wconf 80' lang='lat' dir='ltr'><strong>Divina,</strong></span> <span class='ocrx_word' id='word_1_328' title='bbox 579 3666 648 3743; x_wconf 87' lang='lat' dir='ltr'><strong>quia</strong></span> <span class='ocrx_word' id='word_1_329' title='bbox 668 3685 733 3725; x_wconf 92' lang='lat' dir='ltr'><strong>cum</strong></span> <span class='ocrx_word' id='word_1_330' title='bbox 748 3665 830 3724; x_wconf 90' lang='lat' dir='ltr'><strong>Deus</strong></span> <span class='ocrx_word' id='word_1_331' title='bbox 844 3665 1021 3740; x_wconf 80' lang='lat' dir='ltr'><strong>aitsanctus,</strong></span> <span class='ocrx_word' id='word_1_332' title='bbox 1044 3684 1157 3743; x_wconf 80' lang='lat' dir='ltr'><strong>aequum</strong></span> <span class='ocrx_word' id='word_1_333' title='bbox 1172 3667 1321 3726; x_wconf 89' lang='grc'><strong>661116611-</strong></span> 
     </span>
     <span class='ocr_line' id='line_1_35' title="bbox 120 3744 1323 3824; baseline 0.002 -21"><span class='ocrx_word' id='word_1_334' title='bbox 120 3765 184 3805; x_wconf 88' lang='grc'><strong>6616</strong></span> <span class='ocrx_word' id='word_1_335' title='bbox 198 3747 237 3806; x_wconf 90' lang='grc'><strong>66</strong></span> <span class='ocrx_word' id='word_1_336' title='bbox 250 3747 409 3824; x_wconf 86' lang='lat' dir='ltr'><strong>imaginem</strong></span> <span class='ocrx_word' id='word_1_337' title='bbox 425 3745 481 3804; x_wconf 90' lang='lat' dir='ltr'><strong>Dei</strong></span> <span class='ocrx_word' id='word_1_338' title='bbox 495 3746 652 3820; x_wconf 91' lang='lat' dir='ltr'><strong>conditum,</strong></span> <span class='ocrx_word' id='word_1_339' title='bbox 675 3753 772 3804; x_wconf 87' lang='lat' dir='ltr'><strong>sancte</strong></span> <span class='ocrx_word' id='word_1_340' title='bbox 787 3752 816 3803; x_wconf 89' lang='lat' dir='ltr'><strong>et</strong></span> <span class='ocrx_word' id='word_1_341' title='bbox 829 3744 949 3822; x_wconf 87' lang='lat' dir='ltr'><strong>proinde</strong></span> <span class='ocrx_word' id='word_1_342' title='bbox 967 3745 1054 3804; x_wconf 88' lang='lat' dir='ltr'><strong>ctiam</strong></span> <span class='ocrx_word' id='word_1_343' title='bbox 1076 3754 1153 3804; x_wconf 90' lang='lat' dir='ltr'><strong>caste</strong></span> <span class='ocrx_word' id='word_1_344' title='bbox 1168 3747 1258 3806; x_wconf 85' lang='lat' dir='ltr'><strong>vitam</strong></span> <span class='ocrx_word' id='word_1_345' title='bbox 1279 3749 1323 3806; x_wconf 89' lang='lat' dir='ltr'><strong>in·</strong></span> 
     </span>
     <span class='ocr_line' id='line_1_36' title="bbox 122 3825 1319 3903; baseline 0.002 -21"><span class='ocrx_word' id='word_1_346' title='bbox 122 3827 245 3902; x_wconf 85' lang='grc'><strong>1111111616,</strong></span> <span class='ocrx_word' id='word_1_347' title='bbox 262 3845 330 3886; x_wconf 87' lang='grc'><strong>6661</strong></span> <span class='ocrx_word' id='word_1_348' title='bbox 344 3825 506 3886; x_wconf 81' lang='lat' dir='ltr'><strong>sanctitatis</strong></span> <span class='ocrx_word' id='word_1_349' title='bbox 519 3844 586 3903; x_wconf 88' lang='lat' dir='ltr'><strong>pars</strong></span> <span class='ocrx_word' id='word_1_350' title='bbox 601 3825 639 3884; x_wconf 88' lang='lat' dir='ltr'><strong>sit</strong></span> <span class='ocrx_word' id='word_1_351' title='bbox 653 3825 788 3901; x_wconf 69' lang='lat' dir='ltr'><strong>castitas,</strong></span> <span class='ocrx_word' id='word_1_352' title='bbox 809 3826 970 3900; x_wconf 71' lang='lat' dir='ltr'><strong>Naturales,</strong></span> <span class='ocrx_word' id='word_1_353' title='bbox 986 3825 1133 3902; x_wconf 81' lang='lat' dir='ltr'><strong>quiscum</strong></span> <span class='ocrx_word' id='word_1_354' title='bbox 1148 3825 1185 3883; x_wconf 90' lang='lat' dir='ltr'><strong>ad</strong></span> <span class='ocrx_word' id='word_1_355' title='bbox 1205 3828 1319 3903; x_wconf 70' lang='grc'><strong>16666-</strong></span> 
     </span>
     <span class='ocr_line' id='line_1_37' title="bbox 120 3904 1323 3984; baseline 0.001 -20"><span class='ocrx_word' id='word_1_356' title='bbox 120 3913 190 3964; x_wconf 76' lang='lat' dir='ltr'><strong>turae</strong></span> <span class='ocrx_word' id='word_1_357' title='bbox 210 3907 356 3984; x_wconf 84' lang='lat' dir='ltr'><strong>pertineat</strong></span> <span class='ocrx_word' id='word_1_358' title='bbox 374 3905 464 3963; x_wconf 89' lang='lat' dir='ltr'><strong>maris</strong></span> <span class='ocrx_word' id='word_1_359' title='bbox 484 3913 514 3964; x_wconf 90' lang='lat' dir='ltr'><strong>et</strong></span> <span class='ocrx_word' id='word_1_360' title='bbox 533 3905 659 3963; x_wconf 78' lang='lat' dir='ltr'><strong>foemine</strong></span> <span class='ocrx_word' id='word_1_361' title='bbox 679 3904 862 3982; x_wconf 85' lang='lat' dir='ltr'><strong>conjunctio;</strong></span> <span class='ocrx_word' id='word_1_362' title='bbox 884 3923 1002 3964; x_wconf 88' lang='grc'><strong>6666666</strong></span> <span class='ocrx_word' id='word_1_363' title='bbox 1023 3913 1068 3964; x_wconf 87' lang='grc'><strong>661</strong></span> <span class='ocrx_word' id='word_1_364' title='bbox 1091 3925 1154 3963; x_wconf 87' lang='grc'><strong>6661</strong></span> <span class='ocrx_word' id='word_1_365' title='bbox 1176 3905 1214 3963; x_wconf 89' lang='grc'><strong>66</strong></span> <span class='ocrx_word' id='word_1_366' title='bbox 1237 3915 1323 3965; x_wconf 86' lang='lat' dir='ltr'><strong>rectae</strong></span> 
     </span>
    </p>

    <p class='ocr_par' dir='ltr' id='par_1_9' title="bbox 29 3983 1325 4362">
     <span class='ocr_line' id='line_1_38' title="bbox 87 3983 1321 4062; baseline 0.002 -20"><span class='ocrx_word' id='word_1_367' title='bbox 87 3983 91 3992; x_wconf 87' lang='grc'><strong>“</strong></span> <span class='ocrx_word' id='word_1_368' title='bbox 122 3985 238 4044; x_wconf 84' lang='grc'><strong>16116616</strong></span> <span class='ocrx_word' id='word_1_369' title='bbox 253 4004 384 4044; x_wconf 88' lang='lat' dir='ltr'><strong>normam</strong></span> <span class='ocrx_word' id='word_1_370' title='bbox 399 3984 495 4062; x_wconf 87' lang='lat' dir='ltr'><strong>dirigi,</strong></span> <span class='ocrx_word' id='word_1_371' title='bbox 510 3993 664 4044; x_wconf 88' lang='grc'><strong>66661616</strong></span> <span class='ocrx_word' id='word_1_372' title='bbox 684 3985 749 4061; x_wconf 89' lang='lat' dir='ltr'><strong>ipsa</strong></span> <span class='ocrx_word' id='word_1_373' title='bbox 762 3983 886 4043; x_wconf 76' lang='lat' dir='ltr'><strong>effraenis</strong></span> <span class='ocrx_word' id='word_1_374' title='bbox 899 3993 1033 4044; x_wconf 88' lang='lat' dir='ltr'><strong>maneat:</strong></span> <span class='ocrx_word' id='word_1_375' title='bbox 1056 3983 1128 4042; x_wconf 89' lang='lat' dir='ltr'><strong>Ideo</strong></span> <span class='ocrx_word' id='word_1_376' title='bbox 1141 3985 1222 4042; x_wconf 91' lang='lat' dir='ltr'><strong>nulla</strong></span> <span class='ocrx_word' id='word_1_377' title='bbox 1236 3986 1321 4044; x_wconf 89' lang='lat' dir='ltr'><strong>estin</strong></span> 
     </span>
     <span class='ocr_line' id='line_1_39' title="bbox 29 4063 1324 4142; baseline 0.001 -20"><span class='ocrx_word' id='word_1_378' title='bbox 29 4075 30 4084; x_wconf 60' lang='lat'>¹</span> <span class='ocrx_word' id='word_1_379' title='bbox 121 4065 188 4124; x_wconf 90' lang='lat' dir='ltr'><strong>orbe</strong></span> <span class='ocrx_word' id='word_1_380' title='bbox 201 4065 292 4140; x_wconf 84' lang='lat' dir='ltr'><strong>natio,</strong></span> <span class='ocrx_word' id='word_1_381' title='bbox 307 4085 373 4142; x_wconf 80' lang='lat' dir='ltr'><strong>quae</strong></span> <span class='ocrx_word' id='word_1_382' title='bbox 387 4065 600 4123; x_wconf 85' lang='lat' dir='ltr'><strong>matrimonium</strong></span> <span class='ocrx_word' id='word_1_383' title='bbox 615 4083 673 4122; x_wconf 92' lang='lat' dir='ltr'><strong>non</strong></span> <span class='ocrx_word' id='word_1_384' title='bbox 686 4064 823 4141; x_wconf 81' lang='lat' dir='ltr'><strong>probarit,</strong></span> <span class='ocrx_word' id='word_1_385' title='bbox 839 4072 868 4123; x_wconf 91' lang='lat' dir='ltr'><strong>et</strong></span> <span class='ocrx_word' id='word_1_386' title='bbox 880 4084 973 4142; x_wconf 88' lang='lat' dir='ltr'><strong>vagos</strong></span> <span class='ocrx_word' id='word_1_387' title='bbox 987 4063 1157 4122; x_wconf 86' lang='lat' dir='ltr'><strong>concubitus</strong></span> <span class='ocrx_word' id='word_1_388' title='bbox 1170 4084 1229 4122; x_wconf 93' lang='lat' dir='ltr'><strong>non</strong></span> <span class='ocrx_word' id='word_1_389' title='bbox 1243 4065 1324 4124; x_wconf 88' lang='lat' dir='ltr'><strong>dam-</strong></span> 
     </span>
     <span class='ocr_line' id='line_1_40' title="bbox 122 4143 1323 4222; baseline 0.002 -20"><span class='ocrx_word' id='word_1_390' title='bbox 122 4144 215 4220; x_wconf 90' lang='lat' dir='ltr'><strong>narit;</strong></span> <span class='ocrx_word' id='word_1_391' title='bbox 239 4145 345 4219; x_wconf 71' lang='lat' dir='ltr'><strong>civito,</strong></span> <span class='ocrx_word' id='word_1_392' title='bbox 361 4145 430 4221; x_wconf 88' lang='lat' dir='ltr'><strong>quia</strong></span> <span class='ocrx_word' id='word_1_393' title='bbox 443 4153 476 4204; x_wconf 89' lang='lat' dir='ltr'><strong>nt</strong></span> <span class='ocrx_word' id='word_1_394' title='bbox 489 4144 663 4204; x_wconf 81' lang='lat' dir='ltr'><strong>familiarum</strong></span> <span class='ocrx_word' id='word_1_395' title='bbox 676 4143 861 4203; x_wconf 88' lang='lat' dir='ltr'><strong>distinetione</strong></span> <span class='ocrx_word' id='word_1_396' title='bbox 876 4151 989 4204; x_wconf 88' lang='grc'><strong>6666161</strong></span> <span class='ocrx_word' id='word_1_397' title='bbox 1011 4145 1111 4215; x_wconf 61' lang='lat' dir='ltr'><strong>taetris</strong></span> <span class='ocrx_word' id='word_1_398' title='bbox 1124 4144 1258 4222; x_wconf 72' lang='lat' dir='ltr'><strong>politica,</strong></span> <span class='ocrx_word' id='word_1_399' title='bbox 1281 4147 1323 4205; x_wconf 91' lang='lat' dir='ltr'><strong>sic</strong></span> 
     </span>
     <span class='ocr_line' id='line_1_41' title="bbox 121 4223 1325 4362; baseline 0.003 -82"><span class='ocrx_word' id='word_1_400' title='bbox 121 4223 277 4362; x_wconf 57' lang='lat' dir='ltr'><strong>earundppn</strong></span> <span class='ocrx_word' id='word_1_401' title='bbox 297 4243 351 4303; x_wconf 88' lang='lat' dir='ltr'><strong>per</strong></span> <span class='ocrx_word' id='word_1_402' title='bbox 370 4243 463 4301; x_wconf 83' lang='lat' dir='ltr'><strong>regas</strong></span> <span class='ocrx_word' id='word_1_403' title='bbox 482 4224 618 4284; x_wconf 89' lang='lat' dir='ltr'><strong>libidines</strong></span> <span class='ocrx_word' id='word_1_404' title='bbox 638 4223 816 4302; x_wconf 82' lang='lat' dir='ltr'><strong>perturbatio</strong></span> <span class='ocrx_word' id='word_1_405' title='bbox 834 4223 1024 4302; x_wconf 86' lang='lat' dir='ltr'><strong>Respublioas</strong></span> <span class='ocrx_word' id='word_1_406' title='bbox 1045 4224 1159 4301; x_wconf 86' lang='lat' dir='ltr'><strong>evertit,</strong></span> <span class='ocrx_word' id='word_1_407' title='bbox 1181 4232 1210 4283; x_wconf 93' lang='lat' dir='ltr'><strong>et</strong></span> <span class='ocrx_word' id='word_1_408' title='bbox 1224 4225 1325 4285; x_wconf 88' lang='lat' dir='ltr'><strong>domos</strong></span> 
     </span>
    </p>

    <p class='ocr_par' dir='ltr' id='par_1_10' title="bbox 29 4313 285 4378">
     <span class='ocr_line' id='line_1_42' title="bbox 29 4313 285 4378; baseline 0.004 -16"><span class='ocrx_word' id='word_1_409' title='bbox 29 4335 31 4342; x_wconf 89' lang='grc'><strong><em>·</em></strong></span> <span class='ocrx_word' id='word_1_410' title='bbox 118 4321 224 4378; x_wconf 84' lang='lat' dir='ltr'><strong>pesann</strong></span> <span class='ocrx_word' id='word_1_411' title='bbox 263 4313 285 4364; x_wconf 90' lang='lat' dir='ltr'><strong>t.</strong></span> 
     </span>
    </p>

    <p class='ocr_par' dir='ltr' id='par_1_11' title="bbox 123 4381 1326 4701">
     <span class='ocr_line' id='line_1_43' title="bbox 123 4381 1325 4472; baseline 0.001 -31"><span class='ocrx_word' id='word_1_412' title='bbox 123 4426 173 4472; x_wconf 68' lang='lat' dir='ltr'><strong>s,</strong></span> <span class='ocrx_word' id='word_1_413' title='bbox 287 4428 294 4442; x_wconf 97' lang='lat'>.</span> <span class='ocrx_word' id='word_1_414' title='bbox 425 4383 468 4441; x_wconf 94' lang='lat' dir='ltr'><strong>II.</strong></span> <span class='ocrx_word' id='word_1_415' title='bbox 491 4384 557 4442; x_wconf 92' lang='lat' dir='ltr'><strong>Hoc</strong></span> <span class='ocrx_word' id='word_1_416' title='bbox 578 4403 648 4461; x_wconf 87' lang='lat' dir='ltr'><strong>ergo</strong></span> <span class='ocrx_word' id='word_1_417' title='bbox 668 4390 812 4461; x_wconf 72' lang='lat' dir='ltr'><strong>precepto</strong></span> <span class='ocrx_word' id='word_1_418' title='bbox 834 4383 928 4442; x_wconf 90' lang='lat' dir='ltr'><strong>omnis</strong></span> <span class='ocrx_word' id='word_1_419' title='bbox 949 4383 1129 4461; x_wconf 87' lang='lat' dir='ltr'><strong>impudicitia</strong></span> <span class='ocrx_word' id='word_1_420' title='bbox 1150 4389 1179 4440; x_wconf 90' lang='lat' dir='ltr'><strong>et</strong></span> <span class='ocrx_word' id='word_1_421' title='bbox 1199 4381 1325 4460; x_wconf 85' lang='lat' dir='ltr'><strong>luxuria,</strong></span> 
     </span>
     <span class='ocr_line' id='line_1_44' title="bbox 141 4429 1324 4541; baseline -0.003 -19"><span class='ocrx_word' id='word_1_422' title='bbox 141 4429 365 4532; x_wconf 48' lang='lat' dir='ltr'><strong>”neefflffiislli</strong></span> <span class='ocrx_word' id='word_1_423' title='bbox 385 4463 582 4540; x_wconf 85' lang='lat' dir='ltr'><strong>cujuscunque</strong></span> <span class='ocrx_word' id='word_1_424' title='bbox 592 4465 629 4522; x_wconf 88' lang='lat' dir='ltr'><strong>sit</strong></span> <span class='ocrx_word' id='word_1_425' title='bbox 637 4462 760 4540; x_wconf 86' lang='lat' dir='ltr'><strong>generis,</strong></span> <span class='ocrx_word' id='word_1_426' title='bbox 766 4463 943 4541; x_wconf 89' lang='lat' dir='ltr'><strong>prohibetur,</strong></span> <span class='ocrx_word' id='word_1_427' title='bbox 951 4471 981 4523; x_wconf 90' lang='lat' dir='ltr'><strong>et</strong></span> <span class='ocrx_word' id='word_1_428' title='bbox 991 4465 1045 4523; x_wconf 89' lang='lat' dir='ltr'><strong>sub</strong></span> <span class='ocrx_word' id='word_1_429' title='bbox 1054 4462 1168 4520; x_wconf 90' lang='lat' dir='ltr'><strong>nomine</strong></span> <span class='ocrx_word' id='word_1_430' title='bbox 1183 4463 1324 4538; x_wconf 81' lang='lat' dir='ltr'><strong>adulterii,</strong></span> 
     </span>
     <span class='ocr_line' id='line_1_45' title="bbox 151 4539 1326 4621; baseline -0.002 -19"><span class='ocrx_word' id='word_1_431' title='bbox 151 4544 234 4590; x_wconf 71' lang='lat' dir='ltr'><strong>liciam</strong></span> <span class='ocrx_word' id='word_1_432' title='bbox 254 4545 366 4590; x_wconf 75' lang='lat' dir='ltr'><strong>eoneubi·</strong></span> <span class='ocrx_word' id='word_1_433' title='bbox 386 4562 451 4620; x_wconf 78' lang='lat' dir='ltr'><strong>qna</strong></span> <span class='ocrx_word' id='word_1_434' title='bbox 471 4562 530 4602; x_wconf 88' lang='lat' dir='ltr'><strong>una</strong></span> <span class='ocrx_word' id='word_1_435' title='bbox 550 4551 594 4603; x_wconf 89' lang='lat' dir='ltr'><strong>est</strong></span> <span class='ocrx_word' id='word_1_436' title='bbox 614 4544 678 4621; x_wconf 90' lang='lat' dir='ltr'><strong>ejus</strong></span> <span class='ocrx_word' id='word_1_437' title='bbox 699 4543 809 4621; x_wconf 90' lang='lat' dir='ltr'><strong>species</strong></span> <span class='ocrx_word' id='word_1_438' title='bbox 830 4543 1016 4618; x_wconf 85' lang='lat' dir='ltr'><strong>crassissima,</strong></span> <span class='ocrx_word' id='word_1_439' title='bbox 1039 4543 1172 4600; x_wconf 77' lang='lat' dir='ltr'><strong>humanm</strong></span> <span class='ocrx_word' id='word_1_440' title='bbox 1194 4539 1326 4600; x_wconf 86' lang='lat' dir='ltr'><strong>societati</strong></span> 
     </span>
     <span class='ocr_line' id='line_1_46' title="bbox 152 4605 1326 4701; baseline -0.002 -20"><span class='ocrx_word' id='word_1_441' title='bbox 152 4605 310 4648; x_wconf 53' lang='lat' dir='ltr'><strong>‘mmm&#39;</strong></span> <span class='ocrx_word' id='word_1_442' title='bbox 385 4623 512 4682; x_wconf 85' lang='lat' dir='ltr'><strong>maxime</strong></span> <span class='ocrx_word' id='word_1_443' title='bbox 534 4623 664 4698; x_wconf 87' lang='lat' dir='ltr'><strong>adversa,</strong></span> <span class='ocrx_word' id='word_1_444' title='bbox 688 4623 770 4682; x_wconf 92' lang='lat' dir='ltr'><strong>etin</strong></span> <span class='ocrx_word' id='word_1_445' title='bbox 794 4623 958 4701; x_wconf 89' lang='lat' dir='ltr'><strong>proximum</strong></span> <span class='ocrx_word' id='word_1_446' title='bbox 983 4617 1198 4692; x_wconf 87' lang='lat' dir='ltr'><strong>contumeliosa,</strong></span> <span class='ocrx_word' id='word_1_447' title='bbox 1223 4637 1326 4696; x_wconf 87' lang='lat' dir='ltr'><strong>synec-</strong></span> 
     </span>
    </p>
   </div>
   <div class='ocr_carea' id='block_1_8' title="bbox 121 4697 1327 4780">
    <p class='ocr_par' dir='ltr' id='par_1_12' title="bbox 121 4697 1327 4780">
     <span class='ocr_line' id='line_1_47' title="bbox 121 4697 1327 4780; baseline 0.002 -24"><span class='ocrx_word' id='word_1_448' title='bbox 121 4698 242 4760; x_wconf 88' lang='lat' dir='ltr'><strong>doehice</strong></span> <span class='ocrx_word' id='word_1_449' title='bbox 257 4701 430 4762; x_wconf 88' lang='lat' dir='ltr'><strong>continetur.</strong></span> <span class='ocrx_word' id='word_1_450' title='bbox 474 4703 635 4762; x_wconf 89' lang='lat' dir='ltr'><strong>Damnatur</strong></span> <span class='ocrx_word' id='word_1_451' title='bbox 648 4703 746 4780; x_wconf 82' lang='lat' dir='ltr'><strong>itaque</strong></span> <span class='ocrx_word' id='word_1_452' title='bbox 759 4703 807 4762; x_wconf 92' lang='lat' dir='ltr'><strong>bic</strong></span> <span class='ocrx_word' id='word_1_453' title='bbox 821 4703 915 4764; x_wconf 89' lang='lat' dir='ltr'><strong>omnis</strong></span> <span class='ocrx_word' id='word_1_454' title='bbox 929 4701 1048 4760; x_wconf 90' lang='lat' dir='ltr'><strong>illicitus</strong></span> <span class='ocrx_word' id='word_1_455' title='bbox 1059 4697 1229 4760; x_wconf 89' lang='lat' dir='ltr'><strong>concubitus</strong></span> <span class='ocrx_word' id='word_1_456' title='bbox 1242 4708 1327 4758; x_wconf 85' lang='lat' dir='ltr'><strong>extra</strong></span> 
     </span>
    </p>
   </div>
   <div class='ocr_carea' id='block_1_9' title="bbox 0 0 1620 5194">
    <p class='ocr_par' dir='ltr' id='par_1_13' title="bbox 0 0 1620 5194">
     <span class='ocr_line' id='line_1_48' title="bbox 0 0 1620 5194; baseline 0 0"><span class='ocrx_word' id='word_1_457' title='bbox 0 0 1620 5194; x_wconf 95' lang='lat' dir='ltr'><strong> </strong></span> 
     </span>
    </p>
   </div>
  </div>
 </body>
</html>
