3202 5194
100 387 203 436 cunm.
219 365 294 449 η]
603 383 643 422 nn
657 383 734 426 nsua
749 384 809 426 osr.
879 356 883 365 '
1106 427 1109 434 ,
1268 369 1308 428 89

100 528 167 588 sesso
180 534 228 587 est
242 523 332 605 apud
346 541 456 602 omnes,
478 531 508 584 et
521 523 649 601 quotidie
670 524 703 583 fit
722 544 775 603 per
788 523 881 584 Verbi
899 523 1141 602 pradicationem,
1164 533 1194 584 et
1209 526 1311 586 Sacra·

99 618 257 668 mentorum
269 605 572 679 admimsmtionem3
597 605 655 664 Sed
669 604 719 662 An
733 604 771 664 ed
785 605 964 682 singulorum
976 605 1090 664 illorum
1105 605 1310 666 beneficiorum

99 696 125 746 et
136 687 356 765 mysteriorum
366 685 592 744 recordationem
606 691 636 743 et
647 685 795 744 solennem
806 705 840 743 ac
853 684 998 762 publicam
1010 686 1310 744 commemorationem

101 770 162 826 certi
176 766 305 845 qnidam
318 767 395 824 Dies
408 764 482 841 festi,
494 763 557 822 Deo
569 764 652 839 sacri,
665 765 812 824 annuatim
826 773 1015 844 recurrentes,
1027 786 1045 824 a
1057 765 1228 825 Christianis
1237 786 1308 844 quo·

102 847 189 906 tannis
202 845 385 906 celebrandi
399 845 475 922 sintp
498 843 583 919 Quod
595 863 745 921 negamus.

135 927 194 986 HI.
216 927 292 986 Non
307 925 459 1004 quaeritur,
475 922 526 982 An
540 923 742 984 Anniversarii
755 924 819 984 dies
832 923 923 1003 deligi
943 925 1064 1002 possint,
1080 925 1187 1002 quibus
1202 925 1310 985 Christi

100 1008 141 1064 vel
153 1006 321 1082 Nativitas,
347 1005 396 1064 vel
410 1003 606 1079 circumcisio,
627 1004 676 1063 vel
698 1004 808 1081 Passio,
829 1005 878 1063 vel
899 1004 1052 1082 Ascensio,
1074 1014 1104 1064 et
1125 1005 1230 1064 similia
1251 1006 1310 1064 Re-

101 1086 272 1165 demptionis
287 1084 436 1162 mysteria
455 1092 721 1159 commemorentur,
743 1086 791 1143 vel
806 1084 893 1144 etiarn
907 1086 1013 1162 quibus
1027 1086 1166 1144 memoria
1180 1085 1308 1163 singula·

100 1167 135 1224 ris
146 1165 275 1243 alicujus
289 1163 432 1224 beneficii
445 1163 583 1223 celebrari
598 1163 680 1222 solet.
722 1163 789 1223 Hoc
804 1165 880 1224 enirn
896 1164 1058 1224 Orthodoxi
1068 1165 1196 1224 libertati
1207 1165 1309 1224 Eccle-

101 1246 145 1304 sia
157 1246 298 1305 relictum
310 1264 380 1304 esse
391 1251 526 1319 censent3
543 1242 629 1303 Unde
640 1243 691 1301 alii
704 1242 767 1303 dies
780 1244 922 1322 quosdam
935 1245 988 1303 tali
998 1245 1150 1304 festivitati
1158 1244 1307 1323 deputent,

102 1345 152 1384 non
165 1345 204 1386 ex
216 1325 404 1385 necessitate
418 1322 494 1398 fidei,
511 1322 562 1382 sed
573 1343 611 1381 ex
623 1322 784 1400 prudentiae
798 1324 919 1383 consilio
933 1323 971 1382 ad
984 1325 1120 1402 pietatem
1135 1332 1165 1383 et
1178 1324 1308 1384 devotio-

102 1424 161 1462 nem
175 1405 273 1482 magis
297 1403 507 1478 excitandam
529 1402 580 1460 alii
593 1421 662 1460 vero
683 1422 735 1479 pro
750 1423 802 1462 sua
822 1403 955 1463 libertate
976 1405 1069 1464 solum
1084 1404 1161 1462 diem
1176 1404 1308 1463 Domini·

103 1504 160 1542 cum
172 1485 316 1561 retinent,
343 1491 373 1543 et
385 1483 418 1541 in
431 1503 466 1542 eo
487 1483 570 1542 statis
590 1483 768 1560 temporibus
788 1484 955 1543 memoriam
975 1485 1178 1561 mysteriorum
1200 1483 1307 1543 Christi

104 1565 252 1640 celebrant,
281 1563 369 1642 apud
392 1582 466 1640 quos
486 1570 583 1621 nmen
603 1563 741 1638 ejusmodi
757 1583 856 1622 rernm
876 1564 1050 1622 dissonantia
1072 1585 1129 1622 non
1150 1565 1222 1622 tollit
1234 1565 1311 1642 fidei

105 1645 328 1718 consonantiam,
350 1650 384 1702 ut
398 1642 467 1700 olim
488 1641 524 1700 de
544 1640 664 1718 Jejunio
684 1643 821 1702 monebat
842 1643 1036 1720 Augustinus.
1080 1643 1139 1702 Sed
1159 1645 1307 1718 quaeritur,

107 1723 149 1782 An
162 1724 234 1783 Dies
248 1723 379 1802 quidam
393 1721 452 1782 sint
472 1721 628 1780 sanctiores
642 1729 672 1780 et
692 1723 863 1781 sacratiores
876 1723 950 1797 aliis,
973 1731 1002 1780 et
1020 1741 1087 1799 pars
1100 1721 1233 1798 quadam
1248 1721 1308 1780 cul·

105 1811 145 1861 tus
158 1803 260 1879 divini,
277 1803 337 1880 qui
358 1802 498 1861 celebrari
517 1801 641 1860 debeant
662 1801 717 1860 sub
737 1801 848 1860 ratione
868 1801 1008 1878 mysterii,
1024 1808 1053 1860 et
1066 1820 1124 1859 non
1138 1808 1251 1860 tantum
1264 1821 1310 1859 ra·

104 1883 173 1942 tione
185 1883 301 1944 ordinis
314 1890 348 1942 et
360 1882 470 1959 politiae
482 1880 703 1956 Ecclesiasticae,
715 1890 748 1940 ut
761 1881 907 1958 pertendit
917 1883 1066 1956 Belicam,
1078 1880 1115 1939 de
1126 1879 1205 1939 cultu
1219 1881 1309 1940 Sanc-

105 1970 199 2039 torum,
223 1963 279 2021 lib.
295 1963 344 2020 iii
359 1981 422 2040 cap.
439 1963 485 2036 10,
501 1967 530 2018 et
543 1960 675 2020 doctrina
698 1969 743 2020 est
764 1969 793 2020 ct
813 1960 913 2038 praxis
936 1959 1053 2038 publica
1067 1959 1205 2037 Papatus.
1248 1960 1309 2018 Nos

106 2060 168 2100 vero
180 2061 334 2120 negamus
347 2041 410 2100 dies
424 2040 491 2099 illos
504 2059 556 2118 per
569 2060 600 2100 se
615 2040 772 2099 sanctiores
786 2041 852 2100 aliis
866 2060 938 2115 esse,
954 2039 1006 2099 sed
1020 2059 1120 2099 ornnes
1134 2059 1197 2098 esse
1215 2058 1309 2117 pares,

107 2131 133 2181 et
145 2123 168 2180 si
180 2143 239 2199 qua
252 2121 401 2182 sanctitas
415 2120 473 2179 illis
487 2119 631 2197 tribuitur,
653 2139 712 2178 non
726 2140 789 2180 esso
803 2120 942 2198 temporis
956 2127 986 2178 et
999 2119 1066 2194 diei,
1089 2118 1141 2178 sed
1156 2118 1251 2178 cultus
1265 2119 1310 2178 di·

107 2201 170 2277 rini,
185 2211 273 2280 atque
288 2203 337 2262 ita
350 2199 581 2259 observationem
595 2219 693 2258 eorum
708 2199 785 2277 apud
799 2219 849 2259 eos
863 2200 915 2276 qui
937 2219 1000 2258 earn
1018 2199 1153 2274 retinent,
1169 2217 1232 2258 esse
1245 2206 1309 2257 tan-

108 2287 162 2338 tun
182 2282 257 2358 juris
270 2280 399 2359 positivi
419 2287 448 2339 et
462 2299 500 2338 ex
514 2277 718 2339 constitutione
739 2279 953 2356 Ecclesiastico,
975 2297 1035 2338 non
1047 2291 1118 2337 vero
1137 2278 1309 2338 necessitate

126 2379 192 2418 rece
212 2362 235 2422 ti
249 2359 360 2420 divini
470 2391 472 2394 ·

109 2378 125 2435 P
147 2381 210 2500 IV.p
220 2441 336 2515 Primo,
359 2437 434 2513 Quia
446 2437 521 2498 festa
533 2436 648 2514 proprie
662 2435 748 2513 diota,
764 2456 829 2515 qua
843 2446 911 2498 sunt
925 2437 961 2496 de
974 2437 1145 2496 necessitate
1159 2435 1236 2512 fidei,
1258 2435 1309 2494 ob-

112 2517 223 2594 ligantis
236 2540 291 2598 per
308 2539 350 2594 se,
372 2527 402 2577 ct
416 2519 470 2576 sub
484 2517 594 2576 ratione
608 2517 748 2593 mysterii,
770 2517 876 2577 debent
889 2518 989 2576 Verbo
1011 2517 1067 2576 Dei
1081 2515 1220 2592 mandari,
1243 2516 1311 2592 quia

116 2597 172 2656 lleo
185 2599 238 2658 soli
256 2601 314 2677 jus
328 2597 465 2674 competit
478 2597 588 2655 cultum
603 2615 687 2656 suum
707 2597 920 2674 praescribendi,
942 2597 993 2674 qui
1007 2597 1079 2654 nihil
1092 2597 1123 2655 in
1138 2595 1237 2654 Verbo
1258 2614 1314 2654 suo

116 2677 203 2769 omisit
215 2698 253 2737 cx
267 2679 310 2736 iis
325 2697 390 2754 quse
405 2676 543 2736 Ecclesia
558 2696 618 2735 suae
631 2677 794 2768 necessaria
802 2677 955 2754 judicavit.
1000 2675 1059 2735 Sed
1071 2676 1142 2734 talia
1156 2675 1229 2734 feste
1242 2693 1310 2733 nus-

116 2754 1312 2915 ratttsstttemttttgtssttttettttttitffisstesdt

119 2913 214 2975 doben
226 2917 257 2974 in
272 2916 362 2975 rebus
374 2914 444 2974 fidei
456 2915 506 2974 rel
519 2921 639 2990 morum,
655 2923 688 2974 ut
701 2935 754 2975 suo
767 2915 832 2974 loco
846 2915 1074 2974 demonstratum
1087 2919 1141 2971 est.
1168 2911 1310 2986 Secundo,

121 2993 189 3066 Quis
198 2997 255 3055 hoc
268 2995 384 3055 revehit
397 2994 611 3054 distinctionem
632 2994 744 3054 dicrum
758 2995 875 3056 Veteris
893 2992 1072 3052 Testamenti
1093 2990 1261 3066 abrogatam
1281 2991 1312 3047 in

123 3071 211 3148 Novo,
224 3083 254 3134 et
267 3075 433 3134 danicam
446 3094 464 3132 a
479 3074 580 3150 Paulo,
597 3075 681 3134 Rom.
695 3074 757 3134 xiv.
773 3076 800 3148 5,
817 3077 844 3148 6,
861 3073 957 3133 Galat.
973 3073 1012 3130 iv.
1029 3072 1076 3144 10,
1092 3069 1202 3128 Coloss.
1218 3069 1247 3128 ii.
1265 3071 1312 3146 16,

123 3151 180 3209 imo
193 3161 221 3212 ct
232 3161 360 3213 veterum
382 3154 573 3214 Ethnicorum
594 3153 827 3232 superstitionem
848 3161 877 3212 et
892 3150 1092 3210 Idololatriam
1114 3149 1168 3208 sub
1183 3147 1248 3208 aliis
1262 3168 1313 3208 no·

125 3230 245 3291 minibus
258 3241 286 3292 et
298 3233 429 3312 specioso
443 3233 563 3294 obtentu
577 3233 608 3292 in
622 3232 783 3293 Ecclesiam
796 3231 917 3292 inducit.

162 3310 196 3370 V.
217 3313 322 3388 Tertio,
344 3313 419 3388 Quia
432 3313 556 3372 Veteres
569 3314 703 3389 fatentur,
718 3312 793 3372 fests
805 3333 859 3372 nec
874 3331 912 3371 ex
927 3309 1042 3386 Christi,
1064 3329 1118 3368 nee
1132 3328 1170 3367 cx
1184 3309 1312 3386 Aposto-

125 3389 210 3450 lorum
229 3393 420 3467 institutione,
444 3392 496 3452 sed
517 3413 569 3470 pro
590 3393 730 3452 arbitratu
750 3401 780 3452 et
801 3390 1008 3452 consuetudine
1030 3389 1183 3449 observata
1204 3387 1313 3450 fuisse:

126 3469 198 3531 locus
218 3471 343 3549 insignis
367 3481 412 3530 est
434 3473 561 3532 Socratis
582 3473 633 3530 lib.
648 3493 677 3530 v.
693 3472 772 3530 Hist.
787 3471 900 3532 Eccles.
922 3491 984 3548 cap.
1000 3473 1047 3545 22,
1070 3468 1122 3528 ubi
1141 3469 1263 3546 loquens
1277 3467 1314 3526 de

127 3548 235 3610 dissidio
250 3551 442 3612 Orientalium
463 3559 492 3612 et
506 3550 734 3612 Occidentalinm
748 3551 824 3610 circa
838 3549 1068 3610 observationem
1084 3548 1241 3622 Paschatis,
1264 3546 1315 3623 qui

128 3627 175 3688 luit
185 3633 294 3709 primus
309 3629 373 3689 dies
395 3629 486 3690 festus
506 3631 537 3690 in
562 3631 694 3691 Ecclesia
715 3631 878 3690 Christiana
901 3629 1049 3688 observari
1070 3635 1189 3705 coeptus,
1212 3633 1314 3686 exacte

126 3707 195 3782 dicit,
216 3713 234 3746 “
248 3711 312 3770 Nec
326 3709 494 3789 Apostolos,
509 3730 603 3787 neque
618 3710 780 3788 Evangelia
803 3709 866 3787 ipsa
881 3709 987 3787 jugum
1010 3707 1158 3768 servitutis
1181 3706 1228 3765 his
1249 3725 1314 3782 quae

127 3787 159 3845 td
171 3789 273 3852 Christi
294 3790 456 3850 doctrinam
469 3791 610 3850 accedunt
624 3789 803 3866 imposuisse,
826 3789 877 3848 sed
890 3789 995 3848 festum
1018 3785 1178 3860 Paschstis,
1201 3785 1314 3860 aliaque

128 3865 234 3951 lastras?
246 3869 416 3946 ripsuptaeins'i
427 3873 474 3928 riis
487 3871 674 3950 ιῦιςγιπθὶιτυι
686 3873 763 3948 τιμᾷι
776 3867 918 3942 uriarum,
939 3868 1031 3928 libero
1052 3875 1081 3926 et
1102 3883 1184 3941 aequo
1202 3862 1314 3940 judicio

127 3946 239 4026 illenim,
254 3951 306 4027 qui
320 3951 351 4008 in
364 3935 423 4008 illis
437 3950 694 4010 diebusbeneticia
706 3956 883 4025 acceperant,
899 3947 1050 4024 reliquisse
1060 3941 1243 4016 recolendn,”
1259 3938 1314 4000 &a

128 4025 162 4085 Et
181 4039 279 4106 postes
291 4029 394 4090 addit:
417 4029 551 4110 “Neque
572 4030 717 4105 Servator,
737 4047 832 4104 neque
851 4027 989 4104 Apostoli
1008 4023 1082 4084 illud
1102 4021 1314 4082 observandum

127 4103 184 4184 legs
196 4110 292 4187 eliqua
304 4111 533 4187 precepenmt,''
548 4107 603 4169 &a
646 4111 664 4144 “
679 4109 755 4168 Nam
768 4107 949 4184 Apostolis,”
964 4103 1090 4182 subjicit,
1107 4105 1125 4136 “
1135 4101 1317 4181 propositum

128 4183 175 4245 luit
187 4208 242 4247 non
256 4189 293 4248 de
307 4189 391 4249 lestis
411 4188 515 4248 diebus
528 4188 708 4248 celebrandis
727 4188 809 4264 leges
823 4186 905 4261 ferre,
928 4185 981 4245 sed
999 4183 1115 4262 pietatis
1129 4191 1159 4242 et
1178 4189 1256 4240 recte
1270 4180 1313 4238 vi-

128 4267 206 4404 {sumpt
217 4269 359 4406 raltionem
372 4269 457 4328 nobis
470 4269 684 4347 prescribere,”
700 4266 779 4346 quod
791 4267 896 4345 repetit
909 4263 1049 4342 Nicepho.
1065 4263 1218 4337 Callistus,
1234 4260 1314 4318 Hist.

192 4367 230 4408 es.
256 4393 264 4405 .
279 4349 332 4408 xii.
347 4370 373 4409 c.
388 4351 437 4408 32.

161 4425 214 4488 Vl.
234 4427 353 4505 Quarto,
376 4427 452 4502 Quia
465 4426 538 4488 leste
551 4428 607 4488 iste
620 4427 651 4485 in
665 4427 778 4504 Papstu
798 4423 966 4503 perniciosis
988 4415 1239 4505 superstitionibus
1253 4432 1314 4472 sca·

129 4509 190 4580 lent,
209 4507 278 4568 dum
291 4507 404 4568 iaciunt
416 4507 505 4567 festos
519 4507 582 4567 dics
601 4527 654 4586 per
668 4527 698 4566 sc
719 4505 876 4565 sanctiores
890 4503 1009 4577 esteris,
1031 4501 1131 4559 fovent
1151 4494 1315 4568 opinionem

129 4585 718 4749 {assumsisset
730 4577 1315 4724 atttrertttsaettttt

858 4709 866 4741 s
944 4699 961 4738 ι’
1188 4695 1195 4727 ²
1254 4693 1262 4708 '
1305 4693 1316 4710 ⁵
