3108 5198
112 365 227 416 censu.
243 344 307 428 ιιι.]
623 365 662 407 nn
676 365 753 408 neos
768 366 827 406 nur.

105 508 247 581 Testatus,
265 513 299 564 et
313 505 363 563 alii
377 505 407 562 iu
422 505 507 566 Deut.
522 505 561 565 iv.
604 507 667 566 Nec
685 507 806 567 dubium
828 516 872 568 est
893 507 963 586 quin
978 507 1153 570 cordatiores
1168 517 1197 569 et
1218 511 1314 570 ocula·

105 587 191 644 tiores
206 606 248 644 cx
266 585 428 644 Pontificiis
442 605 476 645 eo
488 587 695 664 propendeant.
724 588 835 647 Verum
848 609 907 646 non
920 609 1005 666 possa
1019 588 1120 648 haberi
1133 609 1185 667 ριο
1199 599 1316 668 recepta

103 667 137 724 E.
154 667 191 724 R.
207 664 367 740 sententia,
382 673 469 742 patet,
485 686 543 724 non
558 666 644 725 modo
659 687 696 726 ex
711 666 858 744 Bellarm,
874 676 904 727 et
918 668 991 744 aliis,
1007 667 1058 745 qui
1072 688 1134 728 cam
1149 668 1254 729 acriter
1268 690 1313 729 re·

98 745 205 822 jiciunt
219 753 364 822 tanquam
379 745 557 804 temerariam
572 754 601 806 et
614 747 787 824 hereticam,
803 747 876 806 adeo
901 755 933 806 ut
948 748 1034 807 Baro.
1049 748 1087 806 ad
1107 768 1153 807 an.
1176 751 1243 824 794,
1269 749 1314 808 in-

102 825 223 884 saniisse
239 844 295 884 eos
308 824 452 901 dicatqui
466 825 508 884 sio
522 837 703 902 censuerunt,
719 835 749 886 et
764 827 943 902 Sir-mondus,
956 827 1038 886 Toru.
1053 827 1083 886 ii.
1094 827 1203 887 Concil.
1214 829 1312 904 Galli,

103 914 186 963 rocct
214 905 298 962 hanc
320 905 449 963 loeraaim
476 903 648 980 (talionem
677 907 729 965 sed
753 907 893 985 imprimis
916 927 955 966 ex
980 907 1109 967 Concilio
1133 907 1312 985 Tridentino,

102 983 178 1060 quod
192 984 311 1043 cultum
326 984 492 1061 Imaginum
505 1005 642 1062 expresse
656 987 756 1045 sancit.

102 1087 252 1204 rma
267 1089 350 1193 tt:
371 1063 1151 1223 ..lttttttttt.ssttttttttntt..t
1166 1068 1314 1206 ilidii

372 1241 516 1299 expresse,
532 1244 568 1283 na
582 1225 630 1282 vel
651 1224 789 1285 faciamus
811 1225 959 1302 Imagines
980 1224 1142 1302 Religionis
1163 1245 1242 1303 ergo,
1265 1226 1314 1285 vel
1394 1215 1402 1228 ⁸

100 1319 147 1360 eas
161 1298 323 1358 adoremus
337 1308 368 1359 et
382 1301 519 1378 colamus,
543 1304 617 1362 Euo.
632 1325 684 1363 xx.
699 1307 727 1378 4,
750 1307 769 1338 “
784 1305 850 1363 Νοιι
870 1304 959 1363 facies
981 1303 1035 1362 tibi
1055 1303 1197 1382 sculptile,
1219 1325 1314 1383 neque

100 1399 214 1438 omnem
231 1379 464 1456 similitudinem,
480 1401 544 1459 quae
558 1391 603 1442 est
617 1383 647 1441 iu
661 1383 735 1442 coelo
749 1383 880 1462 desuper,
897 1393 926 1442 et
939 1403 1005 1460 que
1026 1383 1056 1441 in
1078 1391 1154 1444 terra
1167 1383 1312 1460 deorsum,

100 1479 151 1518 nec
165 1478 353 1536 eorumquae
367 1461 479 1519 suntin
500 1462 584 1539 aquis
605 1463 659 1522 sub
683 1471 767 1537 terra,
791 1482 850 1521 non
873 1462 1007 1522 adorabis
1027 1483 1066 1526 ea
1086 1483 1180 1541 neque
1204 1464 1312 1541 coles,”

100 1539 176 1616 quod
192 1538 386 1598 confirmatur
404 1540 527 1618 Levitic.
551 1542 632 1600 xxvi.
658 1545 684 1616 1,
709 1543 807 1602 “Nou
832 1541 943 1602 facietis
965 1542 1051 1601 vobis
1074 1542 1193 1619 idolum,
1219 1563 1314 1622 nequo

102 1617 246 1696 sculptile,
266 1638 363 1696 nequa
377 1619 463 1678 vobis
484 1621 602 1698 erigetis
626 1630 759 1696 statuam,
785 1623 833 1681 vel
856 1622 983 1699 lapidem
1005 1621 1161 1698 figuratum
1184 1623 1214 1679 in
1237 1631 1314 1681 terra

101 1707 205 1772 restra,
222 1705 258 1757 ut
272 1699 465 1776 prosternatis
478 1718 531 1758 vos
545 1709 611 1760 ants
626 1702 722 1776 eum,'’
744 1703 786 1760 sic
801 1701 888 1760 Deut.
910 1702 950 1759 iv.
967 1703 1013 1777 15,
1029 1699 1099 1776 &c.;
1121 1700 1228 1778 quibus
1241 1701 1314 1760 locis
1383 1736 1385 1740 ·

102 1779 295 1855 prohibentur
308 1778 413 1853 facero,
428 1798 487 1836 non
500 1787 612 1838 tantum
625 1780 695 1857 keu,
711 1781 845 1856 contrata,
860 1779 899 1838 id.
922 1780 1078 1856 imaginem
1096 1779 1248 1856 sculptam,
1263 1779 1315 1839 sed

104 1859 188 1917 etiarn
203 1875 309 1935 mcc,
324 1858 532 1918 amatunam
545 1860 705 1938 quamlibet
719 1861 805 1918 etiam
827 1859 943 1936 pictam,
967 1859 1175 1935 exprimentem
1198 1878 1249 1918 scu
1271 1879 1314 1918 re·

103 1947 331 2014 praesentantem
345 1938 539 2016 qualicunque
553 1939 648 2018 effigie
663 1939 788 2017 speciem
802 1939 937 2016 aliquam,
954 1937 1016 1996 sivo
1036 1937 1067 1995 in
1088 1937 1178 2014 coelis,
1201 1938 1263 1997 aive
1284 1937 1315 1997 in

102 2019 192 2094 terris,
219 2019 287 2078 sive
311 2017 387 2076 intra
410 2025 524 2078 terram.
571 2019 773 2096 Quidquamne
791 2018 892 2156 potuit
913 2037 1040 2094 unquam
1054 2017 1147 2076 vetari
1169 2017 1313 2094 disertius,

102 2117 186 2174 quarn
200 2099 301 2158 omnis
315 2097 364 2156 hic
379 2098 475 2174 imago
489 2099 677 2174 interdicitur,
693 2119 758 2176 quae
772 2118 790 2157 a

104 2177 164 2236 Aut
178 2179 381 2255 quidquamne
396 2177 450 2237 suit
463 2197 591 2254 unquam
604 2179 745 2238 violatum
759 2177 947 2254 manifestius,
963 2198 1048 2255 quarn
1062 2186 1238 2256 praeceptum
1259 2177 1316 2238 hoo

104 2257 229 2316 violatur
243 2259 275 2316 in
290 2258 493 2317 communione
508 2257 663 2318 Romana?

152 2337 246 2396 VIII.
270 2336 472 2413 Nequicquam
495 2357 564 2396 vero
586 2338 754 2398 obtenditur
776 2337 815 2398 ad
836 2338 897 2398 rim
920 2336 1005 2398 istius
1027 2337 1079 2398 teli
1102 2337 1313 2414 declinandam,

105 2418 132 2474 l.
147 2417 395 2493 Proeccptumhoc
409 2435 474 2475 esse
484 2417 563 2492 juria
572 2419 691 2493 positivi,
714 2417 793 2496 quod
813 2418 935 2479 Judaeos
955 2425 1068 2478 tantum
1088 2417 1233 2494 obligarit,
1255 2437 1315 2477 non

103 2516 172 2554 vero
185 2495 340 2570 naturalis,
355 2515 414 2572 quo
429 2516 528 2555 omnes
542 2498 767 2574 obstringuntur,
781 2506 815 2558 ut
834 2500 959 2575 Vuaqura
977 2498 1034 2556 hoc
1053 2496 1193 2574 effugium
1207 2504 1313 2574 captat,

105 2575 225 2654 Disput.
240 2575 280 2633 iv.
295 2596 359 2654 cap.
374 2579 404 2649 3,
419 2583 449 2635 ct
462 2576 625 2636 Ambrosius
641 2575 821 2654 Catlrars'nac',
837 2597 934 2656 opusc.
950 2576 987 2635 de
1002 2577 1105 2654 imag,
1121 2574 1159 2635 ad
1172 2595 1245 2653 quos
1266 2595 1313 2636 ac·

102 2655 178 2715 cedit
194 2655 328 2716 Gratim.
370 2655 446 2713 Nam
460 2657 635 2715 contrarium
654 2664 804 2732 testantur,
820 2653 882 2716 tum
896 2656 961 2715 finis
975 2655 1159 2715 immediatus
1173 2666 1202 2714 et
1215 2655 1315 2732 proxi·

104 2755 166 2794 mus
181 2735 339 2813 Praecepti,
355 2735 407 2811 qui
421 2743 465 2794 eat
479 2735 596 2794 moralis
610 2744 639 2794 et
649 2736 724 2812 juria
738 2736 877 2814 perpetui,
892 2736 987 2794 nimir.
1002 2743 1035 2794 ut
1048 2755 1135 2794 verus
1148 2735 1229 2795 Deua
1242 2753 1314 2812 pure

105 2823 132 2872 et
144 2815 316 2890 incorrupte
331 2813 440 2890 absque
455 2815 532 2872 omni
546 2813 710 2875 idololatria
724 2815 844 2891 colatur,
860 2823 921 2874 tum
936 2814 1001 2874 due
1015 2815 1078 2891 ejus
1092 2822 1197 2892 partes,
1221 2814 1315 2891 prima

105 2893 139 2952 de
153 2893 325 2972 aluamutqa,
341 2894 410 2971 quia
423 2893 601 2970 impossibile
615 2903 645 2954 et
658 2895 738 2955 nefas
752 2905 796 2955 est
811 2897 906 2954 Deum
922 2901 1127 2971 representare
1147 2913 1200 2970 por
1212 2892 1314 2969 imagi·

105 2993 178 3051 nem,
195 2975 292 3033 altera
304 2974 342 3032 de
356 2969 553 3054 dlaaoaaegu'qq
569 2993 634 3051 quae
643 2975 749 3052 simpli.
764 2973 952 3049 interdicitur,
970 2973 1057 3030 Deut.
1073 2972 1175 3046 iv.15;
1200 2969 1314 3062 Deinde

106 3054 328 3206 ἷὲἔῗὲἱῗὶῗ
336 3073 395 3208 ll,1
406 3053 496 3193 tt?
503 3074 540 3192 l}
547 3054 595 3208 ii,
601 3054 640 3193 l.
647 3062 785 3210 Zilil?
773 3051 1086 3209 t‘ttttttlttt
1087 3069 1314 3188 ramum?

107 3211 218 3286 Tertio,
233 3212 301 3289 quia
314 3221 490 3291 pracceptum
504 3221 549 3272 est
565 3222 668 3272 natura
687 3221 797 3286 notum,
818 3210 895 3270 unde
917 3210 1049 3270 Gentiles
1067 3229 1104 3270 ex
1119 3228 1154 3267 eo
1167 3207 1318 3286 redarguit

108 3290 227 3366 Paulus,
239 3292 309 3351 Act
321 3293 383 3350 xiv.
393 3301 422 3351 et
433 3292 513 3367 xvii,
523 3301 553 3352 et
563 3292 647 3352 Rom.
658 3293 687 3368 i.,
695 3291 774 3369 quod
782 3290 967 3350 confirmatur
977 3309 1015 3349 ex
1025 3287 1145 3347 historIa
1158 3288 1314 3347 multarum

105 3373 331 3448 gentiumque
344 3371 486 3448 imagines
500 3371 651 3431 admittere
665 3372 826 3446 noluerunt,
842 3370 901 3428 vid.
918 3370 995 3428 Plut.
1015 3369 1045 3426 in
1067 3368 1170 3444 Numa,
1193 3367 1229 3426 de
1255 3368 1313 3428 Ro·

104 3453 214 3526 mania;
238 3451 362 3510 Tertull.
377 3450 504 3528 Apolog.
519 3471 545 3511 c.
559 3455 613 3528 253
634 3452 724 3510 Tacit.
741 3450 947 3510 cateruae.
963 3451 991 3507 9.
1033 3447 1151 3523 Quarto,
1167 3447 1315 3508 Adversa·

104 3531 138 3590 n'i
151 3531 290 3609 plerique
304 3530 360 3590 hoc
373 3531 524 3589 nobiscum
538 3540 708 3608 agnoscunt,
723 3533 862 3590 Bellum.
876 3529 927 3588 lib.
942 3528 983 3587 iii.
1004 3547 1029 3587 c.
1046 3532 1073 3605 7,
1100 3527 1210 3587 Saurea
1231 3526 1262 3586 in
1286 3531 1314 3604 3,

105 3610 160 3671 To.
176 3611 197 3669 i.
212 3631 241 3688 q.
258 3612 307 3684 25,
323 3619 377 3669 art.
392 3613 420 3684 8,
436 3610 509 3688 disp.
525 3613 574 3670 54.
589 3619 659 3670 sect.
674 3615 702 3669 7.
1047 3666 1048 3672 ,

143 3690 210 3750 IX.
233 3695 263 3748 2.
278 3691 384 3766 Excip.
400 3689 462 3768 Agi
476 3689 512 3748 de
532 3690 626 3749 Idolis
647 3709 711 3768 qum
732 3689 791 3756 aiut
813 3707 908 3749 rarum
932 3701 991 3748 non
1009 3687 1203 3764 existentium,
1219 3685 1317 3764 qualia

104 3779 191 3829 erant
212 3769 289 3828 salsa
311 3769 450 3830 Gentium
469 3768 604 3846 Numina,
624 3790 684 3829 non
697 3789 767 3829 vero
788 3769 824 3828 de
846 3769 1026 3846 Impinctm,
1049 3787 1113 3846 quae
1138 3768 1196 3826 sint
1220 3786 1317 3826 rerum

104 3850 316 3926 existentium
346 3849 418 3910 Ideo
447 3851 494 3910 ter
521 3849 693 3909 vertendum
718 3857 836 3910 censent
861 3869 913 3926 per
936 3845 1044 3922 illusor,
1080 3866 1138 3905 non
1165 3865 1235 3904 vero
1264 3865 1317 3922 per

104 3929 205 3989 ablu:
228 3930 305 3988 Nam
319 3928 406 3988 inane
423 3929 502 3990 istud
515 3929 655 4006 effugium
675 3949 739 3988 esse
762 3937 851 4007 patet,
875 3932 902 3986 1.
917 3927 991 4002 Quia
1011 3947 1071 3986 vox
1092 3929 1139 3986 Bos
1160 3924 1196 3983 de
1210 3923 1316 4000 quovis

105 4009 286 4068 simulachro
300 4009 415 4082 dicitur,
430 4009 507 4068 uude
531 4029 549 4068 a
570 4011 609 4068 70
629 4008 759 4068 redditur
779 4008 865 4067 modo
885 4028 936 4085 per
956 4003 1064 4084 ellasar,
1086 4013 1120 4066 ut
1139 4004 1216 4080 apud
1237 4003 1316 4062 Exo-

105 4089 187 4162 dum,
203 4087 292 4148 modo
305 4109 359 4166 per
372 4094 495 4164 quanta,
510 4097 544 4148 ut
558 4088 696 4149 Deutero.
710 4087 750 4147 iv.
767 4089 812 4162 16,
829 4095 858 4146 et
871 4107 900 4146 v.
916 4089 943 4163 8,
966 4086 1052 4144 modo
1072 4106 1123 4165 per
1144 4083 1229 4162 daim,
1256 4083 1315 4143 Isa.

106 4170 149 4228 xl.
164 4171 211 4244 18,
226 4171 285 4242 so;
309 4167 466 4228 Chaldaeus
479 4168 575 4228 reddit
594 4189 645 4246 per
665 4170 738 4244 actu,
760 4167 917 4244 imaginem.
959 4170 988 4226 2.
1011 4166 1084 4240 Quia
1105 4165 1174 4224 licet
1187 4185 1248 4223 vox
1271 4166 1317 4226 bor

105 4259 185 4308 esset
198 4248 363 4326 angustior,
378 4268 440 4310 vos
453 4269 535 4324 wan,
551 4257 580 4308 ct
594 4248 711 4326 quidem
724 4267 790 4307 cum
808 4255 878 4306 nota
897 4245 1132 4322 universalitatis,
1154 4243 1317 4304 necessario

106 4349 222 4388 omnem
238 4327 406 4405 Imaginem
420 4327 507 4388 debet
530 4327 685 4404 includere,
710 4326 766 4386 nisi
784 4327 909 4385 vaIImua
933 4325 1151 4385 similitudinem
1172 4343 1232 4382 non
1255 4341 1319 4379 esse

105 4409 275 4486 imaginem,
290 4417 322 4466 et
335 4407 402 4466 vico
417 4427 510 4466 versa.
552 4411 581 4466 3.
602 4407 733 4484 Vulgata
746 4406 860 4480 Versio,
878 4405 964 4464 Dent.
979 4405 1019 4464 iv.
1036 4408 1082 4480 16,
1102 4404 1178 4460 hauc
1198 4399 1319 4491 distinc-

107 4489 215 4548 tionem
243 4487 369 4565 respuit,
393 4506 482 4563 quum
505 4486 602 4546 reddit
626 4487 808 4566 “sculptam
831 4484 1057 4559 similitudinem,
1082 4489 1133 4540 aut
1157 4480 1319 4566 Imaginem

107 4569 263 4642 masculi,''
275 4578 307 4627 et
320 4567 380 4625 lea.
392 4565 434 4624 xl.
451 4569 496 4642 18,
513 4568 531 4600 “
545 4587 633 4644 quam
646 4565 802 4644 lmagicem
815 4564 929 4644 ponetis
943 4565 970 4622 ei
980 4563 1013 4622 ?'¹
1039 4561 1068 4619 4.
1084 4557 1183 4618 GratIs
1201 4555 1321 4644 fiugqtur

107 4647 255 4710 densato
270 4647 351 4706 inter
365 4642 468 4704 ἄδηλοι
481 4655 509 4706 ot
522 4647 619 4724 datm
642 4647 711 4724 quia
724 4645 792 4706 licet
806 4644 836 4703 in
850 4664 905 4704 usu
924 4638 1101 4716 Theologico
1116 4643 1145 4695 et
1159 4633 1318 4692 Ecclcsraa·

184 4747 261 4788 raas
277 4745 312 4786 ιι.
1180 4731 1200 4770 ¹³

831 2098 941 2157 cultum
961 2097 1129 2174 religiosum
1150 2102 1316 2158 statuatur?
1397 2153 1399 2158 .
