3202 5194
242 355 281 416 98
693 369 786 411 rocus
801 367 982 410 onnnorrrus.
1230 343 1361 428 [cumen.
1376 364 1456 406 rv11.

124 528 127 534 “
244 512 320 572 facto
334 531 393 570 non
416 528 529 588 semper
540 509 752 587 rescinduntur,
768 510 820 570 scd
839 511 895 570 hoc
908 508 943 568 fit
962 529 1001 568 ex
1014 505 1195 584 indulgentia
1218 513 1347 584 paterna,
1362 514 1396 565 ut
1410 507 1458 565 vi-

244 600 343 652 tentur
355 591 466 668 majora
479 591 563 667 ursle,
578 610 638 649 non
651 611 689 650 ex
706 591 830 669 justitia.
871 589 964 648 Aliud
985 596 1081 647 autem
1095 596 1140 646 est
1160 606 1288 664 quaerere
1303 586 1339 645 de
1360 587 1383 646 J
1384 608 1455 664 ure3

245 671 339 732 Aliud
352 671 388 730 de
403 671 523 748 imerali,
540 671 601 728 sive
618 671 695 748 juria
708 670 876 730 remissione
896 670 927 727 in
940 669 1038 745 aliquo
1059 687 1136 742 casm
1152 667 1189 726 de
1213 686 1272 743 qua
1286 667 1458 744 accipienda

246 760 314 812 sunt
327 771 506 828 quaecunque
520 750 556 809 de
570 751 760 809 matrimoniis
773 751 837 811 istis
851 749 1046 825 clandestinis,
1062 748 1087 806 si
1101 766 1149 825 per
1165 747 1300 825 copulem
1321 767 1456 806 consum·

244 839 323 891 mato
337 830 403 907 sint,
419 831 554 890 dicuntur
567 830 604 888 ab
619 830 796 890 Orthodorris
810 829 983 907 quibusdam
1004 827 1161 905 Theologis
1182 836 1211 887 et
1228 827 1249 886 J
1252 828 1457 886 ureconsultis.

246 911 331 970 Alias
345 911 369 970 si
383 930 435 988 per
449 911 582 988 copulam
596 910 728 969 illicitam
741 911 809 970 Jnri
822 911 914 987 patrio
928 908 1134 981 detraheretur,
1150 927 1186 966 ne
1200 907 1281 966 irrita
1301 907 1371 966 talia
1384 928 1455 966 con·

242 992 327 1071 jugia
340 990 433 1050 facere
447 1001 553 1068 posset,
569 990 682 1050 occasio
696 989 872 1068 preberetur
889 989 995 1067 stupris
1009 997 1039 1047 et
1058 987 1228 1046 libidinibus
1242 987 1408 1064 innumeris,
1424 995 1457 1046 et

246 1072 340 1132 cuivis
353 1070 492 1130 nebuloni
514 1077 598 1148 porta
611 1071 769 1149 aperiretur
782 1069 911 1147 virgines
924 1070 1046 1128 honesto
1066 1068 1130 1126 loco
1145 1075 1227 1126 netas
1244 1065 1408 1140 seducendi,
1425 1075 1458 1126 et

248 1152 375 1210 Patriam
388 1158 560 1228 potestatem
575 1150 773 1210 conculcandi.
815 1150 877 1209 Nec
901 1150 1016 1208 obstare
1029 1156 1125 1225 potest
1148 1146 1226 1224 quod
1238 1147 1323 1224 virgo
1348 1147 1458 1205 amissa

246 1232 414 1309 virginitate
428 1229 491 1289 viro
506 1250 603 1290 carere
625 1230 746 1308 cogitur,
762 1238 792 1289 et
814 1229 856 1288 sic
876 1229 1010 1306 injuriam
1030 1228 1100 1305 pati,
1116 1227 1184 1305 quia
1204 1225 1235 1284 id
1249 1226 1379 1286 stultitiae
1394 1247 1456 1285 suar

247 1312 334 1371 debet
347 1310 497 1387 imputare,
513 1329 577 1387 quae
592 1310 664 1368 alias
678 1310 820 1370 cautiores
838 1309 948 1384 reddet,
964 1327 1000 1367 ne
1014 1309 1160 1386 patientur
1173 1326 1204 1365 se
1219 1307 1380 1382 corrumpi;
1401 1326 1457 1364 nec

247 1391 284 1450 de
298 1391 380 1450 illata
394 1390 450 1449 sibi
463 1411 482 1448 a
494 1398 613 1467 parente
627 1389 733 1468 injuria
753 1389 839 1448 debet
853 1389 944 1467 queri,
960 1388 1012 1447 sed
1032 1388 1068 1446 de
1082 1386 1198 1447 miseria
1218 1407 1305 1464 quem
1320 1385 1377 1444 sibi
1398 1387 1456 1464 ipsi

247 1471 408 1531 accersivit.

288 1551 448 1610 XXVIII.
471 1551 537 1610 Non
551 1549 652 1610 eadem
665 1549 713 1609 hic
727 1558 772 1609 est
785 1549 902 1609 omnino
913 1549 986 1609 ratio
997 1568 1155 1622 servorum,
1167 1556 1197 1606 ct
1209 1546 1373 1621 liberorum,
1386 1546 1457 1623 quia

246 1631 322 1690 inter
335 1631 436 1690 herum
450 1639 480 1690 et
494 1651 610 1690 servum
625 1630 764 1707 obligatio
779 1637 824 1689 eat
844 1649 921 1689 mere
935 1629 1039 1704 civilia,
1055 1629 1098 1687 At
1118 1627 1193 1687 inter
1213 1635 1345 1704 parentes
1369 1635 1399 1684 et
1418 1626 1456 1684 li·

221 1771 226 1781 ,
246 1711 332 1770 beros
346 1710 500 1770 naturalia:
525 1710 602 1769 servi
626 1718 694 1770 suut
714 1708 824 1768 domini
844 1717 957 1769 tantum
971 1708 1162 1786 possessione,
1178 1715 1208 1766 et
1230 1706 1282 1765 filii
1301 1713 1455 1783 parentum

247 1790 442 1869 generatione.
486 1789 572 1850 Unde
586 1809 644 1848 non
657 1809 710 1867 par
723 1797 768 1849 est
788 1791 946 1849 necessitas
966 1807 1124 1848 consensus
1144 1787 1244 1846 herilis
1266 1787 1297 1844 in
1310 1786 1456 1863 conjugiis

247 1890 405 1946 servorum,
420 1890 455 1930 ac
476 1870 589 1948 paterni
612 1870 643 1929 in
668 1869 805 1948 conjugio
829 1870 994 1929 liberorum.
1037 1867 1150 1927 Deinde
1172 1867 1197 1926 si
1217 1865 1295 1926 servi
1312 1866 1458 1944 mancipia

248 1953 314 2027 sint,
330 1958 364 2010 ut
384 1951 463 2026 olim,
478 1970 532 2010 nec
546 1950 654 2008 divinis
673 1969 726 2009 nec
740 1949 876 2009 civilibus
896 1949 1011 2026 legibus
1032 1948 1094 2008 sine
1108 1947 1258 2006 voluntate
1272 1946 1382 2004 domini
1402 1964 1456 2005 nu·

248 2031 317 2091 bere
338 2039 470 2109 possunt.
513 2029 600 2090 Unde
615 2028 710 2090 Exod.
725 2030 788 2088 xxi.
803 2033 831 2106 4,
847 2029 922 2089 Lev.
936 2049 1008 2088 xxv.
1023 2032 1071 2104 44,
1094 2027 1210 2086 domino
1231 2026 1316 2086 datur
1329 2034 1459 2103 potestas

249 2131 333 2171 servo
347 2129 468 2169 uxorem
482 2108 581 2168 dandi.

288 2189 419 2248 XXIX.
442 2188 479 2246 In
492 2187 682 2247 matrimoniis
695 2189 803 2248 talibus
823 2188 893 2248 licet
905 2188 982 2248 adsit
995 2207 1153 2247 consensus
1172 2186 1410 2260 contrahentium,
1427 2193 1458 2245 et

247 2269 370 2328 intentio
383 2267 516 2342 ministri,
532 2267 614 2327 deest
627 2275 724 2326 tamen
738 2287 895 2328 consensus
909 2269 1064 2345 legitimus,
1080 2268 1131 2345 qui
1151 2287 1209 2326 non
1230 2274 1343 2326 tantum
1363 2275 1458 2325 amen·

249 2350 328 2409 ditur
341 2355 474 2426 respectu
498 2347 736 2423 contrahentium,
752 2347 804 2407 sed
828 2348 915 2406 etiem
938 2356 1070 2426 respectu
1091 2367 1190 2406 eorum
1204 2347 1235 2405 in
1252 2365 1376 2423 quorum
1389 2353 1458 2405 sunt

249 2436 402 2508 potestate.
444 2426 505 2486 Nec
520 2427 545 2485 si
558 2427 636 2486 filius
648 2427 722 2486 liber
736 2435 789 2502 est,
805 2428 941 2487 continuo
956 2438 1000 2487 est
1013 2427 1163 2500 ιῠηξοίειος
1177 2435 1206 2485 et
1221 2426 1350 2503 suijuris
1371 2426 1456 2484 abso·

250 2510 326 2569 lute:
347 2507 419 2565 ahos
430 2506 574 2584 quomodo
587 2507 729 2584 potuisset
741 2508 828 2566 Pater
840 2507 966 2567 vendere
974 2507 1075 2584 filium,
1084 2507 1178 2566 Exod.
1190 2506 1261 2578 xxi,
1271 2513 1301 2564 et
1309 2504 1456 2582 quomodo

251 2589 338 2648 Pater
351 2587 426 2663 filis,
438 2587 562 2646 Maritus
572 2587 681 2663 uxoris,
690 2595 791 2646 votnm
805 2587 917 2647 irritum
930 2587 1024 2646 facere
1037 2588 1207 2665 potuissent,
1220 2586 1410 2646 Numeriem?
1425 2586 1457 2646 Si

250 2667 403 2747 nequidem
417 2668 494 2727 bona
505 2676 658 2747 parentum
671 2667 796 2728 alienare
810 2675 915 2748 potest,
930 2677 1038 2747 quanto
1052 2668 1148 2726 minus
1162 2666 1313 2744 seipsum?

695 2911 883 2990 QUAESTIO
904 2911 1012 2971 XVII.
1034 2959 1036 2964 .

657 3091 698 3133 AD
712 3092 901 3134 PRAECEP‘I’UM
915 3089 1043 3132 SEXTUM·

250 3237 298 3296 An
318 3237 368 3295 aab
391 3232 442 3293 loc
455 3235 602 3310 Praeceptn
624 3235 681 3292 Jua
705 3233 783 3292 Belli
804 3243 831 3292 et
853 3232 986 3310 supplicii
1008 3231 1207 3290 contineatur?
1247 3229 1294 3287 Aa
1316 3229 1459 3309 κῦπχιιξιι

409 3323 437 3372 et
449 3316 572 3372 duellum
581 3313 810 3390 prohibeantur!
862 3313 948 3372 Prius
962 3312 1047 3390 Neg,
1064 3312 1169 3371 Poster
1182 3307 1297 3368 Affirm.

293 3473 318 3531 1.
341 3471 416 3547 Quia
428 3471 504 3531 varii
516 3493 601 3532 casus
616 3491 764 3531 occurrere
778 3480 908 3549 possunt,
924 3471 1074 3550 inquibus
1088 3469 1287 3530 Homicidinm
1301 3475 1398 3545 potest
1411 3466 1459 3526 vel

250 3551 363 3612 licitum
377 3571 449 3629 ease,
464 3552 514 3610 vel
533 3552 669 3612 illicitum
687 3561 717 3612 et
730 3551 944 3629 damnandum3
966 3553 1034 3611 hinc
1049 3551 1177 3626 Quaestio
1192 3551 1284 3609 oritur
1296 3547 1367 3626 quid
1382 3547 1459 3606 Pra-

251 3641 335 3710 cepto
350 3640 442 3709 sexto,
457 3633 526 3692 Noc
540 3633 653 3708 occide,
665 3633 862 3734 prohibeatur,
877 3633 948 3710 quid
961 3652 1032 3691 vero
1045 3653 1112 3690 non.
1255 3709 1287 3722 ..
1310 3709 1317 3722 ,
1443 3707 1449 3720 ,

252 3750 498 3880 reclames
517 3713 601 3869 ..t
619 3713 883 3871 lustum
894 3709 1459 3870 praetermittimus

281 3869 377 3916 meula.
512 3873 651 3952 privatos,
666 3874 784 3951 inques
798 3873 905 3951 gladio,
918 3872 965 3931 vel
979 3873 1092 3949 laqueo,
1102 3871 1197 3930 aliove
1207 3867 1341 3947 supplicii
1355 3885 1459 3943 genere

253 3955 505 4030 animadvertitur;
515 4014 521 4030 ,
531 3974 596 4013 cum
612 3953 802 4030 Magistratus
815 3961 967 4031 propterea
980 3952 1078 4029 gladio
1093 3951 1130 4010 sit
1144 3958 1280 4024 armatus,
1296 3947 1334 4006 ad
1348 3946 1458 4004 vindic-

252 4043 312 4094 tam
336 4034 485 4109 malorum,
507 4033 591 4093 Rom.
606 4033 669 4093 xiii.
683 4038 712 4110 4,
736 4034 832 4094 lPet.
846 4034 877 4092 ii.
894 4037 940 4108 14,
966 4031 1044 4109 quod
1068 4050 1127 4090 non
1151 4029 1275 4108 pertinet
1288 4034 1401 4086 tantum
1423 4025 1459 4083 ad

253 4113 443 4192 Magistratus
458 4113 607 4188 Ethnicos,
623 4113 674 4191 qui
687 4122 749 4173 tum
769 4113 907 4191 temporis
921 4112 1098 4186 obtinebant,
1119 4110 1171 4169 sed
1184 4109 1222 4168 ed
1236 4127 1336 4167 omnes
1351 4105 1460 4184 Magis·

253 4203 345 4256 tratus
359 4213 418 4269 qua
430 4193 512 4269 tales,
528 4194 591 4253 aive
604 4193 705 4253 fideles
720 4194 786 4268 aiut,
803 4193 865 4252 sive
879 4213 955 4253 non:
977 4192 1035 4252 imo
1056 4191 1199 4269 praecipue
1214 4188 1251 4247 ad
1265 4186 1366 4246 fideles
1381 4205 1461 4263 spec-

251 4285 303 4351 tat,
328 4273 380 4352 qui
392 4281 425 4332 ut
439 4273 573 4332 custodes
587 4273 736 4351 utriusque
750 4272 857 4332 tabulae
865 4273 1028 4351 prospicere
1039 4271 1146 4331 debent
1156 4269 1245 4347 Legis
1256 4265 1459 4340 observationi,

253 4355 332 4434 quod
355 4373 414 4412 non
435 4351 516 4412 fieret
539 4353 564 4412 si
589 4363 687 4412 sontes
711 4352 853 4431 supplicio
877 4353 989 4412 afficere
1011 4373 1070 4412 non
1090 4351 1198 4424 liceret,
1222 4348 1290 4426 quia
1304 4346 1355 4406 ubi
1369 4344 1473 4424 poenaa'

253 4445 347 4495 metus
371 4434 462 4508 abest,
484 4433 611 4510 aperitur
628 4432 754 4492 fenestra
774 4432 908 4492 omnibus
923 4432 1089 4492 sceleribus.
1132 4431 1174 4490 Ut
1188 4429 1294 4488 frustra
1309 4427 1367 4486 sint
1380 4425 1462 4484 Ana·

251 4515 385 4593 baptistae
407 4521 437 4572 et
460 4513 615 4588 Sociniani,
631 4513 684 4590 qui
693 4513 750 4572 hoc
768 4521 901 4591 respectu
916 4511 1103 4591 Magistratui
1118 4511 1284 4570 Christiano
1298 4525 1383 4568 suum
1398 4505 1459 4582 gla-

252 4597 332 4656 dium
346 4593 456 4670 eripere
470 4599 619 4652 conantur.

293 4674 356 4734 111.
376 4671 439 4733 Nee
452 4671 578 4734 officium
598 4679 713 4733 tantum
731 4671 922 4752 Magistratus
942 4673 999 4734 hoe
1019 4671 1121 4751 exigit,
1143 4669 1197 4732 sed
1217 4665 1413 4747 tranquillitas
1433 4669 1461 4723 ct
