3108 5198
238 319 273 376 16
677 335 768 377 rocus
783 333 963 375 unnscruus.
1269 311 1398 394 [curer.
1418 335 1458 375 11.

275 477 419 538 XXVII.
442 478 525 537 Licet
538 485 635 537 autem
651 477 799 556 Scriptura
812 495 871 538 nou
885 473 1077 553 reprehendat
1091 473 1294 552 Polygamiam
1308 474 1339 534 in
1351 475 1457 536 Patri-

232 558 343 634 archis;
359 559 426 618 Non
441 558 572 636 sequitur
585 558 694 617 licitam
709 557 813 617 fuisse:
828 557 903 614 Nam
918 563 948 614 et
961 554 1019 614 alia
1032 553 1114 613 varia
1127 554 1290 619 referuntur
1300 554 1331 612 in
1348 555 1456 634 Scrip-

232 647 305 714 tura,
321 659 375 697 nec
388 638 645 716 reprehenduntur,
668 657 733 716 quae
748 657 766 696 a
779 645 897 714 peccato
912 635 1045 698 excusari
1065 643 1222 712 nequeunt,
1244 643 1277 695 ut
1298 635 1391 695 Lothi
1404 638 1455 696 iu·

232 727 337 795 cestus,
356 719 451 778 Saulis
465 720 617 800 amenopis,
631 725 660 777 et
670 719 732 776 sim.
764 718 837 776 Eam
852 735 921 775 vero
930 715 1082 793 probatam
1092 733 1150 774 non
1165 714 1254 774 fuisse
1265 714 1331 774 Deo
1345 717 1456 794 colligi

232 806 329 876 potest
343 817 361 856 a
374 799 527 876 posteriori
548 819 585 857 ex
600 797 782 876 gravissimis
796 796 1018 872 calamitatibus
1041 795 1148 873 quibus
1167 795 1340 873 polygamos
1358 816 1453 875 prop-

232 886 312 937 terea
326 879 490 956 castigavit.
533 879 612 938 Note
631 898 704 939 crux
725 877 885 936 domestica
904 896 939 935 eo
959 876 1076 935 nomine
1098 875 1268 934 Abrahamo
1288 877 1452 954 imposita;

233 957 311 1017 Nota
327 959 427 1036 jurgia
441 968 470 1019 et
487 959 686 1019 aemulationes
706 976 831 1016 uxorum
852 955 976 1032 Iacchi,
999 957 1109 1016 Notum
1129 955 1201 1034 quid
1222 955 1320 1014 David
1341 977 1453 1034 passus

232 1038 271 1096 sit
285 1058 303 1096 a
316 1039 472 1099 liberorum
493 1039 613 1117 flagitiis
627 1058 665 1097 ex
688 1037 861 1115 Polygamia
875 1036 954 1112 ortis,
977 1045 1007 1096 et
1021 1055 1107 1114 quam
1123 1055 1188 1095 cara
1209 1036 1374 1096 constiterit
1394 1039 1452 1097 illa

235 1117 392 1178 Salomoni.

273 1198 434 1258 XXVIII.
456 1198 596 1275 Quamvis
611 1197 786 1258 Patriarchae
801 1195 977 1256 nesciverint
991 1215 1022 1255 se
1036 1215 1155 1274 peccare
1169 1217 1222 1275 per
1234 1195 1448 1277 polygamiam,

234 1278 300 1336 Non
314 1279 411 1338 obstat
424 1287 522 1339 tamen
536 1278 690 1357 quominus
704 1277 889 1356 peccaverint
902 1297 940 1335 ex
949 1277 1121 1354 ignorantia,
1136 1285 1272 1354 putantes
1285 1277 1317 1335 id
1330 1279 1449 1338 licitum

216 1361 296 1417 'asse
311 1359 444 1418 omnibus
458 1359 536 1436 quod
557 1359 665 1436 passim
687 1358 844 1433 obtinebat,
866 1377 957 1435 prava
971 1357 1179 1416 consuetudine
1200 1377 1265 1434 qua
1278 1357 1449 1420 invaluerat

230 1438 262 1496 in
276 1439 347 1516 ipsis
361 1439 533 1499 obscurante
546 1439 595 1498 vel
608 1439 780 1500 obliterante
793 1437 939 1515 primaevae
952 1437 1142 1496 institutionis
1156 1437 1330 1513 memoriam,
1340 1447 1444 1498 utnon

233 1527 440 1595 cognoscerent
454 1537 517 1578 esse
537 1528 696 1596 peccatum.
739 1518 801 1576 Nee
822 1517 952 1594 sequitur
971 1525 1101 1576 mortuos
1122 1537 1185 1577 esse
1205 1517 1237 1575 in
1256 1527 1339 1577 reatu
1359 1518 1443 1580 illius

231 1599 343 1676 peccati
356 1598 435 1678 quod
448 1599 630 1676 ignorabant,
653 1598 721 1675 quia
741 1617 889 1674 nunquam
909 1597 1109 1674 poenitentiam
1129 1599 1193 1675 ejus
1207 1606 1348 1675 egerunt3
1370 1600 1444 1676 quie

232 1678 257 1736 si
271 1698 329 1737 non
350 1697 487 1756 expresse
508 1687 539 1738 et
556 1679 714 1738 formaliter
727 1677 926 1756 poenitentiam
940 1677 1019 1736 illius
1032 1686 1171 1754 egerunt,
1193 1677 1323 1754 implicite
1341 1688 1443 1756 tamen

232 1759 296 1836 ejus
310 1760 425 1818 veniam
445 1758 598 1837 petierunt,
614 1778 703 1836 quum
724 1757 863 1835 petebant
876 1757 990 1816 venmm
1005 1756 1133 1816 omnium
1153 1766 1336 1834 peccatorum
1350 1759 1443 1818 etiarn

232 1839 420 1899 occultorum.
463 1839 524 1898 Nec
544 1839 715 1916 poenitentia
729 1837 862 1916 specialis
883 1856 970 1914 super
986 1837 1042 1896 hoc
1063 1836 1138 1896 facto
1160 1837 1254 1914 magis
1268 1838 1305 1896 ab
1325 1838 1360 1897 iis
1374 1839 1441 1898 exi·

232 1917 336 1995 ganda,
352 1939 439 1997 quam
450 1938 537 1997 super
550 1919 633 1979 factis
647 1919 712 1978 aliis
727 1918 763 1977 de
778 1917 884 1994 quibus
897 1936 956 1975 non
969 1916 1107 1994 leguntur
1119 1917 1317 1994 paenitentiam
1332 1919 1441 1996 egisse.

232 1998 317 2057 Alias
330 2019 385 2058 nec
406 1999 557 2059 Noachum
572 2018 658 2076 super
677 1998 825 2072 ebrietate,
846 2017 901 2056 nec
915 1997 1041 2056 Lothnm
1056 2017 1142 2074 super
1155 1997 1275 2075 incestu,
1298 2018 1351 2057 nee
1365 1999 1442 2059 alios

234 2097 320 2155 super
333 2079 397 2136 aliis
411 2079 539 2155 peccatis
558 2078 758 2155 poenitentiam
772 2077 867 2154 egisse
887 2076 1020 2154 legimus,
1043 2097 1116 2155 quos
1137 2085 1233 2138 tamen
1252 2090 1441 2155 peccatorum

234 2157 362 2216 omnium
376 2156 491 2216 veniam
506 2177 523 2214 a
538 2157 602 2216 Deo
621 2177 673 2234 per
686 2156 774 2215 fidem
788 2157 819 2214 in
834 2156 972 2215 Messinm
992 2157 1161 2234 impetrasse
1181 2177 1240 2216 non
1260 2157 1440 2220 dubitamus.

235 2235 267 2294 Si
280 2237 321 2313 pii
335 2236 458 2313 quilibet
471 2236 563 2294 multa
576 2235 759 2295 committunt
779 2245 898 2312 peccata
910 2257 948 2296 ex
962 2237 1126 2316 ignorantia
1145 2246 1175 2296 et
1188 2257 1292 2314 errore,
1314 2258 1442 2316 quornm

233 2333 381 2393 nunquam
395 2316 562 2376 distinctam
583 2324 673 2393 agrmt
687 2316 893 2393 poenitentiam,
916 2316 994 2394 quod
1008 2336 1066 2376 non
1079 2317 1201 2394 impedit
1220 2318 1376 2395 quominus
1390 2341 1441 2379 eo-

233 2416 297 2454 rum
318 2403 418 2473 petant
432 2404 461 2455 et
474 2395 624 2456 obtineant
637 2396 843 2472 remissionem,
859 2395 981 2455 dicendo
996 2417 1061 2456 curn
1077 2397 1199 2474 Davide,
1221 2399 1323 2475 Purpa
1337 2419 1381 2459 me
1401 2401 1440 2460 ab

234 2477 354 2550 occultis,
368 2477 417 2535 Ps.
433 2475 504 2552 xix,
520 2474 622 2554 quidni
635 2475 712 2534 idem
727 2476 856 2535 dicamus
871 2476 907 2535 de
921 2477 1068 2536 veteribus
1083 2477 1275 2554 Polygamis?

277 2556 407 2614 XXIX.
430 2555 532 2630 Quoad
545 2557 715 2632 Dionnum
733 2555 813 2615 Deus
827 2576 881 2615 neo
895 2557 1031 2633 pracepit
1045 2557 1221 2635 simpliciter,
1234 2567 1284 2617 aut
1298 2557 1417 2636 permisi

234 2635 286 2693 sed
300 2643 412 2695 tautum
426 2635 572 2695 licentiam
589 2636 787 2712 divortiorum,
799 2657 864 2714 quae
883 2635 1033 2696 obtinebat
1046 2637 1123 2714 apud
1141 2637 1164 2697 J
1166 2637 1263 2697 udscos
1278 2648 1379 2698 contra
1397 2640 1443 2699 le·

234 2734 301 2792 gem
315 2716 475 2775 naturalem
490 2715 626 2794 conjugii,
649 2717 736 2776 certis
749 2715 865 2794 legibus
879 2735 1010 2776 coercere
1024 2716 1125 2792 voluit,
1147 2718 1311 2777 atmodum
1326 2720 1368 2778 rei
1381 2719 1442 2779 illi·

234 2796 298 2854 citae
312 2805 439 2874 poneret,
462 2815 521 2855 non
534 2817 604 2856 vero
618 2805 651 2856 ut
665 2817 728 2856 eam
742 2795 851 2855 licitam
873 2795 989 2855 faceret.
1032 2797 1118 2856 Unde
1140 2798 1271 2857 Christus
1292 2797 1363 2858 dicit
1383 2799 1443 2860 hoc

234 2875 329 2935 Deum
342 2878 512 2953 permisrsse,
535 2896 587 2937 seu
608 2881 747 2953 tolerasse,
767 2883 890 2953 propter
910 2876 1042 2935 duritiem
1055 2878 1149 2936 cordis
1168 2880 1347 2956 Judreoram,
1364 2879 1439 2940 Mat.

233 2955 295 3016 xix.
311 2959 340 3017 8.

272 3037 384 3096 XXX.
408 3037 439 3098 Si
463 3039 603 3118 Oorp‘apia
626 3040 656 3098 in
674 3038 811 3115 proditus
827 3035 983 3113 probabitis,
1009 3056 1075 3114 quae
1098 3037 1174 3098 inter
1196 3040 1304 3098 liberos
1329 3037 1441 3098 Adami

222 3119 335 3190 fratres
349 3127 376 3176 et
393 3139 506 3179 sorores
526 3121 557 3178 in
576 3119 719 3196 principio
741 3124 890 3176 contracta
910 3125 985 3192 sunt,
1009 3118 1181 3178 necessitate
1199 3120 1241 3178 ita
1261 3119 1438 3196 postulante,

230 3196 285 3255 hoe
298 3217 358 3255 non
377 3205 437 3256 tam
451 3199 559 3257 sactum
580 3206 625 3256 est
638 3217 690 3276 per
710 3196 954 3274 dispensationem
974 3197 1088 3275 proprie
1103 3197 1209 3257 dictam
1229 3199 1327 3276 Legis,
1350 3219 1439 3276 quam

229 3293 281 3350 per
295 3277 359 3351 ejus
373 3274 604 3336 declarationem.
633 3276 733 3336 Judaei
748 3277 890 3334 Doctores
903 3276 1033 3354 plerique
1047 3277 1218 3355 confugiunt
1231 3278 1279 3337 hic
1292 3277 1332 3336 ad
1344 3280 1438 3337 indul·

215 3354 352 3430 pents'am
367 3354 431 3430 Dei,
447 3357 530 3448 quasi
545 3355 627 3415 Deus
640 3355 704 3432 hoc,
720 3355 790 3414 licet
802 3355 947 3430 vitiosum,
962 3357 1115 3416 indulserit
1129 3357 1229 3435 primis
1241 3358 1299 3418 illis
1312 3358 1438 3417 hominis

230 3433 294 3492 bus.
335 3434 446 3492 Verum
460 3433 642 3512 indulgentia
661 3455 720 3493 non
743 3443 937 3494 consentanea
952 3436 1012 3512 juri
1031 3446 1061 3496 et
1074 3437 1218 3496 honestati
1239 3438 1364 3498 naturali
1378 3458 1439 3497 non

228 3520 325 3590 potest
344 3514 440 3573 locum
460 3515 576 3592 habere,
594 3515 663 3592 quia
682 3515 763 3574 Deus
776 3533 924 3592 nunquam
943 3515 1077 3594 indulget
1096 3517 1190 3577 faeere
1203 3519 1321 3577 malum.
1363 3518 1436 3594 Alii,

228 3601 262 3653 ut
276 3591 413 3670 August,
429 3596 628 3654 Necessitatem
648 3595 695 3654 hic
717 3594 886 3672 obtendunt,
911 3598 929 3629 “
943 3616 1008 3655 cum
1030 3617 1089 3656 non
1113 3599 1240 3672 essent,”
1262 3597 1365 3676 inquit,
1386 3599 1439 3659 lib.

228 3673 311 3730 xviii.
327 3673 363 3731 de
379 3673 411 3732 C.
427 3674 464 3734 D.
480 3693 542 3753 cap.
560 3678 607 3751 16,
631 3675 717 3734 “ulli
737 3675 868 3734 homines
882 3675 939 3734 nisi
960 3676 1011 3754 qui
1025 3696 1062 3735 ex
1076 3677 1135 3737 illis
1156 3677 1270 3738 duobus
1284 3678 1345 3737 nati
1365 3677 1438 3742 fuiss

228 3761 300 3827 sent,
316 3751 372 3810 viri
386 3773 499 3814 sorores
513 3774 580 3814 suas
601 3755 741 3834 conjuges
762 3763 944 3833 acceperunt,
966 3756 1046 3834 quod
1065 3765 1167 3834 postea
1179 3765 1288 3834 quanto
1303 3765 1348 3817 est
1362 3760 1437 3816 antis

228 3833 313 3909 quius
328 3833 518 3911 compellente
532 3835 712 3911 necessitate,
728 3843 810 3896 tanto
830 3843 932 3912 postea
946 3835 1053 3894 factum
1068 3845 1113 3896 est
1129 3837 1323 3896 damnabilius
1337 3837 1437 3916 religi-

229 3931 284 3972 one
297 3913 497 3990 probibente.”
542 3914 599 3974 Sed
608 3935 702 3993 neque
711 3916 768 3974 hoo
781 3916 865 3993 plene
877 3915 1042 3975 satisfacere
1056 3925 1169 3993 potest:
1191 3915 1267 3992 Quia
1280 3917 1439 3978 necessita·

228 3991 265 4050 tis
279 3993 358 4052 illius
372 4012 459 4052 causa
473 3993 528 4053 fuit
548 3995 610 4072 ipse
625 3995 714 4072 Deus,
735 3996 786 4074 qui
800 3995 884 4054 facile
903 4015 1002 4054 casum
1023 3997 1101 4055 hunc
1115 3997 1217 4056 tollere
1237 3997 1389 4074 potuisset,
1413 3999 1440 4058 si

226 4071 368 4131 voluisset
375 4073 459 4149 plura
466 4074 615 4134 hominnm
624 4075 706 4152 paria
714 4095 819 4150 creare,
829 4095 868 4134 ne
875 4075 1009 4135 homines
1020 4077 1232 4154 conjicerentur
1239 4077 1270 4134 in
1278 4078 1437 4138 necessita·

226 4157 284 4209 tem
309 4151 439 4211 violandi
452 4154 510 4214 Jus
530 4156 670 4215 naturale.
713 4155 900 4215 Commodius
921 4155 971 4213 alii
992 4175 1023 4215 se
1045 4157 1205 4233 expediunt
1225 4155 1438 4235 distinguendo

224 4231 281 4289 Jus
295 4236 426 4292 nostrate
443 4235 615 4310 primarium
629 4245 657 4296 et
668 4237 832 4310 absolutam,
855 4235 935 4312 quod
947 4234 978 4294 in
992 4243 1095 4296 natura
1113 4235 1177 4315 ipsa
1197 4234 1256 4295 Dei
1268 4236 1437 4297 immediata

225 4309 370 4387 fundatur,
386 4322 416 4372 et
428 4317 633 4392 secundan'um,
649 4315 728 4394 quod
741 4314 882 4374 fundatur·
891 4315 923 4372 in
936 4323 1039 4375 natura
1052 4335 1156 4392 rerum,
1173 4316 1311 4376 stlocum
1320 4325 1437 4376 tantum

224 4389 313 4450 habet
326 4392 356 4450 in
370 4401 449 4452 certo
462 4415 558 4456 rerum
572 4403 659 4472 statu,
681 4404 714 4454 ut
726 4395 777 4454 lex
790 4395 947 4473 prohibens
961 4395 1069 4456 furtmn
1091 4396 1228 4473 supponit
1247 4415 1344 4456 rerum
1357 4396 1436 4455 divi·
1549 4403 1550 4480 ζ

225 4471 352 4548 sionem;
375 4473 458 4534 Talia
471 4476 607 4554 conjugia
620 4494 781 4553 repugnare
795 4474 912 4553 quidem
926 4475 1078 4553 posteriori
1094 4477 1156 4553 juri
1169 4476 1295 4535 naturali
1314 4475 1344 4534 in
1359 4486 1437 4536 certo
1549 4491 1550 4520 ι

223 4572 320 4611 reram
333 4563 416 4632 statu,
433 4573 484 4615 seu
497 4565 604 4616 natura
617 4556 773 4629 constituta,
795 4563 862 4632 post
883 4555 997 4632 generis
1010 4556 1130 4614 hnmani
1151 4555 1436 4634 multiplicationem,

224 4640 252 4692 et
266 4632 367 4693 illicita
388 4655 451 4695 esse
472 4643 584 4712 natura,
605 4644 722 4712 propter
742 4636 934 4696 reverentiam
955 4635 1114 4714 sanguinis,
1136 4636 1205 4714 quia
1225 4636 1256 4695 in
1282 4655 1381 4697 serore
1402 4647 1435 4702 et
1549 4711 1550 4714 Ἴ
