3152 5198
232 349 294 406 636
635 365 730 408 rocus
744 365 876 406 necinus
891 367 1047 407 samnius.
1282 351 1414 422 [ouesr.
1431 362 1462 403 r.

232 518 316 563 ‹rtet-r
328 502 455 562 victimis
478 505 688 575 beneficentiae,
709 507 741 563 id
762 512 806 563 est
820 507 962 578 delectari,
977 514 1008 564 et
1028 511 1129 580 gratas
1154 504 1223 562 illas
1244 505 1368 573 babere,
1392 521 1456 560 non

230 603 302 642 vero
315 581 470 656 posterius,
486 589 520 639 ιιι
536 583 643 642 Versio
660 584 795 658 Vulgata
803 587 926 643 barbare
940 586 1038 642 reddit
1050 603 1103 659 per
1111 587 1282 658 promereri.
1315 583 1367 638 Sic
1379 591 1456 636 suia

231 672 353 732 stipem,
368 661 455 718 Rom.
470 661 521 718 xii.
539 663 564 732 1,
579 671 624 720 est
636 681 672 720 ea
685 681 751 736 quse
770 672 814 719 est
833 670 954 738 accepta
976 663 1051 732 Deo,
1073 671 1103 719 et
1117 662 1197 722 Heb.
1211 662 1251 720 xi.
1268 663 1297 732 ὅ,
1321 661 1455 718 Henocb

231 741 341 800 dicitnr
356 749 523 810 stuprantur
536 753 569 810 τῷ
580 741 775 816 supramissa
789 745 862 811 Deo,
875 751 909 798 ut
922 742 1012 798 habet
1025 741 1088 814 ipsa
1103 739 1185 798 V.V.

270 819 374 878 XXX.
397 819 480 876 Licet
491 819 552 877 vita
562 838 622 876 non
632 819 729 876 minus
739 821 883 877 reddatur
893 820 978 877 bonis
987 819 1132 894 operibus,
1144 837 1237 893 quarn
1252 837 1334 876 mors
1344 816 1453 884 malim

229 897 302 955 Non
324 907 425 956 tamen
447 899 551 954 eodem
565 899 664 966 modo,
680 904 713 953 ut
727 899 853 954 eandem
873 898 1003 955 habeant
1017 896 1222 954 causalitatem
1238 915 1315 971 resp.
1337 895 1450 952 salutis

229 977 317 1047 bona,
332 995 423 1052 quam
437 975 516 1032 mala
529 981 661 1047 respectu
676 975 895 1045 damnationis;
919 975 1000 1042 Quia
1020 975 1100 1031 mala
1113 993 1150 1031 ex
1163 993 1195 1032 se
1216 973 1449 1031 damnationem

228 1063 381 1112 merentur
395 1061 429 1109 ut
442 1052 574 1108 indebita
588 1059 617 1108 et
631 1060 740 1122 nostra,
756 1055 808 1110 sed
822 1055 902 1112 bona
915 1071 976 1112 non
991 1053 1109 1128 pariter,
1131 1059 1235 1127 utpote
1246 1053 1360 1120 debita,
1383 1069 1450 1106 non
1555 1097 1556 1104 ,

229 1141 339 1202 nostra,
354 1139 384 1189 et
397 1129 576 1202 imperfecta
620 1131 711 1188 Adde
725 1133 807 1206 quod
822 1131 963 1206 quaelibet
978 1131 1067 1205 Legis
1081 1130 1273 1206 transgressio
1287 1129 1450 1187 bominem

228 1209 347 1282 subjicit
360 1208 468 1264 divine
483 1206 705 1280 maledictioni;
726 1211 778 1266 sed
797 1211 829 1266 in
848 1210 987 1285 operibus
1007 1208 1165 1265 meritoriis
1180 1207 1358 1266 omnimoda
1379 1225 1449 1281 per-

227 1285 315 1342 fectio
329 1295 359 1342 et
372 1286 502 1359 partium
517 1293 547 1342 et
560 1289 710 1360 graduum
724 1288 894 1362 requiritur,
910 1288 982 1363 quia
999 1286 1088 1362 plura
1109 1287 1305 1361 requiruntur
1329 1286 1372 1344 ad
1402 1284 1446 1341 rei

231 1363 484 1434 constitutionem,
500 1383 589 1438 quarn
604 1367 642 1424 ad
657 1366 722 1440 ejus
735 1366 975 1424 destructionem.

269 1441 392 1500 XXXI.
416 1441 576 1500 Promissis
590 1443 661 1501 facit
675 1461 737 1499 rem
752 1443 929 1518 promissam
950 1443 1090 1513 debitam,
1100 1443 1150 1499 sed
1165 1461 1226 1499 non
1240 1461 1277 1500 ex
1291 1443 1446 1518 dignitate

231 1521 329 1593 operis
343 1523 394 1578 sed
409 1539 445 1578 ex
455 1521 598 1580 fidelitate
611 1521 819 1596 promittentis.
852 1527 880 1580 2.
901 1521 933 1578 N
935 1540 973 1578 οιι
988 1521 1084 1578 omnis
1098 1521 1253 1594 promissio
1266 1523 1323 1578 sub
1338 1521 1447 1578 condi-

228 1598 310 1656 tione
321 1599 416 1674 operis
430 1600 519 1655 insert
532 1601 680 1668 meritum,
695 1601 746 1656 sed
761 1607 878 1658 tantum
893 1601 917 1657 si
936 1601 973 1657 sit
987 1598 1118 1655 conditio
1133 1599 1229 1672 operis
1249 1599 1391 1668 indebiti,
1413 1612 1445 1654 et

228 1677 267 1733 ad
281 1679 437 1752 premium
448 1679 561 1752 justam
575 1677 797 1753 proportionem
811 1679 956 1748 habentis,
972 1679 1052 1752 quod
1066 1677 1097 1732 in
1113 1677 1251 1750 operibus
1265 1678 1377 1734 nostris
1398 1677 1444 1734 lo-

228 1773 297 1812 cum
321 1757 429 1813 habere
451 1773 510 1813 non
532 1763 637 1830 potest.
680 1755 811 1828 August.
833 1757 864 1812 in
886 1755 964 1813 Psal.
979 1755 1081 1824 xxxii,
1107 1755 1280 1814 “Dominus
1300 1774 1332 1812 se
1353 1755 1444 1812 nobis

228 1833 298 1890 iecit
312 1835 484 1904 debitorem,
499 1853 560 1892 non
571 1832 685 1908 aliquid
701 1851 720 1890 a
733 1834 818 1890 nobis
832 1835 1011 1910 accipienda,
1027 1835 1079 1890 sed
1093 1833 1193 1890 omnia
1206 1833 1442 1908 promittendo.'’

268 1911 412 1970 XXXII.
436 1913 513 1972 Cum
528 1913 968 1984 apoeuaeaanda'1habeattantum
987 1913 1088 1968 locum
1102 1911 1263 1983 indebitis,
1285 1919 1317 1970 et
1336 1912 1368 1968 in
1389 1912 1444 1986 ju-

227 1989 392 2060 dicialibus,
408 2009 467 2047 non
483 1992 598 2049 veroin
620 1990 776 2065 gratuitis;
798 2008 858 2048 non
880 1997 977 2064 potest
995 1989 1054 2046 dici
1068 1999 1274 2062 «puerascens,
1289 1991 1344 2066 qui
1363 2009 1441 2064 prae-

226 2067 321 2124 minm
335 2069 387 2125 dat
411 2069 473 2126 sine
497 2070 660 2139 moritis,et
683 2068 801 2143 quidet
825 2069 939 2142 majora
952 2067 1075 2142 praemia
1097 2069 1263 2128 minoribus
1287 2069 1439 2144 operibus.

226 2145 314 2202 Alias
325 2146 543 2204 Paterfamilias
555 2165 622 2204 vere
635 2146 740 2203 suisset
754 2148 985 2221 prosopoleptes,
1001 2147 1053 2219 qui
1068 2146 1166 2202 minus
1178 2148 1387 2204 laborantibus
1409 2147 1438 2202 in

224 2222 311 2356 §nea
322 2226 447 2281 eandem
456 2226 622 2282 mercedem
636 2225 725 2282 solvit
734 2243 803 2281 oum
813 2225 887 2295 aliis,
900 2224 952 2299 qui
963 2242 1015 2298 per
1024 2231 1117 2282 totam
1125 2224 1204 2281 diem
1215 2227 1437 2294 laboraverant,

261 2302 335 2357 alth.
351 2321 400 2357 xx.

265 2376 430 2434 XXXIII.
454 2379 591 2436 Verbum
606 2391 787 2451 ιιιιργάζυιιι
801 2401 863 2456 quo
883 2383 978 2438 utitur
992 2381 1115 2453 Paulus,
1141 2383 1159 2438 2
1175 2382 1253 2440 coa·
1265 2382 1304 2438 iv.
1330 2383 1376 2448 17,
1392 2379 1437 2438 lo-

225 2471 319 2528 quens
333 2455 370 2510 de
383 2464 517 2529 respectu
532 2458 724 2516 afflictionum
738 2461 775 2514 ad
790 2459 927 2531 gloriam,
943 2477 1003 2516 non
1015 2467 1099 2516 notat
1112 2461 1232 2536 proprie
1246 2459 1436 2519 efficientiam

189 2559 204 2570 ·
224 2539 254 2590 et
267 2532 415 2604 meritum,
431 2535 480 2591 sed
492 2535 548 2592 iter
561 2543 591 2592 et
604 2536 745 2604 medium,
761 2543 910 2608 qnatenus
924 2546 1163 2595 momentaneam
1177 2538 1370 2596 afflictionem
1384 2556 1435 2594 ex·

223 2611 1435 2692 cipiteteonsequiturgloria‚quomodoapudGraecosidemestsaepequodqnim

218 2691 310 2765 potiri
324 2699 354 2747 et
368 2693 499 2752 obtinere.
542 2694 604 2751 Lex
617 2693 726 2750 dicitur
740 2701 920 2763 ιιιι-ιργάζισιιι
932 2694 1046 2768 operari
1060 2694 1144 2766 iram,
1161 2695 1248 2752 Rom.
1263 2693 1303 2750 iv.
1314 2694 1361 2764 15,
1373 2713 1433 2750 non

222 2787 283 2825 non
298 2771 378 2843 quod
394 2789 460 2830 eam
482 2779 631 2829 mereatur
644 2773 691 2828 vel
713 2772 830 2846 proprie
851 2772 965 2840 efficiat,
978 2773 1028 2828 sed
1049 2774 1131 2846 quod
1154 2773 1266 2846 Legem
1290 2783 1435 2846 sequatur

221 2865 275 2920 per
289 2847 424 2905 accidens
438 2858 559 2925 propter
572 2849 702 2906 hominis
716 2850 989 2923 transgressionem.
1013 2851 1091 2907 Phil.
1105 2851 1136 2908 ii.
1153 2851 1198 2920 12,
1211 2851 1291 2906 idem
1305 2851 1433 2906 verbum

221 2932 307 2980 notat
321 2927 455 2985 studium
478 2929 687 3004 promovendae
705 2928 951 2999 sanctificationis,
966 2937 996 2984 et
1009 2947 1061 3002 per
1075 2947 1141 2986 eam
1164 2930 1381 3004 consequendae
1403 2936 1434 2984 et

223 3003 403 3073 obtinendae,
418 3025 478 3063 non
493 3025 563 3063 vero
576 3006 777 3080 promerendae
798 3005 910 3064 salutis.

262 3081 419 3140 XXXIV.
441 3084 528 3141 Nihil
551 3103 605 3158 pro
627 3084 738 3140 meritis
753 3085 818 3141 elici
832 3090 930 3158 potest
943 3103 980 3141 ex
1004 3086 1071 3142 loco
1086 3084 1219 3156 Pauli,2
1241 3083 1318 3142 Tim.
1340 3085 1379 3140 iv.
1402 3084 1432 3144 8.

222 3159 248 3216 1.
265 3157 295 3214 N
298 3177 337 3215 on
352 3180 389 3218 ex
406 3161 525 3219 Corona
532 3162 663 3237 justitie,
675 3179 735 3237 qun
749 3163 876 3236 gloriam
887 3162 1039 3236 designat;
1061 3183 1129 3238 quae
1144 3170 1241 3238 potest
1256 3161 1383 3236 intelligi
1391 3164 1431 3219 de

214 3237 330 3312 justitia
345 3238 412 3306 Dei,
428 3242 500 3314 quia
514 3242 575 3298 vita
590 3243 678 3298 datur
697 3259 735 3296 ex
756 3240 909 3314 promisso,
924 3249 954 3296 et
963 3241 1088 3315 justitiae
1113 3259 1182 3316 pars
1195 3249 1240 3298 est
1261 3249 1339 3298 stare
1362 3258 1430 3314 pro-

220 3316 324 3385 missis,
339 3324 374 3373 ut
388 3317 476 3375 Born.
493 3321 548 3375 sub
562 3321 651 3374 tinem
671 3317 737 3374 Lib.
752 3320 789 3374 de
805 3317 887 3376 Grat.
903 3326 933 3374 et
952 3319 1017 3376 Lib.
1042 3321 1117 3376 Arb.
1132 3319 1262 3393 exponit,
1275 3326 1292 3352 ‘⁴
1304 3318 1326 3376 J
1328 3324 1430 3376 ustum

219 3394 292 3458 est‚‘’
307 3393 413 3466 inquit,
430 3403 448 3428 “
460 3405 494 3452 ut
507 3399 614 3453 reddat
627 3397 708 3469 quod
729 3397 826 3464 debet,
842 3397 929 3453 debet
942 3405 1043 3454 autem
1057 3399 1140 3472 quod
1155 3397 1305 3471 pollicitus
1325 3407 1378 3462 cst,
1399 3405 1431 3453 et

218 3470 283 3524 brec
296 3477 339 3524 est
348 3469 477 3541 justitia,
487 3475 524 3529 do
535 3493 596 3549 qua
611 3475 726 3547 Apost,
739 3473 893 3547 promissio
904 3474 960 3530 Dei
972 3477 999 3531 :''
1015 3475 1047 3533 Si
1061 3476 1207 3532 referatur
1218 3477 1255 3532 ad
1271 3474 1292 3533 J
1295 3476 1428 3532 ustitiam

218 3545 356 3614 hominis,
371 3563 431 3601 non
446 3551 573 3607 refertur
586 3559 647 3608 tam
662 3553 700 3607 ad
708 3553 852 3625 justiliam
862 3573 1003 3626 perscore,
1019 3572 1110 3628 quam
1121 3555 1159 3611 ad
1168 3554 1315 3628 justitiam
1325 3571 1427 3620 σαιιιω,

218 3641 272 3700 pro
286 3639 346 3696 qua
360 3631 509 3681 certamen
520 3628 655 3696 subitur;
670 3646 731 3683 non
745 3632 783 3686 ad
793 3631 940 3703 justitiam
951 3631 1093 3707 Leqalem,
1103 3631 1151 3688 cui
1165 3631 1307 3689 nuntium
1318 3633 1427 3706 passim

218 3701 313 3760 mittit
327 3699 449 3771 Paulus,
471 3706 522 3760 sed
545 3705 582 3760 ad
600 3706 743 3779 justitiam
767 3706 982 3782 Eneapelioam
995 3729 1062 3784 quas
1078 3727 1165 3766 omne
1187 3709 1320 3767 excludit
1342 3710 1428 3766 meri·

218 3789 293 3839 tum.
316 3779 365 3839 Sic
378 3781 488 3839 alludit
502 3784 541 3839 ad
557 3782 687 3840 Coronas
701 3800 767 3856 quas
782 3785 933 3844 dabantur
946 3788 1117 3856 victoribus,
1132 3789 1194 3844 sive
1215 3788 1246 3844 in
1260 3787 1349 3856 bello,
1366 3789 1428 3844 sive

218 3860 249 3915 in
264 3859 351 3932 ludis,
367 3879 433 3935 quae
449 3862 655 3937 supponebant
669 3861 790 3934 quidem
802 3864 1005 3920 necessitatem
1014 3865 1192 3937 certaminis,
1204 3873 1348 3941 tanquam
1357 3885 1428 3923 eon·

217 3937 339 3994 ditionis
353 3941 562 4011 antecedentis,
578 3941 627 3998 sed
650 3957 710 3995 non
722 3947 864 4014 tanquam
886 3959 982 3998 causae
1004 3945 1121 4018 proprie
1135 3944 1222 4002 dictae
1238 3945 1284 4001 vel
1309 3945 1425 4012 meriti3

219 4015 286 4072 Imo
301 4035 412 4074 corone
426 4019 485 4076 illae
501 4021 684 4077 vocabantur
695 4019 845 4089 donaticce,
861 4021 933 4095 quia
946 4022 1096 4078 dabantur
1106 4023 1206 4097 potius
1220 4041 1257 4080 ex
1270 4023 1425 4098 promisso,

216 4111 307 4167 quarn
328 4112 364 4150 ex
389 4098 552 4155 commisso.
605 4097 631 4154 2.
661 4095 731 4154 Non
757 4117 795 4155 ex
819 4119 854 4157 eo
878 4100 959 4173 quod
987 4099 1070 4156 Deus
1092 4107 1216 4158 vocatur
1240 4107 1322 4161 stum
1340 4111 1424 4172 »peta

217 4171 320 4228 thstar
334 4175 456 4246 Judae.;
470 4175 612 4250 quianon
627 4183 671 4232 ost
685 4177 783 4234 Jndcr
796 4176 922 4253 Leqalz's,
940 4176 994 4251 qui
1015 4195 1075 4234 non
1090 4186 1187 4252 potest
1200 4180 1272 4236 dare
1283 4197 1424 4236 eoronam

212 4250 347 4325 justitiae,
362 4253 417 4308 nisi
432 4261 554 4327 propter
574 4271 693 4310 cursum
717 4264 747 4312 et
767 4264 914 4314 certamen
936 4256 1074 4313 omnibus
1099 4257 1230 4312 numeris
1244 4256 1424 4324 absolutum,

216 4331 446 4402 correspondens
461 4333 499 4387 ad
514 4331 657 4387 amussim
678 4340 876 4406 ιᾷιιςιβιιιιιίᾳ
899 4335 997 4407 Legis,
1012 4335 1093 4407 quod
1117 4333 1230 4390 nemini
1244 4335 1275 4390 in
1290 4336 1346 4392 bae
1366 4335 1427 4392 vita

216 4407 314 4462 datur.
357 4407 415 4465 Sed
439 4407 638 4482 annqelicus,
653 4412 704 4487 qui
722 4413 872 4485 judicium
895 4411 1033 4478 instituit,
1058 4429 1117 4467 non
1133 4427 1202 4466 oum
1226 4411 1422 4482 mercenariis,

216 4483 268 4538 sed
295 4503 362 4541 eum
389 4485 467 4554 fillis,
495 4503 557 4542 noll
586 4499 649 4544 aare
676 4499 702 4544 ri
724 4497 895 4562 ἂιιςιβιδῖιιαιοι,
921 4491 973 4545 sed
1002 4497 1056 4543 aar*
1077 4497 1201 4549 taurinus..
1231 4508 1284 4546 nec
1311 4491 1424 4547 meritis

216 4563 324 4617 nostris
342 4563 393 4618 sed
414 4563 500 4618 donis
521 4565 582 4620 suis
599 4585 665 4638 quis
685 4568 777 4640 gratis
792 4568 883 4636 dedit,
899 4583 1039 4624 coronam
1053 4567 1145 4640 gratis
1162 4567 1297 4643 imponit.
1326 4567 1422 4624 Aliud

216 4642 317 4689 antem
338 4643 382 4690 est
402 4639 473 4692 dare
494 4657 634 4696 coronam
657 4647 819 4698 secundum
839 4645 985 4715 jeremiam
1007 4647 1167 4702 vernaculis
1191 4655 1221 4702 et
1234 4647 1367 4704 bonitatis
1386 4665 1423 4702 ex

215 4710 367 4777 promisso,
390 4730 450 4782 qua
474 4731 563 4768 verax
585 4725 629 4770 ost
649 4729 678 4771 ot
699 4721 812 4785 tidelim
843 4721 937 4776 Aliud
960 4739 1024 4776 earn
1053 4723 1123 4778 dare
1151 4725 1314 4780 secundum
1337 4724 1424 4798 jasti-
