3186 5210
254 393 312 451 486
660 420 751 460 nouus
773 421 902 461 necinus
924 421 1060 469 curares.
1276 397 1393 479 [censu.
1407 414 1441 454 rr.

255 571 434 628 consequens
456 577 513 614 non
538 559 720 634 antecedens,
743 581 807 637 quae
821 563 885 638 ipsa
899 582 1014 639 quoque
1028 561 1083 618 hoc
1097 561 1160 618 loco
1175 557 1348 636 promittitur
1361 555 1443 632 potius

255 651 341 707 quam
366 636 535 708 postulatur.
580 639 640 698 Nec
654 641 727 698 ratio
749 642 870 700 obscura
891 651 952 716 est;
978 640 1052 715 Quia
1070 641 1136 698 baec
1158 638 1310 716 promissio
1332 635 1444 693 continet

256 711 427 801 principium
449 718 542 776 omnis
561 718 631 776 boni
645 721 675 778 in
689 720 812 795 homine,
829 730 988 778 etecusam
1010 740 1108 778 eorum
1128 719 1255 777 omnium
1277 736 1340 794 quae
1355 715 1389 773 ab
1401 714 1443 770 ho·

257 809 333 882 mma
354 794 543 871 postulantur,
566 798 635 857 nim.
660 801 798 876 Spiritum
817 801 964 873 Sanctum,
987 800 1109 876 quinon
1123 798 1235 876 perficit
1250 799 1349 872 solum,
1364 794 1446 852 sedet

257 870 358 946 mcrpit
381 872 409 929 in
432 875 516 934 nobis
539 897 622 936 omne
647 879 754 937 bonum
778 899 860 956 opus.
911 884 939 938 4.
966 883 988 936 .“
1002 881 1086 937 Hane
1109 879 1328 955 promissionem
1355 875 1444 932 factam

258 947 346 1006 fuisse
369 953 422 1010 toti
445 957 560 1031 populo,
576 965 715 1016 ettamen
732 958 761 1016 in
779 960 878 1018 multis
900 979 958 1018 non
981 959 1128 1035 impletam
1151 957 1250 1032 fuisse,
1273 977 1337 1014 cum
1359 951 1446 1011 Israeli

258 1027 411 1089 obduratio
435 1035 618 1111 contigerit.’'
661 1037 735 1110 Quia
749 1040 774 1096 si
788 1059 845 1096 non
860 1040 979 1116 impleta
993 1047 1037 1097 est
1051 1039 1081 1095 in
1098 1037 1203 1095 israele
1224 1036 1377 1094 seeundum
1395 1051 1445 1090 esr-

259 1127 333 1183 nem,
349 1111 418 1185 quia
438 1131 495 1171 non
516 1135 615 1174 omnes
630 1118 679 1192 qui
694 1126 761 1175 sunt
775 1139 812 1176 ex
828 1119 935 1177 lsraele
951 1126 1018 1177 sunt
1037 1118 1136 1192 Israel,
1154 1117 1238 1174 Rom.
1254 1116 1295 1174 ix.
1307 1119 1333 1190 6,
1345 1113 1448 1189 implete

258 1195 354 1246 tamen
369 1200 414 1248 est
428 1195 585 1253 certissime
600 1204 630 1253 et
643 1196 841 1272 infallibiliter,
857 1207 886 1256 et
902 1199 1038 1274 impletur
1046 1196 1175 1274 quotidie
1189 1197 1221 1253 in
1237 1195 1341 1254 lsraiile
1361 1209 1447 1251 sccun-

260 1265 329 1324 dum
349 1269 495 1348 Spiritum,
511 1275 561 1350 qui
575 1295 661 1334 verus
676 1285 719 1335 est
734 1277 857 1354 populus
871 1278 918 1336 cui
932 1278 1085 1354 promissio
1106 1278 1182 1335 facta
1203 1285 1256 1350 est,
1279 1293 1362 1351 quem
1381 1272 1450 1328 Deus

259 1352 466 1426 praecognovit,
489 1353 573 1412 Rom.
589 1355 629 1413 xi.
645 1360 672 1430 2,
692 1361 705 1414 1
724 1357 786 1415 Pet.
801 1356 829 1414 ii.
846 1359 874 1414 9.

563 1434 653 1493 XVI.
680 1435 796 1510 Quarto,
820 1436 894 1510 Quin
909 1437 990 1495 Deus
1004 1455 1062 1494 non
1076 1442 1188 1492 tantum
1202 1433 1359 1511 potentiam
1372 1431 1451 1508 ipsam

260 1503 282 1548 4¹
298 1504 363 1576 ,ΩΨ
378 1508 444 1554 ⁰⁰¹¹⁸
459 1512 502 1556 aar
523 1513 657 1572 credendi
680 1516 726 1573 vel
748 1516 821 1574 bene
842 1516 989 1593 operandi,
1005 1515 1057 1574 sed
1077 1514 1171 1590 ipsum
1193 1523 1290 1572 actum
1306 1513 1353 1570 dat
1365 1508 1450 1580 nobis3

299 1575 500 1676 iffiffiiff‘tum
524 1593 642 1652 Phili.
668 1597 715 1668 29,
745 1595 868 1653 “Vobis
900 1595 999 1654 datum
1034 1603 1078 1653 est
1113 1613 1171 1650 non
1200 1594 1294 1652 solum
1312 1599 1378 1650 etih
1394 1594 1452 1642 atet,

523 1681 639 1739 frenesim,
657 1685 725 1729 ἁλλὰ
737 1684 777 1729 nal
790 1684 815 1729 el
828 1683 881 1747 darie
893 1683 964 1729 tueri
975 1683 1083 1744 αι’σχιιν,
1095 1673 1125 1730 in
1136 1673 1232 1748 ipsum
1244 1673 1365 1745 credere,
1376 1667 1420 1727 sed
1428 1675 1452 1756 el

262 1766 314 1823 Pto
335 1749 398 1825 ipso
419 1752 478 1828 pati
491 1753 518 1827 ;’'
541 1753 581 1811 Et
595 1773 657 1830 cap.
672 1754 702 1812 ii.
720 1757 765 1828 13,
783 1755 893 1812 “Deus
908 1763 952 1811 est
969 1763 1079 1827 trufis
1091 1761 1116 1808 st
1129 1762 1206 1807 staro
1218 1761 1259 1806 nat
1272 1761 1298 1806 et
1310 1761 1400 1823 infles,
1411 1764 1453 1822 qur
1547 1761 1549 1774 ·

263 1838 397 1902 oporatur
417 1832 492 1889 velle
507 1839 536 1889 et
550 1833 685 1910 perficere
706 1834 739 1910 in
754 1834 838 1892 vobis
850 1835 878 1908 ;''
903 1834 941 1891 llt
956 1833 1033 1891 Heb.
1048 1832 1110 1890 xiii.
1126 1834 1173 1906 21,
1192 1835 1210 1864 “
1223 1832 1304 1890 Deus
1317 1849 1369 1887 vos
1380 1823 1452 1904 perfi-

263 1907 319 1964 ciat
334 1908 363 1964 in
378 1911 455 1967 omni
467 1931 552 1988 opere
563 1913 647 1986 bono,
663 1921 695 1972 ut
709 1913 821 1972 faciatis
835 1915 899 1991 ejus
913 1914 1101 1984 voluntatem,
1124 1910 1234 1968 faciens
1249 1911 1279 1968 in
1293 1909 1374 1967 robis
1386 1903 1453 1983 quod

263 1994 307 2043 est
329 1997 443 2063 gratum
467 2011 561 2048 coram
585 1994 644 2050 se.’'
689 1993 732 2051 Eo
753 1994 897 2071 pertinent
911 2001 940 2051 et
954 1993 1011 2050 alia
1028 1993 1100 2066 loce,
1122 1990 1173 2049 ubi
1195 1990 1269 2048 fides
1289 1990 1347 2048 Dei
1364 1990 1455 2045 donum

264 2065 376 2142 dicitur,
395 2069 469 2145 Eph.
485 2071 514 2127 ii.
533 2073 560 2142 8,
576 2082 605 2130 et
630 2074 710 2130 Deris
734 2076 805 2132 dare
825 2074 1024 2150 penitentiam,
1041 2071 1109 2129 Act.
1124 2070 1165 2127 xi.
1183 2072 1230 2128 18.
1267 2069 1335 2129 Jarn
1349 2067 1372 2124 si
1387 2066 1455 2122 Deus

262 2164 319 2203 non
342 2148 444 2207 suadet
465 2159 575 2208 tantum
590 2160 619 2209 et
633 2152 772 2225 hortatur,
791 2153 842 2211 sed
861 2153 921 2230 ipse
940 2161 1027 2224 ίνιςγιῐ,
1046 2171 1099 2208 nec
1119 2149 1288 2226 potentiam,
1310 2147 1454 2206 seductum

263 2224 358 2300 ipsum
381 2228 497 2286 volendi
522 2239 551 2288 et
579 2231 714 2290 credendi
737 2242 878 2309 operatur,
901 2231 972 2304 Quis
994 2250 1052 2287 non
1074 2229 1155 2287 ridet
1176 2228 1383 2287 irresistibilem
1402 2241 1455 2281 esse

263 2305 326 2379 ejus
348 2307 499 2382 actionem,
523 2328 586 2383 quae
609 2311 743 2369 effectum
766 2332 850 2370 suum
872 2311 1034 2368 necessario
1056 2309 1213 2386 producit?
1257 2309 1331 2366 Num
1345 2306 1369 2364 si
1381 2305 1456 2362 homo
1548 2367 1549 2370 Ἴ

263 2391 361 2458 posset
384 2403 496 2461 sempor
517 2388 658 2462 resistere,
681 2390 729 2448 vel
750 2399 815 2448 ectu
838 2391 993 2464 resisteret,
1010 2390 1039 2447 id
1054 2389 1153 2466 procul
1173 2387 1264 2446 dubio
1284 2388 1371 2458 fieret,
1392 2383 1455 2453 idco,

263 2460 332 2536 quia
347 2463 480 2522 voluntas
495 2465 627 2524 resistere
639 2468 743 2544 vellet;
767 2469 809 2527 At
824 2470 967 2546 quomodo
982 2478 1078 2547 potest
1088 2469 1222 2526 voluntas
1239 2468 1316 2526 velle
1329 2465 1456 2528 resistere,

264 2539 303 2598 id.
318 2541 395 2600 nolle
410 2543 561 2602 admittere
576 2546 707 2622 gratiam,
724 2548 753 2606 in
768 2568 825 2624 qua
841 2549 920 2605 Deus
939 2556 965 2602 st
982 2549 1057 2606 velle
1073 2547 1388 2624 operaturefficaeiterf
1425 2541 1457 2597 Et

264 2621 327 2678 haec
343 2631 387 2680 cst
409 2623 515 2682 eximia
535 2625 586 2684 illa
607 2625 700 2702 gratia
721 2628 854 2704 specialis
877 2627 987 2685 Electis
1001 2629 1032 2686 in
1047 2627 1169 2686 Foedere
1191 2627 1302 2685 Gratiae
1324 2638 1455 2690 concessa,

264 2721 321 2778 qua
339 2722 398 2760 non
420 2704 505 2762 modo
526 2714 647 2782 possunt
668 2708 783 2766 credere
799 2707 823 2765 si
837 2708 937 2782 velint,
961 2707 1012 2764 sod
1026 2708 1130 2765 volunt
1144 2726 1207 2764 cum
1223 2707 1344 2783 possint.
1385 2697 1457 2776 Quod

265 2781 406 2840 Catholici
430 2793 530 2844 contra
556 2785 728 2863 Pelagianos
743 2796 908 2846 constanter
932 2795 1056 2862 tuentur,
1079 2787 1109 2843 in
1132 2786 1223 2862 Epist.
1249 2783 1357 2862 Synod.
1377 2779 1456 2838 Afric·

265 2862 400 2939 Episcop.
424 2867 442 2897 “
453 2867 538 2924 Jubct
551 2869 630 2924 Deus
651 2868 762 2942 homini,
777 2878 809 2926 ut
821 2869 885 2925 eclit
892 2892 904 2939 ,·
924 2869 975 2924 scd
987 2867 1126 2924 Dominus
1141 2867 1169 2924 fn
1179 2867 1289 2923 homine
1298 2869 1425 2941 operatur
1437 2865 1459 2913 et

264 2945 349 3000 rrellc:
362 2946 446 3018 jubet
459 2947 598 3022 utfacr'at,
610 2949 661 3005 scd
673 2958 810 3023 operatur
824 2947 985 3020 etfaccrc.’'

305 3021 413 3082 XVII.
436 3023 496 3083 Nee
508 3025 660 3085 dicendum
675 3027 737 3088 hic:
749 3029 815 3102 Vel,
831 3031 856 3085 1.
873 3030 890 3060 “
901 3027 1008 3084 Actum
1020 3024 1077 3082 dici
1086 3024 1156 3099 dari,
1167 3043 1256 3100 quum
1267 3024 1352 3082 datur
1361 3029 1391 3078 ut
1401 3035 1456 3076 eum

263 3103 408 3177 possimus
422 3107 586 3180 praestare.”
610 3108 683 3182 Quia
697 3117 797 3167 contra
811 3128 847 3165 ex
863 3107 978 3165 fanone
990 3105 1238 3180 Philosophorum,
1251 3106 1278 3162 A
1296 3100 1416 3179 petentia
1425 3095 1460 3153 cd

264 3191 357 3239 actum
371 3205 427 3242 nou
441 3188 516 3242 calet
528 3189 730 3263 consequentia.
774 3188 854 3246 Deus
877 3186 992 3244 Adamo
1017 3183 1097 3242 dedit
1113 3193 1139 3238 et
1159 3204 1244 3260 posse
1260 3203 1317 3241 non
1341 3195 1456 3258 peccare,

265 3261 317 3318 sed
331 3283 389 3320 non
403 3263 469 3321 ideo
483 3264 564 3324 dedit
588 3277 683 3326 actum
698 3287 755 3326 uon
781 3266 928 3344 peccandi,
954 3265 1026 3323 elias
1044 3283 1191 3339 nunquam
1214 3270 1369 3340 peccasset.
1409 3254 1457 3312 Vel

264 3343 291 3395 2.
315 3340 497 3400 “Actionem
512 3345 597 3402 istam
613 3348 668 3404 Dei
683 3367 740 3404 non
755 3367 818 3404 esse
829 3345 1045 3418 irresistibilem,
1061 3343 1129 3419 quia
1138 3343 1277 3420 conjungi
1288 3343 1389 3399 debeat
1401 3353 1456 3393 eum
1546 3381 1547 3396 .

265 3420 428 3492 operatione
443 3422 576 3495 hominis,
593 3427 643 3502 qui
658 3426 844 3484 deherstiam
859 3425 970 3502 operari
992 3423 1113 3482 salutem
1135 3441 1215 3480 suam
1231 3433 1260 3480 st
1274 3421 1387 3499 quidem
1401 3432 1456 3504 cum

266 3503 388 3555 tremore
403 3508 433 3556 ct
447 3500 578 3558 timorc.''
622 3505 696 3577 Quia
710 3505 838 3562 studium
853 3515 881 3563 et
904 3503 1073 3580 obsequium
1101 3501 1226 3560 hominis
1250 3521 1308 3560 non
1330 3493 1455 3560 excludrt

265 3573 315 3631 sed
331 3577 473 3652 supponit,
490 3582 689 3640 necessitatem
705 3585 806 3660 gratiae
821 3583 1015 3656 irresistibilis‚
1031 3591 1064 3639 ut
1077 3582 1163 3638 homo
1177 3600 1235 3638 non
1255 3587 1364 3638 tantum
1379 3572 1458 3652 possit
1546 3599 1547 3611 κ

264 3652 338 3711 illud
352 3655 496 3730 perficere,
513 3659 610 3719 sedut
624 3671 690 3720 actu
715 3662 787 3720 illud
812 3663 941 3738 perficiat
965 3683 1001 3720 ex
1025 3661 1094 3717 novi
1118 3660 1248 3717 Foedcris
1272 3655 1457 3736 promissione.

265 3731 363 3792 Timor
377 3754 446 3793 vero
461 3745 490 3794 et
504 3745 619 3814 tremor,
631 3759 688 3797 non
704 3742 797 3816 magis
812 3749 942 3817 pugnant
956 3761 1020 3797 cum
1030 3739 1263 3798 irresistibilitate
1272 3757 1373 3810 eausa,
1383 3749 1457 3810 quam

265 3833 330 3872 eum
345 3823 467 3874 eventus
482 3817 652 3877 certitudine
667 3829 696 3878 et
710 3820 914 3877 infallibilitate
936 3819 1020 3876 nobis
1044 3827 1212 3894 perspecta3
1235 3838 1299 3876 curn
1315 3836 1371 3893 qua
1383 3827 1457 3891 posse

265 3895 422 3955 consistere
437 3898 600 3974 exemplum
616 3899 709 3977 ipsum
720 3899 826 3957 Christi
841 3898 933 3972 docet,
949 3898 999 3974 qui
1013 3898 1081 3955 licet
1095 3898 1261 3956 devictoris
1275 3907 1457 3966 secernente·
1543 3905 1544 3916 ¹

266 3983 298 4034 tu
312 3985 407 4035 tamen
423 3985 570 4054 correptus
584 3978 699 4056 legitur,
725 3978 801 4036 Heb.
823 3997 852 4037 v.
876 3983 902 4052 7,
919 3980 946 4036 8.
990 3976 1089 4053 Atque
1110 3997 1144 4034 eo
1159 3977 1261 4054 magis,
1283 3975 1361 4053 quod
1383 3974 1457 4058 llm⁰f

266 4056 320 4113 iste
334 4075 392 4113 non
407 4065 451 4115 est
473 4057 589 4117 incertae
604 4058 792 4118 dubitationis
803 4067 833 4118 et
846 4057 1024 4132 diffidentiae,
1048 4057 1099 4114 sed
1113 4058 1275 4115 humilitatis
1289 4066 1315 4115 et
1322 4055 1380 4131 pie
1391 4051 1456 4108 soth·

265 4136 402 4210 citudinis,
418 4157 483 4213 quae
498 4145 593 4196 estex
608 4139 719 4214 mediis,
735 4139 839 4216 quibus
856 4139 935 4197 Deus
957 4136 1090 4214 producit
1114 4136 1144 4194 in
1166 4137 1250 4195 nobis
1274 4130 1456 4216 efficacissime

264 4213 344 4272 istud
358 4216 433 4274 velle
445 4225 474 4275 et
487 4217 632 4294 perficere.
674 4219 740 4295 Vel,
753 4223 781 4279 3.
794 4222 811 4252 ‘⁴
821 4219 928 4277 Actum
944 4218 1038 4293 ipsum
1051 4216 1120 4273 fidei
1133 4236 1191 4274 non
1205 4236 1290 4293 posse
1305 4207 1455 4274 irresistibl·

264 4291 331 4352 liter
345 4293 426 4370 effici,
442 4297 510 4372 quia
524 4299 566 4355 sic
580 4318 637 4356 non
652 4309 728 4358 osset
742 4299 825 4372 ectio,
839 4298 889 4357 sed
898 4295 1023 4375 pessi0.’'
1060 4295 1135 4368 Quia
1145 4295 1314 4355 divinahaec
1325 4293 1397 4352 aetio
1406 4303 1456 4375 ⁰⁰.¹¹

264 4371 345 4433 laedit
360 4374 517 4434 voluntatis
532 4378 702 4454 libertatem,
716 4379 766 4437 sed
778 4379 900 4452 roboret,
916 4385 945 4434 et
956 4375 1028 4432 nihil
1039 4374 1135 4433 obstat
1149 4376 1290 4434 actionem
1300 4372 1414 4433 eandem
1427 4367 1455 4422 ll·

264 4451 341 4527 bere,
357 4453 395 4511 id.
412 4465 513 4530 sponte
527 4457 564 4514 ab
578 4460 693 4517 homine
708 4459 789 4534 effici,
806 4465 835 4515 et
848 4457 909 4515 lieri
920 4465 1015 4514 tamen
1030 4474 1081 4531 per
1102 4454 1239 4514 invictam
1259 4455 1313 4513 Dei
1337 4449 1456 4529 grnfissffli

265 4551 328 4605 quae
356 4531 590 4596 infallibilitatem
619 4550 739 4596 eventus
767 4557 832 4595 cum
855 4536 987 4594 libertate
1009 4532 1167 4593 voluntatis
1192 4535 1298 4612 optime
1321 4527 1457 4592 conciliet:
1544 4541 1545 4590 ξ

264 4609 332 4683 quia
347 4611 387 4666 sic
404 4613 483 4670 fleus
498 4617 557 4690 agit
573 4618 601 4674 in
617 4616 708 4690 nobis,
725 4623 828 4674 utnon
843 4623 953 4674 euertat
968 4612 1141 4689 singularem
1157 4634 1250 4672 rerum
1266 4622 1401 4682 naturum,
1414 4600 1456 4663 sed
