3152 5198
135 401 244 450 eumer.
260 381 316 465 vn]
571 369 627 440 'ns
640 397 891 443 uusrrrrcsrrcus.
1281 388 1339 446 585

136 543 223 601 ctiam
238 543 334 602 futura
348 541 538 601 obversantur
559 541 623 599 Deo
636 550 669 601 ut
681 543 842 619 praesentis,
856 543 922 600 Act.
938 562 988 601 xv.
1001 544 1046 618 18,
1068 549 1097 602 et
1111 541 1148 601 ad
1167 543 1273 604 Chresti
1283 567 1341 605 mc-

135 623 222 680 ritum
243 631 272 680 et
294 622 533 698 impetrationem,
549 620 600 697 qui
615 630 694 695 stega·
709 622 980 681 sufficientissimum
996 624 1059 680 Deo
1074 624 1179 682 obtulit
1193 645 1244 701 pro
1259 627 1340 703 expi-

136 703 231 760 atione
258 704 386 760 omnium
413 709 595 778 peccatomm
627 709 799 776 nostrorum,
828 710 911 761 utet
935 702 971 759 ad
990 704 1204 777 promissionem
1232 724 1250 762 a
1278 706 1341 764 Deo

135 780 233 840 datam
247 782 277 839 in
292 781 414 839 Foedere
426 781 534 840 Gratiae
548 779 584 838 de
599 800 697 838 eorum
711 782 887 855 remissione,
902 800 986 857 posse
1006 781 1062 840 dici
1076 783 1273 841 remissionem
1287 775 1359 844 sub*

137 861 190 918 bac
206 869 283 929 ,χίιυ
306 859 424 919 extendi
437 860 474 916 ad
493 860 589 918 omnia
607 868 725 937 peccata
747 861 809 919 sivo
831 860 975 937 praeterita
994 861 1055 919 sive
1080 861 1185 921 futura.
1237 863 1294 922 Sed
1317 865 1343 922 si

137 941 294 999 attenditur
307 941 432 998 remissio
453 939 515 1015 ἰρεα
529 941 654 1013 actrrclis,
677 960 741 1016 quae
755 940 789 999 fit
801 960 853 1016 per
863 940 1072 998 intimationem
1093 942 1242 1001 sententiae
1257 944 1341 1002 abso-

136 1018 248 1077 lutoriae
264 1020 293 1076 in
307 1019 392 1077 corde
406 1019 531 1076 hominis
552 1019 695 1078 credentis
709 1029 738 1078 et
752 1019 927 1096 poenitentis,
937 1038 995 1077 non
1014 1029 1109 1096 potest
1120 1020 1218 1079 referri
1233 1023 1289 1080 nisi
1304 1024 1342 1082 ad

138 1106 255 1174 peccata
265 1099 327 1176 jam
339 1099 508 1174 commissa;
532 1099 578 1157 Ita
592 1107 624 1156 ut
633 1098 670 1157 ad
680 1107 790 1157 reatum
802 1107 983 1176 peccatorum
994 1100 1174 1176 sequentium
1183 1101 1343 1161 tollendum

137 1179 300 1253 requiratur
320 1177 501 1254 particularis
512 1178 688 1236 remissionis
703 1178 864 1256 applicatio,
881 1198 939 1236 ιιοιι
950 1178 1036 1236 modo
1057 1179 1153 1254 quoad
1167 1181 1343 1242 remissionis

139 1277 256 1315 sensnm
270 1265 299 1316 et
313 1257 550 1334 certiorationem,
574 1257 625 1315 sed
646 1265 675 1316 et
695 1258 791 1335 quoad
811 1259 904 1336 ipsam
925 1257 1164 1317 condonationem
1191 1278 1290 1318 veram
1315 1271 1344 1322 et

139 1336 254 1394 realem.

182 1415 259 1474 XX.
283 1416 325 1475 Ut
338 1435 461 1493 persona
485 1417 531 1475 cui
553 1425 671 1494 peccata
694 1417 880 1475 remittuntur
901 1424 998 1494 potest
1022 1416 1153 1494 spectari,
1177 1419 1226 1476 vel
1247 1421 1343 1496 quoad

139 1505 244 1552 statura
259 1496 368 1571 gratiae,
394 1496 497 1573 inquo
525 1496 710 1555 constituitur
729 1517 781 1574 per
801 1496 1048 1574 justificationem,
1074 1496 1122 1554 vel
1145 1497 1241 1574 quoad
1266 1509 1345 1557 actus

139 1575 335 1651 particulares,
352 1595 425 1652 quos
447 1575 568 1634 subinde
583 1584 678 1653 potest
693 1577 880 1648 committere,
911 1576 959 1634 Ita
984 1577 1128 1634 Remissio
1147 1585 1242 1653 potest
1263 1597 1344 1654 spec·

140 1655 194 1712 tari
208 1654 358 1714 bifariam:
375 1655 431 1714 Vel
440 1656 610 1730 generaliter
624 1655 719 1732 quoad
738 1665 848 1729 statum,
860 1655 948 1728 juxta
970 1675 1055 1731 quem
1071 1655 1151 1714 Deus
1165 1667 1344 1733 peccatorem

140 1733 304 1792 credentem
329 1744 357 1793 et
379 1735 566 1811 poeuitentem
589 1735 619 1792 in
641 1735 764 1811 gratiam
785 1735 888 1812 recipit
901 1744 1018 1812 propter
1030 1735 1184 1811 Christum,
1198 1745 1229 1802 et
1242 1757 1343 1813 pccca-

140 1820 234 1871 torum
264 1815 399 1888 omnium‚
429 1834 551 1891 quorum
573 1833 638 1872 reus
666 1821 718 1889 est,
744 1815 859 1872 veniam
879 1815 923 1872 illi
941 1814 1086 1892 largitur;
1108 1815 1165 1872 Vel
1187 1817 1346 1891 specialiter

142 1893 238 1968 quoad
251 1903 328 1951 actus
343 1894 537 1969 particulares
560 1902 752 1971 peccatorum,
768 1895 798 1951 in
819 1914 883 1970 quae
899 1893 1020 1952 subinde
1035 1894 1162 1970 incmrit,
1176 1895 1345 1972 adquorum

142 1980 251 2030 reatum
267 1973 427 2032 tollendum
442 1973 554 2050 indiget
564 1974 730 2050 particulari
751 1974 940 2032 absolutionc.
983 1973 1049 2030 Nou
1063 1973 1141 2050 quod
1156 1982 1247 2032 status
1257 1975 1345 2048 justi·

143 2051 283 2110 ficationis
298 2053 327 2110 in
342 2073 426 2129 quem
452 2053 608 2111 translatus
622 2062 666 2111 est
680 2053 875 2128 dissolvatur;
897 2053 955 2111 Vel
978 2053 1107 2111 remissio
1129 2054 1218 2112 semel
1241 2056 1347 2114 collata

142 2131 313 2208 abrogetur,
336 2133 404 2209 quie
425 2133 505 2191 Deus
520 2141 617 2190 manet
642 2151 754 2208 semper
768 2133 855 2190 Pater
870 2133 942 2208 ejus,
959 2131 1009 2190 sed
1025 2133 1112 2191 Pater
1126 2133 1216 2191 iratus
1230 2145 1348 2212 propter

141 2221 260 2287 peccata
274 2231 373 2270 recens
388 2212 548 2286 commissa,
565 2232 629 2288 quae
642 2213 711 2270 licet
718 2212 812 2290 fitium
827 2213 879 2269 irae
887 2212 1060 2270 constituere
1075 2232 1140 2270 cum
1154 2216 1346 2291 nonpossint,

142 2300 258 2368 propter
272 2291 441 2350 Vocationis
456 2299 484 2349 et
499 2292 520 2351 J
522 2291 721 2350 ustificationis
730 2291 991 2349 immutabilitatem
1003 2313 1010 2366 ς
1032 2299 1128 2350 tamen
1138 2294 1187 2350 sub
1198 2294 1348 2370 trasitium

142 2379 262 2448 ponunt,
279 2379 311 2428 ut
326 2371 427 2428 merito
449 2371 480 2428 in
493 2377 649 2447 paternam
656 2370 713 2428 Dei
737 2370 966 2446 indignationem
990 2371 1125 2447 incurrat,
1150 2381 1179 2430 et
1192 2393 1269 2430 nova
1283 2395 1348 2451 pro-

144 2449 211 2507 inde
222 2449 431 2523 justificatione
447 2469 498 2508 seu
512 2451 678 2509 remissione
693 2450 859 2528 particulari
872 2451 993 2508 istorum
1007 2461 1191 2527 peccatorum
1205 2452 1349 2514 mediante

143 2527 201 2586 fide
223 2538 252 2586 et
265 2529 435 2606 poenitentia
449 2549 522 2604 opus
530 2531 644 2588 habeat.

185 2607 276 2665 XXI.
299 2608 384 2665 Licet
402 2608 498 2664 fidelis
514 2609 695 2682 justificatus
715 2609 851 2665 nondum
865 2609 975 2666 habeat
987 2609 1145 2666 formalem
1158 2617 1347 2684 peccatorum

146 2685 319 2743 futurorum
339 2685 558 2756 remissionem;
579 2706 640 2744 non
661 2686 770 2744 desinit
783 2687 888 2743 beatus
908 2704 980 2756 esse,
1001 2693 1032 2742 et
1051 2686 1126 2742 liber
1140 2704 1158 2742 a
1171 2689 1350 2746 condemna-

144 2763 226 2820 tione
240 2764 360 2834 actuali‚
375 2764 448 2838 quia
461 2763 693 2822 fundamentum
707 2763 798 2820 habet
809 2783 846 2821 ex
857 2783 918 2839 quo
927 2763 1066 2836 colligere
1079 2769 1178 2836 potest
1191 2765 1349 2824 certissime

145 2859 210 2898 eam
227 2841 282 2899 sibi
296 2849 431 2917 paratam
451 2860 513 2899 esse
534 2861 571 2900 ex
592 2843 649 2900 Dei
669 2841 872 2916 promissione.
913 2841 978 2898 Nec
993 2841 1016 2898 si
1029 2840 1147 2914 justitia
1162 2840 1272 2899 Christi
1286 2850 1351 2902 tota

146 2920 235 2975 simul
249 2921 424 2994 imputatur,
439 2921 582 2978 continuo
604 2920 719 2978 fructus
739 2920 804 2994 ejus
824 2926 906 2976 totus
925 2921 964 2976 ad
984 2937 1039 2976 nos
1053 2918 1142 2974 simul
1156 2927 1186 2975 ct
1200 2921 1291 2976 remcl
1305 2923 1349 2978 di-

146 3005 265 3067 manat3
288 2999 338 3056 sed
353 2998 515 3055 successive
529 3016 583 3071 pro
598 2998 714 3055 ratione
728 3003 916 3072 pcccatorum
930 2995 1154 3068 incurrentium,
1168 2997 1206 3054 ad
1221 3015 1349 3072 quorum

146 3075 348 3133 remissionem
363 3083 442 3150 step.
455 3076 533 3132 illud
548 3077 604 3133 sibi
618 3075 752 3150 quotidie
766 3076 854 3132 debet
868 3075 1015 3150 applicare
1028 3073 1133 3131 fidelis.

605 3336 806 3406 QUAESTIO
836 3337 895 3396 VI.

630 3509 669 3549 ou
684 3511 867 3551 ancerrouu.

324 3651 404 3721 Quid
417 3653 456 3710 sit
468 3651 611 3727 Adoptio,
626 3669 691 3725 quoe
704 3651 784 3708 robis
797 3650 828 3706 ia
842 3649 1054 3730 Juatiflcctiocc
1068 3653 1184 3710 datur?

148 3845 388 3957 ttttttzftt:
408 3806 1353 3959 ettlttctffttttitillatumtitttctttttff

175 3962 250 4017 ⁰Pti0·
409 3982 477 4036 quae
488 3981 547 4018 non
563 3963 653 4018 modo
667 3963 876 4020 liberationem
889 3981 908 4018 a
921 3969 1024 4029 morte,
1037 3964 1088 4018 scd
1102 3969 1132 4017 et
1140 3963 1193 4033 jus
1206 3964 1245 4018 ad
1260 3962 1352 4020 vitum

150 4037 236 4094 nobis
250 4037 415 4111 acquisivit,
430 4056 482 4112 per
497 4039 701 4112 Adoptionem
722 4057 784 4113 qua
804 4057 859 4096 nos
873 4041 974 4096 donat.
1017 4039 1091 4096 Ideo
1105 4039 1185 4095 enim
1198 4040 1295 4096 sactus
1309 4041 1353 4096 di-

149 4115 227 4172 citur
242 4124 284 4169 tm
296 4125 357 4182 ,ὅμου
370 4135 423 4189 per
436 4115 606 4172 servitutem
630 4117 850 4186 oeconomicam,
865 4123 900 4172 ut
913 4116 1052 4172 liberaret
1065 4135 1084 4174 a
1097 4116 1238 4173 servitute
1253 4116 1352 4190 Legis,

152 4199 182 4250 et
196 4193 388 4267 adoptionem
403 4211 454 4250 seu
464 4192 516 4266 jus
529 4193 659 4250 filiorum
673 4195 758 4252 nobis
772 4195 927 4261 conferret,
941 4192 1007 4252 Gal.
1023 4193 1061 4251 iv.
1075 4195 1104 4263 4,
1119 4193 1146 4262 5,
1162 4211 1269 4268 exque
1283 4211 1355 4266 pcn-

152 4273 203 4328 det
216 4271 238 4328 J
240 4289 275 4328 us
289 4272 327 4328 ad
341 4271 444 4340 vitam,
466 4270 537 4345 quia
557 4273 584 4328 ai
598 4271 663 4344 filii,
679 4282 705 4330 ct
723 4275 856 4342 heredes,
872 4271 960 4328 Rom.
978 4271 1039 4328 viii.
1063 4271 1118 4340 17;
1142 4269 1354 4342 EtJohnnnes,

151 4367 214 4421 cap.
229 4349 248 4404 i.
267 4349 312 4418 12,
328 4348 400 4404 dicit
414 4351 468 4406 illis
481 4351 531 4424 qui
542 4349 622 4408 r'tlum
636 4362 814 4424 receperunt,
826 4353 857 4408 id
872 4356 924 4418 est,
939 4349 987 4423 qui
1000 4350 1184 4408 crediderant
1196 4351 1226 4406 ic
1238 4347 1355 4405 Nomen

152 4428 220 4500 ejus
235 4428 345 4484 dedisse
359 4427 410 4483 boc
417 4429 469 4502 jus
482 4439 517 4484 ut
529 4438 621 4487 essent
627 4427 685 4500 filii
698 4427 765 4486 Dei.
809 4428 871 4487 Ubi
886 4437 971 4494 leonata
985 4446 1045 4484 non
1060 4427 1205 4500 significat
1215 4427 1356 4483 autorita-

150 4511 212 4560 tem
226 4523 278 4562 seu
292 4511 479 4578 potestatem,
494 4507 566 4579 quia
579 4507 627 4563 hic
640 4505 758 4580 respicit
766 4507 929 4576 inferiores,
941 4523 995 4562 nec
1009 4507 1180 4563 facultatem
1192 4521 1244 4561 scu
1254 4509 1358 4578 poten-

151 4581 233 4652 tiam,
249 4601 310 4656 qua
324 4581 391 4657 quis
404 4581 495 4656 possit
519 4603 549 4642 se
572 4583 668 4642 facere
690 4584 796 4655 filium,
818 4586 870 4641 sed
892 4592 990 4655 ἀξίωμα,
1005 4583 1046 4641 id.
1061 4582 1237 4657 dignitatem
1259 4587 1288 4637 et
1306 4579 1359 4654 jus

151 4659 291 4717 tiliorum.
