3108 5198
231 1207 602 1304 PRAEFATIO
653 1211 733 1302 ln
784 1211 1148 1305 LECTOREM.

469 1535 885 1547 -—--—-—---——...-.........

132 1774 243 1838 chnr
259 1795 305 1840 ex
321 1776 372 1858 iia,
391 1795 458 1855 quc
476 1777 515 1840 ed
529 1778 659 1857 primam
676 1779 788 1858 Operis
801 1777 894 1842 istius
907 1779 1034 1842 Pontem
1049 1777 1171 1858 prefati
1187 1796 1300 1850 sumus,

88 1871 249 1937 Gnnnrnn
261 1873 422 1949 anron,
438 1873 581 1939 Institnti
593 1876 694 1940 nostri
708 1875 846 1939 rationes
870 1876 903 1938 in
920 1895 957 1939 eo
973 1877 1092 1939 edendo
1108 1874 1167 1937 tibi
1179 1873 1300 1938 abunde

87 1973 522 2055 penpeotnessopotuerint
533 1974 610 2038 nihil
622 1981 658 2036 ιιι
670 1993 747 2053 opus
759 1974 801 2036 sit
811 1973 1070 2054 decoquicquam
1080 1972 1298 2053 superadder03

90 2066 138 2132 Ne
151 2077 261 2135 tamen
276 2071 394 2134 mirum
422 2072 563 2151 cuiquam
592 2073 745 2152 rideatur,
774 2071 913 2135 nitelam
936 2079 1012 2136 tunc
1038 2091 1139 2134 orsam
1164 2071 1298 2134 nondum

88 2169 313 2247 pertexucrim,
341 2189 442 2250 neque
465 2171 632 2234 etiamnum
649 2177 833 2251 pertexcm:
857 2170 969 2234 Paucis
984 2170 1094 2246 dicam,
1112 2170 1171 2232 hoo
1183 2175 1298 2249 praeter

89 2272 188 2329 votum
202 2275 237 2331 et
252 2269 506 2348 expectationem
520 2289 619 2333 meam
630 2267 754 2332 omnino
766 2268 940 2350 contigisse.
993 2269 1045 2331 Ex
1060 2288 1121 2348 quo
1133 2267 1215 2331 enim
1232 2267 1297 2329 ani·

88 2382 168 2426 mum
183 2366 224 2428 ad
241 2366 446 2430 scribendum
452 2368 567 2447 appuli,
583 2367 660 2430 nihil
677 2367 859 2448 magismihi
869 2367 901 2431 in
916 2367 996 2431 rotis
1010 2367 1081 2448 fuit,
1101 2386 1192 2446 quem
1208 2372 1245 2427 ιιι
1261 2367 1297 2428 ti·

90 2461 158 2524 dem
168 2463 273 2528 datam
285 2465 432 2545 protinus
442 2465 615 2530 liberarem.
644 2465 876 2530 Eteoalacrius
887 2486 1009 2529 manum
1020 2465 1105 2547 operi
1116 2463 1247 2545 admovi,
1258 2483 1298 2527 ex

90 2578 149 2638 quo
163 2581 224 2625 non
239 2563 386 2627 obscuris
401 2564 476 2626 mihi
503 2565 645 2629 constitit
662 2565 864 2640 documentis,
880 2564 1040 2628 consilinm
1059 2563 1298 2641 methodumque

89 2678 183 2722 meam
200 2660 294 2725 Viris
311 2661 412 2725 doctis
427 2683 489 2726 non
499 2661 702 2743 displicuisse,
720 2683 777 2726 nec
788 2663 978 2743 improbatos
988 2663 1049 2725 illis
1066 2663 1161 2725 fuisse
1174 2660 1298 2741 quales-

90 2775 208 2848 cunque
250 2761 351 2823 hosce
382 2771 520 2824 conatus.
571 2759 700 2842 Verum,
732 2761 804 2840 quia
839 2762 872 2824 in
904 2761 1094 2842 amplissimo
1120 2758 1295 2840 {theologice

91 2865 201 2920 nostra
215 2857 398 2934 latifundio,
414 2865 504 2922 tanta
518 2867 567 2923 est
584 2858 866 2924 Controversiarnm
883 2879 981 2942 seges,
997 2866 1033 2921 nt
1058 2864 1209 2939 quotquot
1222 2856 1297 2920 mihi

91 2954 185 3020 sdhno
200 2958 436 3037 pertractanda
452 2966 645 3039 supererant,
656 2976 719 3021 uno
734 2958 888 3021 volumine
913 2958 1028 3020 includi
1041 2977 1103 3018 non
1126 2955 1298 3037 potuerint,

92 3053 146 3115 nisi
161 3055 333 3145 plerasque
350 3075 390 3118 ex
405 3055 468 3119 illis
486 3056 534 3120 rel
552 3056 721 3120 omisissem
739 3056 874 3136 penitus,
891 3055 938 3117 vel
956 3055 1057 3116 obiter
1081 3058 1203 3114 tantum
1219 3052 1298 3113 etti-

94 3149 219 3234 pissem3
264 3153 446 3218 Consultins
486 3155 671 3235 existimavi,
702 3153 863 3228 utiliorem,
904 3152 979 3215 licet
1019 3149 1234 3232 operosiorem,
1263 3157 1296 3212 et

93 3249 292 3328 prolixiorem
305 3253 386 3315 riam
401 3252 497 3333 sequi,
513 3254 591 3318 etin
610 3255 687 3316 duas
703 3251 816 3315 iterum
830 3257 937 3331 partes
953 3251 1137 3332 dispescere,
1153 3269 1221 3329 qne
1234 3268 1297 3312 nnc

92 3347 188 3412 minus
205 3351 370 3414 commode
386 3352 502 3415 absolvi
528 3358 708 3432 potnerunt,
725 3357 762 3412 ιιι
779 3351 825 3414 ita
850 3371 890 3414 ex
912 3350 1079 3413 multorum
1094 3355 1176 3430 voto,
1203 3348 1296 3429 paulo

94 3445 205 3513 diutius
232 3450 270 3513 iu
287 3449 490 3514 difficiliorem
525 3449 736 3527 Quaestionum
762 3447 903 3512 examine
918 3448 1077 3512 immorari
1104 3467 1234 3528 possem,
1262 3454 1295 3510 et

94 3543 249 3625 eliquanto
278 3549 375 3612 fusius
398 3548 430 3611 in
450 3548 674 3628 precipuorum
701 3555 734 3612 et
762 3547 1046 3624 fundamentalinnr,
1072 3567 1139 3626 quae
1166 3544 1296 3609 subinde

95 3648 308 3723 occurrebant,
321 3645 491 3727 Scriptura
500 3646 636 3710 locorum
651 3645 869 3727 explanatione
884 3665 1032 3711 versarer.
1071 3645 1154 3708 Hinc
1170 3645 1294 3718 tectum,

95 3749 128 3804 nt
151 3745 298 3808 absoluta
323 3742 521 3808 Tractatique
537 3745 687 3808 Locorum
713 3745 751 3807 de
778 3743 872 3825 Lege,
895 3751 928 3806 et
953 3744 1083 3808 Foedere
1109 3741 1236 3816 Gratiae,
1254 3741 1294 3805 de

96 3839 208 3906 Christi
225 3843 365 3907 Persona
381 3851 413 3907 et
431 3843 535 3919 Statu,
552 3843 631 3924 Ejus
649 3843 775 3918 Officiis,
804 3849 837 3905 et
863 3841 1026 3916 Beneficiis
1041 3841 1144 3916 veniis,
1169 3859 1293 3901 manum

98 3937 132 4002 de
146 3941 256 4005 tabula
269 3961 382 4022 ponere
398 3949 522 4006 coactns
534 3942 655 4018 merim,
673 3949 706 4006 et
730 3941 763 4003 in
783 3941 908 4003 tertiam
923 3939 1048 4004 Partem
1064 3939 1194 4019 rejicere
1221 3937 1295 4000 reli-

99 4057 169 4114 quas
185 4038 430 4122 Controversia,
457 4040 496 4104 de
524 4039 674 4117 Ecclesia,
691 4041 730 4104 de
755 4039 973 4115 sacrementis,
998 4039 1084 4104 etde
1100 4035 1293 4111 Novissime,

100 4153 162 4214 qua
187 4137 383 4202 discutienda
408 4139 507 4203 adhuc
537 4140 676 4216 veniunt,
708 4147 745 4201 ut
774 4139 898 4219 plenum
935 4135 1148 4201 Institutionis
1182 4141 1294 4197 nostra

101 4232 237 4315 Systema
253 4239 414 4301 habeatnr.
465 4237 553 4315 Quod
568 4259 606 4302 eo
620 4239 719 4302 minus
735 4256 815 4319 egre
833 4236 879 4300 Te
895 4236 1029 4299 laturum
1048 4235 1123 4298 mihi
1138 4232 1294 4313 polliceor,

101 4335 175 4412 quod
189 4356 259 4399 cnm
274 4337 415 4400 auctario
439 4345 472 4401 et
494 4339 610 4402 soenore
633 4339 827 4418 proditurum
855 4335 897 4399 sit
923 4336 1017 4415 Opns,
1044 4334 1071 4396 si
1099 4332 1185 4396 Deus
1200 4330 1295 4393 vitam

101 4431 233 4516 viresque
250 4435 446 4499 concesserit.

146 4531 272 4598 Interea
285 4535 367 4614 qnod
393 4555 474 4599 nnnc
501 4535 558 4598 sub
583 4534 696 4598 divinis
714 4535 860 4617 auspiciis
885 4535 916 4598 in
949 4533 1103 4615 publicum
1127 4523 1241 4607 prodit,
1257 4541 1294 4584 0⁰

104 4631 251 4711 acceptius
266 4633 326 4696 tibi
342 4635 480 4698 lirturnm
496 4653 595 4715 spero,
615 4635 696 4714 qnod
711 4637 808 4700 totius
833 4633 1009 4715 rnoologiae
1021 4635 1134 4691 nostre
1152 4618 1292 4683 nucleum
