3152 5198
148 347 346 428 11111111]
597 369 635 410 nn
656 369 913 412 Jusruucartous.
1295 359 1353 416 589

152 513 222 570 dam
237 521 419 584 cooperetur,
435 516 465 568 et
478 510 563 566 nulla
576 527 613 566 cx
627 517 710 583 parte
724 527 840 568 neeesse
853 529 924 581 esse,
939 529 1007 569 cum
1022 529 1082 568 suae
1093 513 1257 570 veluntatis
1271 524 1355 574 motu

151 588 312 666 praeparari
336 595 366 645 et
387 587 513 662 disponi,
536 589 707 644 Anathema
731 589 798 645 sit.”
861 589 900 646 Et
921 590 1062 647 Bellarm.
1082 591 1134 648 lib.
1149 592 1167 647 i.
1183 593 1220 648 de
1239 592 1261 649 J
1264 595 1353 652 ustifi.

152 687 215 740 cap.
233 665 279 736 13,
295 673 313 700 “
323 667 458 736 Fidem,''
473 666 524 734 ait,
548 666 734 739 “justificare
748 674 783 724 ut
796 666 915 723 initium
929 676 958 724 et
973 669 1102 725 radicem
1122 668 1354 744 justificationis,

151 747 224 821 quia
246 751 291 801 est
321 745 418 819 prima
441 744 533 800 motio
556 743 586 800 in
613 744 720 814 Deum,
749 751 865 819 oportet
886 745 965 802 enim
986 748 1172 808 accedentem
1193 749 1231 803 ad
1256 748 1355 807 Deum

152 826 270 882 eredere
291 823 372 898 quod
393 822 475 878 Deus
488 823 561 878 est.”
604 821 680 888 (111
701 823 847 880 sententia
866 822 973 880 nititur
991 822 1068 881 falsa
1087 825 1253 898 hypothesi,
1268 827 1354 900 quasi

149 902 322 976 justificatio
342 900 481 956 consistat
499 899 529 954 iu
544 899 694 956 infusione
710 901 845 973 justitiae,
860 912 890 956 et
904 901 942 957 sit
955 909 1053 958 motus
1072 903 1192 976 quidam
1207 904 1355 977 physicus,

153 982 206 1055 qui
220 980 319 1052 exigat
332 977 539 1052 dispositioncs
554 977 678 1052 praevias
692 979 723 1034 in
738 979 870 1052 subjecto
884 986 952 1036 ante
966 979 1070 1036 formae
1081 980 1340 1040 introductionem.

452 1055 490 1112 V.
524 1055 692 1113 Orthodoxi
724 1073 794 1112 vero
829 1057 860 1112 in
887 1057 948 1113 alia
975 1057 1076 1114 omnia
1106 1064 1187 1116 eunt.
1239 1059 1356 1118 Doceat

409 1133 519 1208 quippe
539 1135 626 1190 fidem
641 1152 702 1190 esse
723 1151 843 1191 causam
858 1133 1029 1208 organicam
1049 1143 1079 1192 11
1098 1135 1356 1195 instrumentalem

410 1219 518 1268 nostrae
539 1212 767 1286 justificationis,
783 1211 823 1268 Et
842 1212 888 1268 illi
908 1212 1151 1286 justificationem
1171 1213 1271 1283 tribui,
1294 1233 1354 1272 non

153 1290 270 1366 proprie
285 1296 315 1347 et
327 1308 381 1364 per
394 1307 432 1360 se,
447 1297 596 1362 quatenus
608 1296 652 1347 est
666 1307 750 1363 opus,
761 1290 809 1346 vel
823 1290 907 1363 quasi
922 1289 960 1346 sit
970 1289 1034 1364 ipsa
1043 1291 1170 1364 justitia,
1182 1309 1242 1364 qua
1256 1309 1355 1349 eoram

156 1367 220 1425 Deo
229 1367 437 1441 justificamur,
451 1369 499 1422 vel
514 1368 599 1442 quasi
613 1385 667 1424 sua
680 1367 897 1441 dignitatatem
911 1368 968 1425 Dei
979 1369 1176 1440 indulgentia,
1188 1387 1253 1426 eam
1264 1387 1357 1428 mere-

157 1453 225 1503 atur
245 1446 275 1500 in
295 1453 403 1515 totum,
417 1446 466 1502 vel
487 1464 524 1502 ex
547 1453 651 1520 parte3
674 1447 725 1502 sed
749 1445 908 1519 improprie
932 1453 962 1502 et
985 1446 1192 1518 metonymice,
1207 1455 1356 1521 quatenus

154 1523 175 1580 J
178 1523 280 1582 ustitia
295 1523 404 1581 Christi
418 1543 509 1597 quam
522 1526 595 1581 fides
609 1523 804 1598 apprehendit
817 1531 861 1580 est
874 1522 1105 1580 fundamentum
1118 1531 1148 1580 11
1161 1541 1250 1581 causa
1270 1526 1358 1582 meri·

154 1603 231 1658 toria
255 1609 377 1676 propter
400 1620 491 1676 quam
512 1602 719 1676 justificamur.
767 1601 840 1658 Ideo
864 1601 973 1658 dicitur
993 1601 1155 1674 justificare
1179 1602 1303 1659 relative
1326 1611 1357 1659 et

156 1679 293 1753 organice
305 1703 312 1738 :
334 1679 460 1749 relative,
471 1680 542 1754 quia
551 1681 620 1737 fidei
632 1681 783 1754 objectum
796 1685 840 1736 est
851 1696 921 1736 vera
932 1687 1032 1735 nostra
1042 1679 1160 1752 justitia
1170 1697 1270 1737 coram
1282 1679 1357 1752 Deo,

155 1760 287 1833 erynnies
300 1777 380 1827 vero,
395 1759 467 1832 quia
480 1759 552 1816 fides
566 1765 609 1815 est
622 1759 853 1815 instrumentum
874 1757 1061 1832 aeecptandae
1083 1775 1120 1813 ex
1140 1764 1226 1833 parte
1246 1764 1357 1829 nostra,

156 1844 187 1894 et
200 1837 285 1894 nobis
299 1837 492 1911 applicandae,
508 1837 593 1892 istius
602 1836 737 1910 justitiae.

154 1955 247 2000 Actum
277 1955 390 1999 credendi
444 1914 502 1971 VI.
518 1913 588 1970 Duo
600 1931 670 1987 crgo
681 1914 823 1971 uobishie
834 1915 1003 1988 praestanda
1013 1919 1090 1970 sunt.
1107 1912 1218 1984 Primo,
1231 1924 1284 1970 ue·
1297 1923 1359 1988 agn·

185 2027 233 2058 non
262 2027 315 2057 asse
337 2026 391 2057 nos-
411 1993 608 2050 romovendus
629 1998 673 2048 est
699 1992 793 2050 salsus
813 1993 920 2050 modus
936 1990 1155 2067 justificationis
1174 1993 1253 2064 fidei,
1269 2011 1359 2068 quem

184 2077 248 2116 tram
266 2072 391 2128 justitiam
413 2069 571 2139 Sociniani,
594 2077 624 2126 et
651 2069 798 2128 Pontificii
825 2071 1011 2128 invexerunt.
1055 2069 1201 2140 Secundo,
1224 2089 1312 2128 verus
1329 2079 1360 2129 et

185 2132 311 2187 Ps⁰b²²¹³¹
411 2149 560 2222 genuinus
574 2157 638 2202 »aes
650 2157 712 2203 sta»
725 2149 783 2206 erit
802 2149 982 2222 probandus.
1025 2147 1134 2216 Quoad
1156 2149 1245 2222 prius,
1261 2149 1358 2220 Fides,

155 2245 208 2285 seu
222 2233 305 2284 aetus
319 2226 456 2282 credendi
477 2244 536 2283 non
562 2233 718 2301 reputatur
741 2244 794 2300 pro
814 2225 933 2299 justitia
956 2235 1058 2284 nostra
1081 2227 1161 2300 apud
1187 2226 1286 2283 Deum
1307 2245 1361 2302 per

156 2305 319 2378 gratuitam
340 2304 616 2377 acceptilationcm:
640 2306 665 2360 1.
689 2305 769 2372 Quia
782 2305 864 2378 quod
878 2310 922 2360 cst
944 2311 1063 2361 tantum
1088 2321 1234 2376 organum
1256 2305 1361 2379 accipi·

155 2384 240 2439 11111
251 2380 384 2454 justitie,
394 2399 454 2438 non
463 2389 560 2456 potest
567 2401 629 2439 esse
638 2383 702 2456 ipsa
705 2381 825 2456 justitia
833 2388 935 2438 nostra
942 2382 1115 2439 formaliter.
1138 2381 1361 2440 Atfidcshabet

156 2460 327 2517 hietantum
334 2468 411 2527 extra
417 2459 566 2532 negantur
573 2467 655 2534 patet
664 2468 728 2517 tum
737 2479 774 2516 ex
779 2460 900 2534 proprio
905 2461 931 2533 ej
936 2479 971 2516 us
979 2469 1056 2530 actu,
1063 2460 1116 2533 qui
1127 2459 1362 2518 instrumentalis

156 2543 209 2606 est,
225 2543 255 2592 ct
268 2537 427 2592 consistens
440 2537 471 2593 in
486 2539 652 2612 receptione
668 2537 787 2608 Christi,
801 2537 822 2594 J
825 2539 872 2594 oh.
884 2537 902 2594 i.
916 2539 961 2608 12,
971 2545 1000 2595 11
1014 2537 1214 2610 acceptatione
1224 2538 1359 2614 justitie,

157 2613 246 2672 Rom.
258 2631 286 2669 v.
303 2613 349 2682 17,
363 2623 392 2671 et
402 2615 582 2672 remissionis
590 2623 789 2689 peccatorum,
803 2617 871 2672 Aet.
881 2617 961 2672 xxvi.
973 2616 1026 2684 18;
1048 2622 1113 2671 tum
1130 2634 1167 2671 ex
1187 2616 1361 2672 subordina-

155 2693 236 2749 tione
246 2709 400 2748 eausarum
407 2693 631 2766 justificationis
639 2695 678 2749 ad
689 2694 817 2750 eundem
828 2694 975 2762 effectum,
987 2692 1098 2750 Gratiae
1108 2692 1218 2749 seilicet
1226 2691 1291 2762 Dei,
1302 2692 1361 2750 Re·

155 2768 335 2844 demptionis
347 2770 466 2841 Christi,
478 2778 508 2827 ct
517 2771 595 2840 fidei,
605 2789 672 2845 quse
682 2777 804 2828 notatur
815 2789 833 2826 a
842 2769 947 2840 Paulo,
955 2770 1041 2826 Rom.
1048 2769 1088 2825 iii.
1096 2771 1143 2838 24,
1153 2769 1205 2826 ubi
1215 2771 1288 2825 fides
1299 2787 1361 2828 non

153 2847 348 2923 potestaliam
357 2849 606 2922 notionemquam
614 2847 803 2905 instrumenti
813 2847 1361 2921 sustinere,cumgratiaDoicffieientis

154 2925 333 3000 principalis,
348 2933 378 2982 et
391 2927 556 3000 redemptio
571 2925 679 2982 Christi
693 2943 789 2982 eausae
803 2925 960 2982 meritorias
975 2925 1122 2982 rationem
1136 2925 1252 2982 habeat.

196 3003 274 3060 VII.
296 3003 324 3060 2.
348 3003 428 3070 Quia
440 3004 513 3060 fides
527 3003 721 3076 distinguitur
735 3005 772 3061 ab
786 3003 850 3077 ipsa
858 3003 986 3076 justitia,
1001 3021 1068 3077 quse
1082 3003 1169 3058 nobis
1184 3003 1359 3076 imputatur,

154 3087 221 3137 tum
235 3080 308 3156 quia
320 3081 430 3138 dicitur
443 3099 506 3138 esse
521 3085 629 3153 cestrie,
644 3089 674 3138 et
684 3101 739 3156 per
746 3083 846 3172 fidae,
862 3080 949 3137 Rom.
964 3081 982 3136 i.
1000 3081 1045 3150 17,
1060 3087 1090 3136 et
1103 3079 1144 3136 iii.
1160 3081 1207 3148 22,
1222 3079 1301 3137 Phil.
1316 3081 1358 3139 iii.

155 3159 183 3226 9,
198 3167 263 3217 11111
277 3159 349 3233 quia
364 3159 499 3217 Christus
514 3177 582 3216 cum
597 3158 775 3218 Obedientra
786 3166 816 3214 et
828 3157 1033 3215 Satisfactione
1044 3177 1098 3215 sua
1111 3165 1155 3214 est
1168 3158 1222 3213 illa
1231 3158 1358 3232 justitia,

154 3257 221 3310 quae
237 3236 323 3295 nobis
336 3238 510 3310 imputatur,
527 3237 586 3294 111.
602 3238 654 3294 liii.
672 3236 717 3306 11,
732 3236 753 3293 J
755 3255 794 3293 er.
809 3236 892 3292 xxiii.
907 3237 935 3304 6,
960 3236 975 3292 1
993 3235 1058 3294 Cor.
1070 3237 1089 3292 i.
1102 3235 1179 3306 30,2
1193 3235 1259 3293 Cor.
1273 3255 1299 3292 v.
1311 3236 1358 3308 21,

155 3315 224 3373 Gal.
238 3316 279 3372 iii.
298 3315 342 3385 13,
360 3316 405 3384 14,
421 3334 512 3389 quam
525 3317 598 3372 fides
612 3314 733 3388 quidem
758 3315 954 3388 apprehendit
975 3321 1010 3370 ut
1030 3314 1180 3389 objectum
1195 3331 1292 3384 suam,
1306 3317 1358 3372 sed

154 3411 223 3451 cum
237 3411 297 3467 quo
312 3393 487 3450 identificari
501 3411 562 3449 non
576 3399 682 3468 potest.
726 3391 816 3449 Unde
833 3391 985 3466 Scriptura
998 3409 1153 3468 nunquam
1167 3391 1239 3448 dicit
1259 3391 1359 3450 Deum

153 3472 231 3528 velle
246 3489 361 3528 censere
375 3471 464 3528 fidem
478 3479 611 3527 nostram
623 3487 678 3544 pro
688 3469 814 3543 justitia,
829 3471 880 3526 sed
895 3471 976 3544 quod
992 3469 1144 3527 Christum
1158 3469 1260 3526 fecerit
1273 3470 1359 3528 nobis

148 3549 309 3624 justitiam,
325 3549 406 3623 quod
421 3548 459 3604 sit
471 3547 493 3604 J
495 3549 592 3604 ehova
600 3547 720 3623 justitia
733 3555 846 3618 nostra,
860 3553 891 3603 et
903 3549 986 3621 quod
1000 3547 1092 3604 simus
1114 3545 1135 3602 J
1138 3547 1241 3604 ustitia
1256 3545 1313 3604 Dei
1326 3549 1357 3605 in

151 3649 162 3686 1
184 3647 225 3686 so.

162 3649 292 3764 pVIII.
314 3706 340 3762 3.
358 3706 439 3774 Quia
448 3725 509 3763 non
519 3706 718 3780 justificamur
728 3705 785 3762 nisi
795 3723 847 3780 per
856 3705 1017 3780 perlectam
1021 3705 1180 3778 justitiam.
1203 3705 1357 3780 Siquidem

151 3801 198 3840 res
211 3783 296 3840 nobis
310 3791 355 3840 est
365 3803 433 3840 eum
446 3793 551 3842 exacta
564 3784 585 3843 J
587 3783 689 3841 ustitia
703 3782 769 3852 Dei,
781 3784 829 3840 cui
842 3782 925 3840 fraus
935 3782 998 3839 fieri
1012 3801 1071 3838 non
1086 3789 1191 3856 potest.
1227 3783 1271 3838 At
1284 3783 1356 3840 fides

151 3860 300 3916 nullahic
313 3862 506 3934 estperfecta.
548 3861 615 3918 Nee
628 3861 788 3918 dicendum
809 3877 870 3917 non
891 3877 952 3916 esse
976 3859 1098 3933 quidem
1117 3859 1266 3931 justitiam
1290 3877 1356 3934 per·

151 3936 260 3993 sectam
273 3955 310 3992 cx
324 3955 363 4005 se,
378 3939 429 3994 sed
442 3957 496 4013 pro
509 3941 563 3996 tali
577 3939 695 3997 admitti
710 3955 728 3994 a
742 3939 817 4007 Deo,
831 3945 861 3994 et
873 3937 976 3994 haberi
989 3953 1042 4009 per
1054 3935 1216 4008 gratuitam
1230 3937 1354 4010 accepti-

150 4013 303 4070 lationem.
346 4013 426 4080 Quia
446 4017 477 4070 in
499 4017 565 4072 foro
586 4017 709 4091 justitiae
731 4016 931 4090 divinaequae
952 4015 1140 4085 adaequatam
1164 4018 1194 4067 et
1215 4014 1354 4071 omnibus

151 4091 284 4148 numeris
298 4090 467 4148 absolutam
482 4093 661 4150 solutionem
674 4095 816 4168 postulat,
831 4111 892 4150 non
906 4098 1004 4167 potest
1017 4087 1080 4145 dari
1101 4089 1185 4144 locus
1199 4091 1353 4164 acceptila-

149 4167 234 4237 tioni,
250 4185 317 4242 quae
340 4175 384 4224 est
406 4169 583 4244 imaginaria
604 4171 721 4228 solutio.
764 4171 880 4228 Deinde
904 4187 971 4226 eum
991 4165 1167 4241 justificatio
1191 4174 1291 4224 nostra
1314 4169 1353 4226 sit

148 4252 231 4302 actus
243 4245 369 4302 forensis
382 4253 412 4302 11
421 4247 583 4319 judicialis,
595 4249 647 4306 ubi
661 4250 744 4307 Deus
757 4267 788 4306 se
798 4251 916 4323 justum
930 4243 1067 4313 ostendit,
1080 4243 1167 4300 Rom.
1178 4243 1219 4300 iii.
1232 4244 1279 4314 25,
1291 4263 1352 4302 non

149 4323 281 4380 admittit
302 4323 566 4396 acceptilationem,
588 4345 655 4401 qua
678 4345 834 4402 nunquam
856 4325 989 4401 procedit
1011 4339 1063 4397 per
1086 4321 1297 4378 authoritatem
1321 4331 1352 4380 et

148 4401 326 4458 sententiam
359 4399 485 4474 Judicis,
514 4405 567 4461 sed
593 4423 647 4478 per
672 4405 873 4462 voluntariam
897 4410 927 4460 et
952 4402 1100 4477 privatam
1126 4399 1350 4475 stipulationem

185 4477 286 4537 rtium.

144 4497 248 4614 1mIX.
270 4559 298 4615 4.
321 4557 353 4616 si
364 4556 437 4614 fides
450 4565 606 4634 reputatur
618 4578 673 4634 pro
679 4561 806 4634 justitia,
816 4559 1048 4633 justificabimur
1061 4557 1207 4632 operibus,
1222 4555 1294 4630 quia
1308 4555 1349 4614 sic

153 1117 280 1162 Sententia
300 1114 389 1160 Ortho-

211 1175 335 1218 deserum.

145 4637 218 4694 fides
232 4654 292 4695 non
306 4641 405 4713 potest
417 4653 478 4692 non
491 4639 599 4696 habere
613 4638 760 4697 rationem
774 4637 871 4714 operis
889 4655 980 4712 quam
996 4637 1149 4713 justificat.
1190 4633 1234 4692 At
1247 4634 1278 4690 in
1292 4634 1348 4691 hoe
