3192 5206
150 384 259 431 11111.
275 367 342 446 xv.]
500 387 538 424 11
554 386 685 424 pensons
701 387 738 426 11
753 385 846 426 11111
862 387 988 426 1111111.
1293 371 1352 428 315

148 526 186 583 ad
208 525 323 602 inferos,
340 527 396 585 Vel
412 527 442 584 id
456 527 572 602 factum,
587 535 621 584 ut
635 527 744 602 aliquid
758 527 797 584 ibi
813 535 965 603 pateretur,
981 527 1029 584 vel
1044 535 1076 586 ut
1091 527 1191 585 Patres
1205 526 1351 604 liberaret,

147 607 196 664 vel
218 615 250 665 ut
261 607 381 666 mortuis
396 607 616 683 evangelizaret,
633 607 682 664 vel
703 615 736 664 11
757 607 908 664 victoriam
932 626 1012 664 suam
1038 615 1195 666 ostentaret
1218 607 1351 666 diabolis.

150 685 209 744 Sed
230 706 284 745 nee
306 687 431 764 primum
453 687 511 744 dici
535 696 638 763 potest,
662 685 731 763 quia
758 686 788 744 in
811 705 894 744 cruce
918 687 1014 744 omnia
1035 687 1254 762 consummavit,
1280 687 1351 746 Joh.

147 767 209 823 xix.
226 770 273 841 30,
297 778 326 825 et
346 768 431 825 unica
452 766 597 826 oblatione
619 767 798 825 consecravit
818 767 848 823 in
869 775 1039 843 perpetuum
1061 765 1262 841 sanctificatos,
1275 767 1351 824 Heb.

147 865 177 902 x.
196 849 241 904 14.
285 847 346 905 Nec
361 846 527 921 secundum,
544 847 612 924 quia
627 848 690 924 jam
711 846 740 903 in
763 846 867 904 coelum
886 847 992 922 recepti
1009 854 1098 920 erant,
1114 865 1167 904 nec
1181 865 1308 922 unquam
1322 847 1353 904 11

147 925 237 983 limbo
251 926 353 985 fictitio
367 927 491 1001 fuerunt,
508 934 540 984 ut
554 946 640 1002 supra
654 925 815 1002 probatum.
858 925 924 984 Non
938 926 1062 1001 tertium,
1079 925 1147 1002 quie
1161 925 1352 1002 Evangeliza-

147 1005 188 1064 tio
200 1006 324 1081 pertinet
335 1015 446 1065 tanturn
456 1006 493 1064 ad
503 1014 609 1064 statum
618 1007 704 1082 hujus
718 1006 796 1079 vitae,
807 1025 864 1062 non
880 1005 915 1062 ad
931 1005 1124 1063 conditionem
1138 1005 1248 1063 mertis.
1292 1005 1319 1062 N
1321 1025 1353 1063 ee

149 1085 173 1142 si
188 1085 301 1160 Petrus,
317 1106 341 1144 c.
358 1091 385 1145 4.
404 1090 445 1158 1⁰,
462 1086 532 1144 dicit
546 1087 778 1161 Euanpciicahim
796 1105 852 1143 esse
866 1087 990 1159 mortius,
1000 1085 1055 1148 hoc
1065 1103 1122 1142 non
1132 1084 1353 1160 intelligendum

148 1174 193 1223 est
208 1165 237 1222 in
251 1186 332 1223 sensu
348 1167 505 1242 composito,
521 1166 605 1241 quasi
625 1165 812 1242 praedicatum
834 1175 911 1223 esset
930 1165 1051 1223 mortuis
1072 1183 1130 1240 qua
1150 1165 1266 1239 talibus,
1286 1164 1355 1239 quia

148 1264 214 1302 cum
229 1265 287 1302 non
302 1246 404 1304 sintin
419 1254 496 1304 statu
510 1247 574 1319 vire,
590 1265 648 1302 non
663 1253 749 1320 egent
763 1244 887 1320 amplius
900 1245 961 1302 ullo
976 1244 1119 1320 praeconio
1131 1267 1138 1318 ς
1162 1243 1213 1301 scd
1228 1243 1257 1300 in
1271 1264 1354 1301 sensu

148 1325 245 1399 diuiso,
261 1325 301 1382 id.
317 1326 374 1382 illis
389 1327 438 1402 qui
448 1327 510 1402 jam
524 1325 630 1382 mortui
645 1333 720 1397 sunt,
737 1324 787 1382 sed
802 1325 851 1400 qui
867 1325 934 1381 olim
950 1325 1096 1396 vivebant,
1110 1323 1178 1381 dum
1194 1323 1251 1380 illis
1266 1342 1354 1380 evan·

149 1405 305 1480 gelizatum
329 1414 380 1463 est.
425 1406 488 1463 Non
512 1413 654 1481 quartum,
671 1404 739 1480 quia
762 1404 917 1462 descensus
940 1404 995 1461 iste
1017 1403 1117 1461 debuit
1142 1423 1204 1460 esse
1222 1403 1353 1479 poenalis,

148 1504 206 1540 non
228 1485 417 1560 triumphalis,
434 1493 462 1542 et
484 1485 607 1561 pertinet
621 1484 658 1541 ad
673 1492 779 1541 statum
795 1483 1016 1560 Exinanitionis,
1032 1503 1090 1540 non
1106 1482 1309 1540 Exaltationis.

191 1564 281 1621 VIII.
304 1565 404 1622 Talem
419 1577 515 1622 autem
536 1585 599 1623 esse
621 1563 792 1622 descensum
811 1563 917 1621 Christi
933 1563 1014 1620 varia
1028 1562 1141 1620 docent.
1180 1565 1206 1619 l.
1229 1562 1303 1635 Quia
1317 1583 1355 1620 ex

151 1644 228 1718 stylo
246 1643 401 1720 Scriptura
415 1644 572 1702 descensus
586 1643 739 1701 adinferos
761 1643 905 1719 significat
920 1643 1106 1719 gravissimas
1122 1642 1310 1699 adversitates
1326 1650 1355 1699 et

149 1723 265 1781 dolores
287 1725 538 1800 exquisitissimos,
560 1724 634 1782 Gen.
661 1723 774 1780 xxxvii.
798 1725 845 1796 35,
870 1722 939 1780 Job.
963 1723 1023 1778 xiv.
1049 1724 1095 1796 13,
1121 1721 1197 1779 Psal.
1218 1720 1257 1778 vi.
1276 1723 1303 1794 5,
1327 1728 1356 1778 et

151 1803 267 1860 lxxxvi.
281 1806 326 1877 13,
338 1812 367 1862 11
377 1825 467 1862 cxxx.
480 1806 505 1861 1.
518 1809 545 1861 2.
557 1804 634 1860 Loca
646 1823 709 1878 quac
721 1801 757 1860 do
764 1803 904 1859 descensu
916 1801 952 1858 ad
963 1801 1069 1858 inferos
1084 1809 1182 1876 agunt,
1195 1809 1355 1857 extremam

149 1883 294 1940 miseriam
309 1884 372 1960 ejus
386 1892 496 1958 notant,
512 1903 570 1940 non
591 1883 776 1959 triumphum,
792 1882 821 1938 in
836 1899 893 1956 quo
909 1881 969 1938 scil.
985 1900 1043 1938 non
1058 1880 1095 1938 sit
1110 1879 1174 1938 ideo
1189 1880 1353 1956 relinquen-

150 1961 212 2036 dus,
229 1961 307 2020 seda
320 1964 404 2022 Patre
415 1963 590 2037 liberandus,
603 1963 671 2020 Act.
683 1963 713 2019 ii.
736 1964 783 2035 30,
797 1964 845 2018 31.
873 1964 900 2018 3.
914 1961 1078 2018 Descensue
1092 1961 1122 2016 in
1137 1959 1250 2016 infimas
1259 1968 1356 2034 partes

149 2049 232 2098 terrae
247 2044 401 2119 opponitur
415 2043 577 2101 ascensioni
598 2062 684 2118 snpra
705 2060 804 2098 omnes
819 2040 916 2114 coeloe,
932 2060 995 2117 quae
1010 2060 1076 2118 pars
1091 2049 1135 2098 est
1150 2039 1352 2114 Exaltationis,

151 2121 225 2198 Eph.
241 2123 280 2180 iv.
297 2125 324 2180 9.
368 2124 446 2198 Ergo
461 2123 547 2180 debet
562 2142 624 2180 esse
639 2141 705 2197 pars
720 2120 943 2179 Exinanitionis.

433 2203 491 2261 IX.
517 2204 575 2259 Cor
590 2211 673 2259 terrae
693 2221 727 2258 cx
745 2201 822 2276 stylo
838 2200 1026 2258 Hebraeorum
1051 2198 1122 2256 nihil
1144 2197 1223 2256 aliud
1247 2197 1352 2272 innuit,

170 2278 339 2352 Fontessoru-
393 2303 478 2358 quam
494 2282 571 2359 quod
585 2283 660 2339 intra
683 2290 787 2339 terram
802 2289 854 2354 est,
871 2285 901 2339 11
917 2281 992 2338 11111
1008 2280 1124 2356 ponitur
1135 2297 1186 2353 pro
1200 2301 1255 2358 pn,
1272 2277 1352 2353 quod

209 2346 311 2386 ΨΜ·
393 2363 519 2420 modium
534 2371 586 2434 111,
602 2361 728 2419 medium
740 2369 835 2419 autom
848 2381 922 2437 saepe
935 2360 1047 2433 dieitur,
1060 2358 1137 2435 quod
1148 2357 1291 2416 intemum
1304 2367 1356 2429 est,

150 2441 212 2499 sive
238 2441 276 2498 sit
300 2441 330 2498 in
350 2442 521 2517 meditullio,
544 2443 606 2499 sive
627 2461 694 2499 non.
718 2441 803 2498 Ezec.
825 2442 918 2498 xxvii.
944 2443 972 2514 4,
995 2440 1065 2515 Tyri
1087 2438 1200 2496 termini
1222 2438 1358 2496 dicuntur

150 2521 238 2580 fuisse
261 2521 290 2578 in
311 2525 395 2580 corde
418 2522 513 2595 muris,
538 2522 606 2597 qnia
640 2521 713 2578 mari
737 2521 864 2597 undique
886 2520 1055 2590 alluebatur,
1079 2527 1108 2576 et
1131 2519 1217 2576 Dent.
1243 2518 1281 2576 iv.
1311 2520 1356 2592 ll,

151 2602 238 2660 Mons
252 2601 358 2659 dicitur
371 2604 571 2676 111111111111
591 2603 632 2658 ad
651 2622 701 2658 cor
725 2601 792 2672 coeli,
808 2601 838 2658 id
857 2611 909 2674 est,
926 2619 1016 2675 usque
1031 2597 1068 2655 ad
1082 2597 1206 2656 mediam
1221 2598 1295 2656 a'eris
1310 2617 1354 2654 rc-

151 2682 276 2758 gionem.
329 2681 376 2740 lta
397 2701 453 2739 esse
474 2682 501 2738 in
514 2684 597 2738 corde
619 2691 710 2752 terroe,
727 2680 832 2739 hlatth.
845 2680 896 2737 xii.
911 2682 959 2753 40,
982 2679 1055 2735 nihil
1069 2677 1148 2734 aliud
1163 2685 1251 2748 notat,
1268 2695 1356 2753 quam

150 2762 225 2820 intra
238 2770 343 2818 1111111
358 2781 429 2835 1111,
446 2761 507 2818 sive
523 2761 593 2817 illud
617 2760 776 2836 superficiei
798 2761 862 2835 ejus
884 2759 920 2816 sit
940 2758 1067 2834 propius,
1084 2757 1145 2814 sive
1160 2756 1307 2828 remotius,
1323 2764 1353 2812 et

150 2842 204 2900 hac
218 2841 329 2900 ratione
340 2841 469 2899 innuitur
480 2849 571 2898 status
584 2840 717 2916 Corporis
729 2839 836 2896 Christi
847 2840 877 2896 in
890 2837 1056 2914 Sepulchra,
1069 2836 1145 2911 quod
1158 2835 1275 2892 interra
1287 2835 1350 2909 fuit,

153 2921 183 2978 in
197 2941 255 2998 quo
271 2939 363 2997 usque
378 2921 416 2977 ad
429 2920 544 2979 tertium
560 2919 635 2976 diem
651 2919 769 2994 quievit.

192 3001 233 3058 X.
258 2999 351 3074 Quum
369 3001 499 3057 Christus
514 2999 619 3057 dicitur
633 2999 802 3055 descendisse
828 2999 845 3028 “
857 2998 886 3060 ἐις
900 3021 934 3052 τι
950 2995 1077 3074 turinga
1090 2995 1148 3072 μέςη
1162 2999 1203 3057 111
1225 2999 1271 3063 111
1292 3013 1356 3069 par-

151 3089 195 3140 tes
220 3079 333 3138 infimas
358 3081 469 3152 111111,”
487 3080 561 3155 Eph.
584 3079 624 3134 iv.
646 3081 674 3150 9,
700 3096 758 3133 non
783 3083 897 3134 notatur
916 3075 1072 3133 descensus
1086 3074 1195 3148 localis,
1222 3073 1273 3129 sed
1296 3073 1359 3146 ejus

151 3160 310 3219 exinanitio
325 3168 354 3218 et
368 3159 561 3217 manifestatio
575 3159 606 3214 in
621 3176 713 3230 carne,
730 3175 814 3231 quam
830 3155 860 3212 in
874 3165 950 3213 terra
964 3153 1127 3230 assumpsit,
1143 3163 1175 3210 ut
1195 3153 1267 3209 nihil
1280 3152 1358 3208 aliud

151 3242 188 3300 sit
203 3260 289 3316 quarn
304 3239 477 3298 descendere
497 3239 527 3294 in
548 3247 661 3312 terram,
677 3254 742 3312 quse
763 3244 807 3294 est
830 3235 928 3292 infima
942 3232 1043 3292 mundi
1056 3253 1130 3309 pars,
1146 3232 1358 3291 constructione

154 3319 289 3378 Hebraeis
321 3320 391 3377 satis
432 3318 573 3392 familiari,
600 3337 658 3393 qua
685 3317 813 3392 regimen
841 3315 958 3392 ponitur
979 3333 1031 3390 pro
1060 3312 1249 3390 appositione,
1280 3311 1356 3369 Ρ111.

151 3400 272 3458 cxxxix.
288 3400 333 3472 15,
351 3399 415 3456 “In
431 3398 496 3456 imis
510 3398 640 3476 partibus
654 3397 764 3471 terrae,’'
781 3396 819 3454 id.
835 3395 865 3452 in
880 3404 963 3468 terra,
974 3413 1038 3470 quae
1049 3401 1094 3450 cst
1107 3412 1173 3469 pars
1188 3392 1305 3450 inferior
1315 3411 1358 3448 re·

153 3488 254 3556 spectu
265 3479 339 3537 eceli.
376 3479 490 3536 Itanon
504 3487 599 3555 partes
613 3485 697 3535 terrae
709 3477 783 3534 inter
794 3495 832 3550 se,
844 3475 895 3533 sed
909 3483 1005 3551 partes
1019 3473 1119 3530 mundi
1134 3473 1237 3530 coelum
1248 3480 1276 3529 et
1285 3480 1361 3530 terra

151 3560 271 3618 1111111
293 3558 487 3616 conferuntur.
530 3558 591 3615 Nec
605 3557 693 3615 alium
709 3575 824 3615 sensum
835 3573 898 3614 esse
913 3573 996 3630 posse
1011 3552 1101 3610 verba
1114 3559 1212 3611 textus
1226 3552 1359 3626 innuunt,

151 3640 201 3697 ubi
224 3639 368 3717 oppositio
390 3638 427 3696 sit
448 3638 521 3696 inter
536 3656 685 3695 ascensum
701 3645 806 3695 eterra
824 3635 982 3708 instalum,
998 3641 1027 3691 et
1042 3631 1211 3691 descensum
1226 3631 1262 3690 de
1277 3631 1360 3689 coelo.

154 3719 235 3777 Sicut
256 3727 352 3777 111111
367 3737 502 3776 11111111
517 3737 568 3793 pro
590 3717 712 3776 termino
733 3736 750 3772 a
767 3735 824 3792 quo
838 3714 939 3773 habuit
953 3723 1066 3788 terram,
1079 3721 1108 3771 et
1120 3732 1173 3789 pro
1187 3712 1309 3770 termino
1324 3710 1360 3767 ad

153 3818 239 3875 quem
254 3798 369 3872 coelum,
395 3799 435 3856 ita
461 3797 589 3855 vicissim
610 3797 766 3854 descensus
794 3815 846 3871 pro
866 3795 988 3853 termino
1012 3813 1029 3850 a
1056 3812 1114 3870 quo
1129 3793 1217 3850 habet
1245 3791 1358 3864 coelum,

152 3887 182 3936 et
196 3897 247 3954 pro
272 3879 394 3936 termino
409 3877 446 3934 ad
467 3897 552 3954 quem
572 3884 686 3935 1111111.
729 3876 795 3933 Η11
809 3875 884 3932 vidit
898 3875 1060 3947 caietanus,
1077 3871 1126 3948 qui
1140 3891 1191 3947 per
1212 3869 1360 3926 inferiores

152 3967 249 4032 partes
264 3967 347 4016 terrae
355 3956 480 4033 intelligi
490 3957 553 4015 vult
577 3959 594 3988 “
604 3964 709 4013 terram
723 3975 788 4032 quae
802 3955 900 4012 infima
914 3963 958 4012 est
972 3972 1038 4029 pars
1051 3950 1160 4025 mundi,
1177 3947 1359 4039 1111111111-

153 4037 222 4094 tiam
243 4037 408 4096 inferiorum
424 4037 548 4114 partium
563 4036 629 4094 coeli
642 4055 707 4111 quae
726 4041 793 4093 sunt
810 4034 928 4092 111111.
970 4033 1017 4089 Ae
1032 4031 1056 4088 si
1080 4030 1206 4106 apertius
1228 4027 1359 4100 dixisset,

155 4117 229 4192 Quia
243 4117 393 4175 descendit
407 4117 530 4193 primum
544 4116 582 4173 ad
595 4114 757 4172 inferiorem
773 4123 883 4190 partem
897 4111 1009 4170 terrae.''

194 4196 255 4254 XI.
277 4198 372 4270 Quum
388 4197 492 4254 Petrus
506 4195 554 4269 ait,
572 4195 638 4253 Aet.
654 4194 683 4252 ii.
701 4213 738 4251 ex
755 4193 831 4251 Ρ111.
847 4192 917 4267 xvi,
935 4195 952 4224 ‘⁴
963 4190 1100 4248 Animam
1116 4185 1223 4246 Christi
1244 4203 1302 4242 non
1316 4204 1360 4242 re-

151 4267 339 4352 linquendam
361 4275 449 4334 fuisse
470 4275 500 4332 in
520 4275 659 4346 interno,'’
682 4292 740 4330 non
754 4281 849 4349 potest
873 4269 997 4346 intelligi
1011 4269 1168 4325 descensus
1182 4263 1291 4336 localis,
1308 4263 1359 4320 sed

153 4355 281 4414 detentio
295 4357 325 4415 iu
340 4356 500 4433 sepulchre,
516 4355 584 4431 quia
603 4355 657 4412 hoc
679 4353 801 4410 refertur
825 4371 841 4410 a
857 4353 942 4409 Petro
962 4349 999 4406 ad
1013 4346 1258 4416 resurrectionem,
1278 4343 1356 4418 quod

153 4435 318 4512 colligitur:
342 4439 368 4494 1.
385 4437 432 4492 Ex
455 4435 642 4507 connexione,
667 4434 685 4466 “
697 4433 799 4500 Caro‚'’
815 4431 917 4507 inquit,
935 4432 1026 4486 “mea
1039 4423 1289 4497 commorabitur,”
1306 4423 1361 4480 sci-

153 4514 223 4573 lieet
240 4516 271 4573 in
294 4515 455 4592 sepulchro,
481 4517 498 4546 “
511 4515 564 4572 sub
579 4533 638 4590 spe,
654 4513 789 4588 quoniam
814 4531 873 4570 non
897 4507 1106 4585 derelinques.''
1150 4505 1178 4562 2.
1195 4503 1241 4560 Ex
1262 4502 1361 4577 phrasi

154 4595 254 4653 addita
274 4595 311 4652 ad
330 4595 487 4671 exegesim,
504 4595 522 4626 “
534 4593 599 4650 Non
614 4593 691 4650 sines
705 4592 841 4650 Sanctum
856 4591 967 4663 tuum,''
982 4589 1022 4647 id.
1037 4606 1091 4661 me,
1109 4586 1231 4642 ιι1111111
1245 4601 1362 4656 corrup-

155 4675 284 4749 tionem,''
306 4676 415 4733 scilieet
438 4675 467 4731 in
490 4693 616 4750 corpore,
640 4691 727 4747 quam
750 4671 857 4746 alioqui
879 4669 1010 4728 relictum
1025 4669 1054 4726 11
1070 4666 1221 4744 sepulchro
1236 4661 1363 4720 sentiret.
