3146 5210
236 363 295 417 422
640 373 734 415 uocas
748 371 879 413 occisus
893 371 1038 421 Quaeras.
1241 349 1370 434 [aomar.
1383 371 1444 414 nr.

239 527 385 576 artemam.
443 515 513 590 Quae
528 515 673 592 ipsissima
687 523 731 575 est
744 514 899 574 methodus
920 522 1028 572 noema.
1070 513 1098 569 3.
1115 510 1234 571 Nullum
1258 521 1358 589 potest
1382 513 1444 572 soli·

239 598 308 656 dum
331 595 465 654 solatium
488 595 589 653 haberi
609 615 646 653 cx
669 615 699 653 re
721 595 759 652 cd
781 594 904 653 salutem
926 591 1125 666 insufficiente,
1149 611 1215 668 que
1238 612 1294 651 uec
1317 595 1443 669 praeteri-

240 676 321 750 tioni,
337 694 390 733 nec
405 675 582 732 damnationi
595 675 810 733 innumerorum
828 673 991 746 intercedit,
1011 671 1060 730 vel
1074 671 1136 730 sola
1149 671 1328 730 intercedere
1342 682 1443 750 potest,

241 755 335 832 qualis
350 763 395 813 est
408 755 501 831 gratia
514 754 687 812 universalis
701 753 855 830 objectiva,
870 753 934 812 aine
948 750 1120 829 subjective.
1161 749 1239 826 Quid
1248 751 1370 828 juvabit
1382 772 1445 829 pcc·

241 843 367 893 cetorem
382 835 455 893 scire
470 834 616 892 Christum
630 853 682 910 pro
696 833 830 892 omnibus
843 839 988 892 mortuum
1002 849 1075 906 esse,
1087 831 1112 889 si
1123 838 1232 889 certum
1243 839 1290 890 eat
1302 832 1444 890 neminem

241 914 342 973 mortis
355 914 439 973 istius
454 913 622 990 participem
636 933 699 972 esse
714 932 799 990 posse
813 912 875 971 sine
886 911 962 970 fide?
990 911 1099 969 Annon
1111 909 1233 969 haerebit
1247 929 1365 988 semper
1377 931 1445 970 aux·

241 994 295 1069 ius,
326 994 375 1051 An
397 993 435 1052 sit
448 1013 486 1050 ex
500 992 615 1050 illorum
636 1011 765 1065 numero,
787 992 893 1068 quibus
915 991 996 1050 Deus
1009 991 1073 1050 vult
1093 989 1162 1048 dare
1183 988 1280 1065 fidem,
1302 1009 1371 1049 oum
1390 1011 1446 1050 uon

241 1073 326 1132 detur
348 1073 506 1131 omnibus?
548 1073 656 1130 Annon
675 1071 803 1148 scrupuli
823 1091 931 1147 omnes,
947 1071 998 1148 qui
1014 1069 1121 1148 opponi
1140 1077 1264 1146 possunt
1280 1070 1446 1146 particulari

241 1152 446 1210 misericordiae
471 1159 500 1210 et
524 1151 722 1228 redemptioni,
747 1151 855 1228 pariter
877 1151 975 1227 urgeri
998 1157 1129 1228 possum,
1151 1157 1251 1206 contm
1274 1150 1447 1226 particulare
1546 1187 1547 1192 κ

242 1232 388 1291 decretum
403 1231 440 1288 de
454 1230 550 1288 danda
563 1231 644 1289 fide?
686 1231 716 1289 Si
732 1249 802 1308 crgo
816 1230 992 1289 conscientie
1005 1229 1097 1288 solide
1111 1227 1185 1304 erigi
1198 1247 1255 1286 nou
1270 1231 1373 1306 possit,
1393 1231 1448 1288 nisi

242 1312 337 1389 posita
351 1311 507 1369 universali
521 1311 717 1369 misericordie
732 1311 836 1384 Petris,
851 1319 882 1370 et
893 1309 1051 1368 universali
1064 1308 1261 1385 redemptione
1275 1309 1356 1384 Filii,
1376 1329 1447 1368 uun·

243 1411 329 1468 quem
345 1391 430 1449 etiam
446 1389 537 1448 solide
551 1390 625 1468 erigi
638 1390 753 1468 poterit,
774 1389 829 1446 nisi
850 1389 946 1466 posita
964 1388 1122 1448 universali
1134 1387 1297 1463 vocatione,
1311 1397 1341 1446 et
1354 1389 1448 1466 gratie

245 1471 379 1548 Spiritus.
424 1470 455 1529 Si
470 1470 621 1547 scrupulus
636 1470 702 1528 inde
717 1468 785 1526 oriri
799 1477 903 1546 potest,
932 1467 1004 1544 Quia
1025 1468 1088 1543 scit,
1118 1467 1168 1524 Au
1183 1466 1315 1526 Christus
1335 1489 1389 1545 pro
1401 1489 1448 1526 me

243 1559 373 1611 mortuus
389 1550 434 1626 sit,
457 1551 597 1628 quianon
612 1558 656 1608 est
670 1569 722 1626 pro
736 1548 870 1607 omnibus
890 1551 1043 1608 mortuus?
1057 1571 1058 1576 ¹
1083 1547 1191 1605 Annon
1206 1546 1317 1606 atinde
1331 1548 1447 1624 orietur,

244 1631 315 1705 Quia
330 1630 393 1704 soit,
413 1651 450 1689 en
466 1631 546 1689 Deus
560 1630 632 1688 velit
645 1629 716 1686 mihi
730 1628 799 1687 dare
812 1627 909 1704 fidem,
923 1636 953 1687 et
966 1649 1003 1686 an
1017 1628 1072 1686 sim
1086 1647 1124 1686 ex
1137 1626 1294 1686 electorum
1308 1627 1357 1685 vel
1376 1647 1447 1705 prea-

242 1711 392 1770 tcritomm
417 1712 560 1768 numero?
600 1710 797 1786 Praeterquam
809 1727 880 1767 vero
894 1707 972 1784 quod
986 1707 1059 1766 tales
1078 1706 1205 1783 scrupuli
1224 1715 1291 1764 sunt
1312 1706 1448 1780 affectati,

244 1791 350 1866 quibus
371 1789 480 1848 homini
494 1809 552 1848 non
567 1789 778 1866 indulgendum
799 1796 852 1863 est,
875 1807 940 1847 curn
961 1787 1070 1846 nullius
1089 1785 1254 1844 mortalium
1274 1786 1321 1860 sit,
1342 1806 1448 1846 arcana

244 1870 393 1928 electionis
414 1877 443 1928 et
464 1869 673 1946 reprobationis
694 1867 816 1926 scrutari
829 1887 847 1926 a
859 1867 965 1944 priori;
993 1865 1119 1925 hominis
1139 1875 1184 1924 eet
1197 1885 1215 1924 a
1228 1867 1381 1942 posteriori
1401 1867 1449 1926 hic

244 1969 330 2025 agere
349 1959 378 2007 et
399 1949 524 2025 seipsum
546 1949 706 2026 explorare,
728 1967 766 2004 an
786 1947 956 2024 paenitentia
976 1963 1092 2006 suorum
1113 1952 1295 2022 peccatorum
1316 1945 1449 2019 ducatur,

244 2030 291 2086 vel
307 2049 373 2087 non.
406 2028 437 2086 Si
452 2047 486 2086 ea
499 2047 566 2085 vere
581 2028 712 2102 ducatur,
734 2035 842 2085 certum
857 2026 944 2084 debet
957 2027 1064 2085 habere
1082 2023 1217 2084 fiduciam
1232 2025 1269 2083 de
1283 2025 1378 2102 gratie
1392 2027 1449 2084 Dei

244 2117 273 2165 et
287 2109 427 2166 electione
442 2127 502 2165 sua.
541 2107 571 2164 si
585 2107 713 2166 nondum
729 2126 764 2164 ce
777 2105 908 2181 ducetur,
924 2105 1011 2165 debet
1023 2105 1066 2164 uti
1080 2104 1210 2163 mediise
1222 2105 1285 2163 Deo
1298 2106 1449 2182 praescrip-

245 2187 291 2260 tis,
313 2187 421 2262 audire,
444 2187 549 2262 legere,
567 2187 702 2245 meditari
715 2185 854 2261 Verbum,
875 2205 976 2263 preces
989 2184 1123 2244 ardentes
1137 2183 1174 2242 ad
1190 2185 1284 2242 Deum
1298 2185 1451 2262 concipere

244 2285 296 2341 pro
312 2265 490 2340 impetrando
505 2265 582 2322 dono
595 2265 773 2342 poenitentia
786 2272 816 2324 et
828 2265 905 2325 fidei.
935 2265 997 2323 Nec
1009 2263 1064 2322 ulli
1078 2263 1205 2342 scrupuli
1218 2263 1248 2321 iu
1262 2265 1317 2322 hoc
1331 2267 1452 2341 negotio

243 2344 365 2401 ulterius
382 2345 491 2402 moveri
513 2355 642 2420 possunt,
664 2363 785 2420 quorum
801 2344 907 2403 solutio
921 2345 1002 2403 Viris
1017 2344 1119 2402 Doctis
1132 2363 1191 2402 non
1205 2363 1287 2420 aeque
1300 2343 1451 2404 incumbet

245 2441 278 2479 ac
293 2422 385 2496 nobis,
401 2423 457 2479 nisi
472 2441 538 2480 curn
553 2422 732 2481 Arminianis
746 2423 869 2499 gretiam
884 2423 1070 2482 sufficientem
1093 2423 1282 2500 subjectivum
1299 2423 1450 2482 universe·

245 2501 303 2558 lem
318 2520 475 2578 agnoscere
489 2501 589 2576 velint,
605 2521 622 2559 a
637 2521 695 2578 quo
711 2503 853 2578 Dogmata
868 2511 901 2562 ut
915 2503 999 2580 plane
1021 2502 1177 2578 Pelagiauo
1199 2510 1365 2561 constanter
1383 2503 1452 2562 hec·

245 2589 330 2640 tenus
344 2601 395 2658 per
411 2581 465 2639 Dei
480 2581 603 2658 gratiam
619 2582 728 2640 alienos
743 2600 775 2639 se
788 2581 910 2658 professi
931 2591 1007 2642 sunt.
1050 2581 1282 2640 Fundamentum
1296 2602 1367 2659 ergo
1382 2603 1452 2642 con·

245 2661 394 2720 solutionis
409 2662 533 2720 solidum
547 2661 607 2738 peti
620 2669 724 2739 potest,
746 2681 805 2718 non
818 2681 856 2720 ex
870 2662 1086 2721 universalitate
1100 2662 1201 2720 mortis
1215 2661 1330 2736 Christi,
1347 2662 1400 2722 sed
1414 2682 1453 2722 ex

244 2742 461 2801 universalitate
475 2742 697 2819 promissionum
712 2750 845 2819 respectu
858 2741 1036 2801 credentium
1050 2751 1080 2800 ct
1093 2741 1304 2818 poeniteutium.

288 2823 357 2880 LII.
394 2822 476 2881 Licet
488 2821 603 2899 reprobi
617 2822 740 2900 quinon
754 2820 876 2880 credunt
895 2822 1056 2898 Evangelio
1070 2821 1173 2880 merito
1186 2829 1303 2898 propter
1316 2820 1453 2880 iucredu-

245 2901 357 2961 litatem
378 2902 567 2978 damnentur;
590 2901 656 2961 Non
678 2902 809 2978 seqnitur
825 2902 924 2978 jussos
944 2899 1034 2962 fuisso
1055 2901 1170 2960 credere
1192 2901 1337 2960 Christum
1352 2920 1406 2977 pro
1420 2921 1454 2960 ee

246 3000 309 3040 esse
324 2991 488 3058 mortuum;
511 2983 579 3059 quia
593 2981 699 3041 dantur
711 2981 786 3040 rarii
800 2980 1010 3040 incredulitatis
1024 2989 1106 3040 actus
1119 2989 1224 3058 preter
1244 2980 1331 3039 iatum
1345 3002 1353 3055 ;
1375 2999 1406 3040 v.
1421 2999 1453 3058 g.

247 3061 303 3136 Qui
318 3081 375 3120 non
391 3063 482 3121 credit
496 3063 601 3122 Jesum
622 3081 685 3120 csse
708 3061 815 3119 Filium
838 3060 893 3118 Dei
907 3060 1051 3134 Viventis,
1067 3069 1096 3118 et
1111 3059 1250 3119 Messium
1263 3079 1281 3118 e
1296 3061 1361 3119 Deo
1381 3061 1454 3120 mia·

245 3159 318 3217 sum,
334 3141 385 3199 sed
401 3140 705 3219 Pseudo-Prophetiam
720 3149 749 3200 et
764 3142 963 3217 Impostorem,
978 3139 1131 3199 Velfidem
1141 3141 1172 3198 in
1185 3139 1280 3218 ipsum
1294 3157 1358 3199 esse
1381 3159 1452 3200 cou-

246 3219 385 3278 ditionem
407 3221 599 3280 necessariam
623 3221 661 3279 ad
685 3221 816 3294 salutem,
841 3220 944 3278 merito
967 3219 1177 3278 incredulitatis
1200 3239 1267 3279 reue
1291 3221 1452 3297 peragitur,

247 3298 315 3357 licet
339 3319 397 3358 non
422 3300 594 3376 cogitaverit
607 3300 643 3358 de
658 3300 773 3358 Christo
786 3319 839 3376 pro
853 3319 884 3357 se
897 3307 1019 3358 mortuo.
1070 3299 1144 3358 Nam
1165 3305 1194 3358 rt
1218 3299 1333 3358 credere
1355 3300 1387 3357 in
1410 3319 1452 3375 ae,

247 3376 325 3452 quod
341 3378 472 3436 Christus
486 3379 571 3437 toties
585 3379 685 3454 exigit,
699 3387 728 3436 ct
738 3379 776 3435 ob
786 3379 865 3454 quod
876 3397 934 3436 non
947 3379 1106 3456 praestitum
1120 3379 1306 3456 reprehendit
1317 3378 1452 3454 ludaeos,
1551 3405 1552 3410 ¹

246 3455 329 3532 plura
343 3457 560 3532 complectitur;
584 3458 645 3515 Nec
660 3458 756 3515 statim
771 3457 945 3516 credendum
960 3467 1021 3517 emt
1035 3459 1157 3536 singulis
1172 3479 1209 3518 ex
1224 3458 1338 3520 Judeeis
1352 3459 1452 3518 Chris·

247 3542 309 3593 tum
324 3553 386 3592 esse
402 3553 484 3593 suum
501 3535 691 3594 Mediatorem
706 3543 735 3594 et
750 3535 989 3615 Redemptorcm3
1016 3539 1080 3597 Imo
1094 3539 1149 3597 hoc
1164 3539 1242 3598 credi
1255 3557 1314 3597 non
1326 3547 1451 3615 poteret,

247 3612 304 3671 nisi
325 3614 427 3690 positis
441 3615 506 3672 eliis
521 3615 621 3674 multis
635 3615 664 3672 in
679 3623 870 3678 antecessum.
911 3618 1034 3677 Credere
1055 3619 1132 3677 enim
1152 3618 1305 3692 debebant,
1327 3619 1451 3678 salutem

247 3711 306 3751 non
327 3711 390 3756 esee
412 3693 442 3750 in
463 3694 551 3770 Lege,
573 3694 622 3751 vel
636 3694 666 3752 in
681 3695 865 3756 Caeremoniis
886 3705 915 3756 et
935 3697 1070 3775 operibus
1092 3697 1245 3774 legalibus.
1288 3699 1362 3756 Eam
1385 3717 1452 3758 esse

247 3773 431 3850 quaerendam
447 3773 476 3832 in
491 3793 548 3833 uno
564 3773 673 3832 Massia
686 3795 737 3851 per
751 3775 913 3854 Prophetas
926 3777 1076 3855 promisso.
1124 3778 1218 3836 Istum
1233 3777 1372 3836 Moesiam
1385 3797 1451 3836 esse

247 3854 270 3914 J
271 3873 351 3913 esum
367 3854 556 3930 Nazarenum,
579 3875 678 3912 omnes
692 3855 722 3912 in
737 3875 802 3914 eum
817 3856 967 3916 credentes
981 3856 1145 3916 salvandos.
1184 3857 1292 3916 Omnes
1305 3857 1355 3916 isti
1368 3865 1451 3916 actus

247 3933 314 3992 fidei
337 3935 529 4012 generaliores
550 3935 712 3994 necessario
733 3945 815 3995 erant
835 3937 1036 4014 praemittendi,
1059 3945 1212 4015 antequem
1234 3937 1387 4014 quisquam
1402 3937 1450 3996 vel

245 4024 346 4092 posset
360 4014 408 4073 vel
421 4015 539 4074 deberet
552 4015 668 4074 credere
683 4015 828 4074 Christum
842 4035 894 4094 pro
909 4035 939 4075 se
954 4035 1017 4076 esse
1031 4025 1184 4077 mortuum.
1221 4017 1283 4076 Nec
1296 4015 1450 4076 dicendum

249 4113 348 4154 omnes
372 4103 453 4154 ectus
479 4095 682 4174 comprehendi
706 4096 842 4154 mandato
866 4096 1001 4156 credendi
1024 4096 1054 4154 in
1077 4097 1232 4172 Christum,
1256 4105 1287 4156 et
1307 4097 1450 4174 praecipue

248 4182 344 4232 actum
369 4175 575 4253 applicativum
589 4183 619 4234 et
632 4175 796 4254 specialem.
838 4175 921 4250 Quia,
935 4183 968 4235 ut
982 4177 1045 4255 jam
1058 4176 1176 4254 dictum,
1198 4178 1268 4236 licet
1288 4195 1388 4235 omnes
1408 4175 1451 4234 illi

248 4261 330 4312 actua
354 4253 577 4330 includerentur,
600 4264 678 4315 certo
691 4263 788 4314 tamen
802 4255 902 4314 ordine
923 4255 1170 4333 praecipiebantur,
1191 4256 1302 4333 priores
1323 4256 1381 4331 alii,
1401 4254 1450 4314 alii

247 4333 429 4410 posteriores,
451 4354 505 4393 nec
522 4335 694 4412 posteriores
709 4335 770 4393 sine
804 4335 935 4411 rioribus,
951 4335 1003 4394 sed
1017 4344 1083 4413 post
1096 4355 1147 4394 eos
1160 4336 1276 4396 demum
1296 4335 1450 4413 prestitos,

248 4413 354 4490 quibus
367 4413 577 4489 deficientibus,
598 4433 656 4473 non
670 4413 764 4491 potuit
815 4414 840 4471 ri
853 4413 934 4472 locus
949 4415 1145 4492 sequentibus.

290 4492 377 4551 LIII.
401 4493 542 4567 Quamvis
558 4493 638 4551 Deus
651 4513 703 4572 per
715 4492 890 4570 praeconium
906 4493 1069 4570 Evangelii,
1086 4495 1232 4554 Christum
1247 4495 1367 4554 Vocatis
1381 4493 1450 4554 offe·

246 4579 292 4631 rat
306 4591 371 4630 cum
386 4573 446 4631 suis
459 4572 625 4648 beneficiis3
656 4573 721 4631 Non
735 4572 865 4648 sequitur
878 4571 983 4632 debere
996 4593 1050 4651 pro
1065 4574 1137 4653 ipsis
1158 4594 1221 4635 esse
1241 4583 1396 4648 mortuum,
1418 4583 1452 4632 ut

245 4648 354 4709 oblatio
367 4652 474 4710 nonsit
488 4651 625 4710 illusoria.
661 4651 734 4724 Quia
747 4670 806 4709 non
820 4649 938 4710 offertur
952 4653 1121 4715 absoluteet
1132 4655 1310 4732 simpliciter,
1322 4653 1450 4713 sedeam
