3192 5206
577 243 581 256 ⁴
649 261 739 303 accus
755 261 883 303 oscruus
898 261 1043 310 suenrus.
1296 241 1428 324 [eumer.
1446 263 1478 300 x.

640 527 641 530 η
730 480 923 555 QUAESTIO
945 480 987 538 X.

594 659 633 698 DE
654 657 852 698 NECESSITATE
875 657 1120 698 snrrsrscrlorus.

252 805 300 863 Aa
313 821 419 860 necesse
434 799 529 872 ficerit
544 799 685 858 Christum
709 819 766 936 prce
780 799 1033 936 apppsssatissacere
1046 798 1169 856 Justitia
1182 798 1298 856 Divina
1311 802 1328 857 P
1349 799 1468 858 Affinn.

760 896 797 936 on
882 897 955 935 oem.
1026 905 1028 910 ·

294 1041 318 1100 Ι.
341 1039 383 1099 Ut
410 1034 606 1096 Sacerdotium
623 1035 728 1095 Christi
739 1037 826 1113 juxta
835 1036 1056 1113 descriptionem
1073 1034 1209 1112 Apostoli
1223 1042 1253 1093 et
1268 1013 1400 1097 Leiritici
1415 1039 1466 1095 ad-

249 1120 459 1181 umbrationem
473 1115 585 1173 duabus
595 1116 738 1192 praecipue
749 1117 879 1192 partibus
893 1114 1061 1188 absolvitur,
1077 1116 1181 1190 iseum?
1194 1133 1245 1172 seu
1259 1115 1465 1190 Satr'sfactione

250 1202 318 1260 data
329 1219 380 1276 pro
394 1196 478 1255 nobis
492 1196 522 1252 in
533 1215 626 1264 cruce,
642 1203 671 1254 et
685 1197 840 1271 ᾃιφινιφᾷ,
857 1215 908 1253 seu
924 1195 1133 1270 Compar-itione
1147 1203 1174 1251 et
1185 1196 1392 1254 Intercessione
1411 1217 1465 1272 pro

249 1280 333 1339 nobis
348 1279 377 1336 in
392 1276 474 1349 caelo,
492 1277 507 1332 l
523 1275 593 1333 Jch.
608 1275 637 1332 ii.
654 1279 681 1348 2,
699 1275 775 1333 Heb.
790 1276 831 1333 ix.
849 1277 894 1348 12,
912 1274 1052 1331 Doctrina
1072 1274 1108 1332 de
1122 1274 1319 1350 Salassactioae
1341 1275 1462 1348 Otretr',

250 1368 282 1420 ut
293 1357 427 1436 primaria
441 1363 469 1413 et
483 1353 633 1429 potissima
646 1373 713 1431 pars
724 1354 822 1428 magni
833 1354 963 1430 mysterii
976 1353 1096 1411 Pietatis
1110 1361 1139 1412 et
1152 1353 1329 1429 precipuum
1345 1355 1419 1412 fidei
1435 1367 1464 1414 et

250 1440 312 1516 spei
325 1437 416 1495 nostri
430 1434 656 1506 fundamentum,
679 1441 745 1492 ante
759 1433 855 1492 omnia
877 1432 995 1507 adstrui,
1011 1442 1040 1490 et
1059 1432 1198 1490 adversus
1219 1433 1312 1508 ignita
1339 1435 1462 1494 Satanae

249 1519 314 1592 tela,
330 1517 435 1593 quibus
449 1513 486 1572 ab
507 1513 664 1571 innumeris
686 1513 859 1571 adversariis
880 1511 980 1589 impeti
994 1512 1076 1586 solet,
1092 1511 1233 1570 vindicari
1247 1521 1277 1570 et
1291 1513 1463 1572 confirmari

250 1599 345 1658 debet.

290 1678 332 1734 ll.
355 1671 499 1750 Quicquid
524 1671 560 1730 de
582 1691 616 1729 ee
637 1671 667 1729 in
687 1671 912 1730 controversiam
927 1669 1015 1744 venit,
1037 1669 1075 1727 ad
1096 1670 1222 1746 quinque
1244 1671 1340 1747 capita
1354 1671 1461 1731 referri

248 1765 360 1834 potest:
378 1757 403 1812 l.
419 1753 469 1812 Ad
495 1751 694 1809 Necessitatem
708 1755 786 1826 qam·
814 1756 842 1810 2.
858 1750 909 1807 Ad
928 1750 1099 1821 Veritatem
1127 1752 1155 1807 3.
1178 1748 1229 1807 Ad
1257 1751 1400 1808 Uaitatem
1429 1761 1461 1811 et
1546 1792 1547 1797 κ

248 1835 472 1911 Perfectiaaem;
496 1833 525 1888 4.
548 1829 598 1888 Ad
612 1833 731 1888 Modum
752 1840 779 1889 et
791 1832 894 1888 Partes
902 1854 913 1901 ,·
935 1831 962 1886 5.
982 1828 1029 1886 Ad
1040 1830 1188 1904 Oh'ectam.
1218 1828 1263 1886 De
1272 1830 1380 1904 quibus
1395 1831 1458 1890 dis·

248 1915 337 1974 tincte
349 1913 470 1972 totidem
480 1909 688 1986 quaestionibus
707 1910 862 1968 dicendum
877 1909 939 1966 erit.

247 2033 303 2084 Quo
314 2046 388 2076 sensu
409 2031 485 2076 sais·
547 1988 607 2047 ΙΙΙ.
629 1990 790 2062 satisfactio
812 1988 847 2046 de
868 2008 926 2064 qua
940 1987 986 2045 hic
1009 1987 1155 2063 quaeritur,
1174 2005 1233 2045 non
1247 1988 1373 2048 sumitur
1397 1992 1458 2048 late

278 2091 352 2134 roceio
372 2095 485 2134 sumatur
505 2087 557 2144 pro
572 2068 695 2143 simplici
710 2077 738 2126 et
759 2069 951 2143 qualicunque
966 2069 1077 2141 ‹affeasca
1090 2067 1280 2142 reparatione,
1292 2087 1384 2143 quum
1399 2070 1455 2126 ali·

275 2149 322 2192 hre.
507 2147 572 2222 quis
586 2168 617 2206 se
627 2157 733 2223 purgat
747 2158 776 2205 et
790 2155 910 2206 excusat
924 2146 1001 2222 apud
1015 2166 1089 2221 enm,
1105 2146 1155 2222 qui
1168 2145 1307 2204 offensam
1322 2147 1454 2224 aliquam

246 2243 349 2302 passus
363 2232 416 2282 est.
440 2224 498 2282 Sed
530 2226 623 2283 stricte
646 2246 697 2302 pro
715 2227 849 2284 solatione
870 2227 959 2300 debiti,
976 2246 1033 2303 qua
1060 2225 1183 2283 solvitur
1196 2225 1274 2302 quod
1297 2225 1374 2286 alius
1400 2228 1452 2286 de·

245 2303 303 2383 bet,
329 2311 359 2360 et
380 2322 438 2378 qus
458 2303 561 2362 satisfit
583 2303 732 2376 Creditori,
759 2305 805 2362 vel
821 2305 930 2378 Judici,
956 2305 1084 2364 debitum
1100 2305 1147 2362 vel
1161 2323 1276 2381 posnam
1295 2307 1451 2382 repetenti.

270 2421 358 2466 status
375 2419 462 2469 Ques·
546 2382 601 2440 IV.
624 2383 669 2440 De
697 2385 866 2441 Necessitate
893 2385 1097 2459 Satissactionir
1123 2392 1277 2442 tres·sunt
1303 2386 1451 2462 precipuae

317 2480 402 2530 tronis,
511 2460 724 2537 Theologorum
740 2463 898 2520 sententiae.
911 2461 1008 2520 Prima
1018 2464 1177 2539 aepaatiam
1189 2463 1366 2541 simpliciter,
1376 2485 1451 2542 qus-

264 2538 300 2583 D⁰
310 2539 365 2608 ⁰1⁰⁸
380 2537 469 2582 Neces-
508 2540 551 2599 les
566 2549 633 2599 sunt
649 2541 803 2616 Sociniani,
819 2541 868 2618 qui
882 2562 939 2600 non
954 2543 1040 2601 modo
1052 2542 1197 2600 Christum
1212 2542 1386 2602 satisfecisse
1395 2565 1450 2621 pro

317 2601 398 2640 'm'
504 2620 589 2679 nobis
602 2629 718 2696 negant,
742 2620 793 2678 sed
803 2630 832 2679 et
846 2641 904 2678 non
918 2642 990 2697 opus
1004 2642 1039 2680 ea
1053 2621 1141 2681 fuisse
1155 2622 1340 2698 contendunt,
1357 2623 1449 2700 siqui-

244 2702 310 2761 dem
333 2701 413 2761 Deus
441 2701 531 2776 gratis
556 2710 585 2760 et
606 2700 698 2778 possit
716 2708 745 2758 et
759 2699 830 2759 velit
852 2709 970 2776 peccata
992 2701 1136 2760 remittere
1152 2701 1213 2760 sine
1240 2701 1447 2762 satisfactione.

246 2783 342 2842 Sooin.
364 2782 400 2840 de
417 2780 515 2839 Serra.
530 2781 580 2838 lib.
596 2784 621 2853 1,
638 2799 699 2856 cap.
717 2783 743 2838 1.
767 2780 900 2838 Secunda
914 2781 1136 2856 distiapaeatiam
1150 2780 1352 2839 necessitatem
1365 2783 1447 2842 adso-

243 2865 331 2920 latam
342 2871 368 2920 et
375 2862 584 2936 hypotheticam,
597 2868 626 2918 et
636 2859 732 2937 quoad
743 2860 826 2919 istam
838 2859 963 2937 quidem,
975 2859 1163 2918 asserentium
1173 2869 1338 2919 constanter
1346 2871 1448 2921 contra

246 2941 414 3000 Socinianos
439 2939 642 3000 satisfactionis
666 2940 875 3012 necessitatem,
902 2939 970 3016 quia
995 2940 1075 2997 Deus
1099 2940 1154 2996 boc
1178 2939 1217 2998 ita
1231 2939 1368 3015 decrevit,
1398 2943 1446 3000 cui

244 3021 354 3080 addunt
368 3029 397 3079 et
415 3021 602 3078 necessitatem
624 3021 816 3096 coapruentioe,
832 3019 901 3095 quia
914 3019 1039 3076 maxime
1054 3038 1213 3094 congruum
1229 3028 1290 3077 erat
1311 3020 1447 3080 satisfieri

239 3101 361 3178 justitiae
375 3099 490 3174 divinae,
499 3119 534 3158 ne
544 3099 769 3176 impuneviolari
779 3098 1010 3174 dicerenturejus
1021 3106 1178 3174 praecepta;
1196 3098 1355 3174 Sedquoad
1365 3099 1446 3158 illam

244 3179 411 3254 negantium
426 3179 466 3237 ita
480 3179 670 3237 necessariam
682 3178 769 3236 fuisse
784 3178 923 3250 absolute,
939 3177 1015 3252 quia,
1032 3178 1057 3234 si
1068 3177 1131 3234 Deo
1145 3177 1285 3251 libuisset,
1302 3179 1351 3236 ahi
1365 3179 1446 3238 modi

243 3257 421 3314 liberationis
442 3258 596 3333 possibiles
615 3277 673 3313 non
688 3256 730 3313 illi
753 3256 931 3314 defuissent:
953 3275 1010 3332 qua
1026 3257 1057 3313 in
1071 3257 1213 3314 sententia
1227 3257 1342 3315 videtur
1355 3257 1444 3317 fuisse

242 3334 370 3410 August.
385 3335 435 3393 lib.
454 3339 498 3410 13,
525 3337 560 3393 de
575 3335 654 3392 Trin.
670 3355 732 3411 cap.
750 3337 795 3408 10,
832 3335 871 3392 Et
894 3336 1026 3393 nonnulli
1040 3355 1077 3394 ex
1101 3336 1216 3410 nostris,
1239 3337 1365 3394 maxime
1392 3339 1444 3414 qui

243 3421 309 3470 ante
333 3413 469 3471 Socinum
494 3415 677 3490 scripserunt.
709 3414 807 3471 Tertia
830 3415 1031 3484 affirmantium
1055 3415 1104 3491 qui
1132 3415 1334 3475 necessitatem
1358 3417 1442 3476 abso-

241 3491 332 3548 lutam
346 3491 387 3548 ita
401 3500 538 3567 statuunt,
562 3501 595 3550 ut
617 3492 698 3550 Deus
722 3511 779 3550 non
796 3492 882 3550 modo
906 3494 1031 3553 noluerit
1054 3503 1172 3570 peccata
1192 3496 1276 3554 nobis
1297 3496 1444 3556 remittere

188 3569 521 3646 smnesatmiactione,
537 3572 588 3630 sed
601 3590 638 3630 ne
662 3571 787 3648 potuerit
801 3572 918 3648 quidem
940 3593 992 3649 per
1010 3573 1163 3650 justitiam.
1186 3574 1257 3648 Qua
1281 3577 1442 3635 communis

241 3661 286 3711 est
300 3651 534 3710 Orthodoxorum
548 3651 697 3726 sententia,
714 3671 799 3726 quam
814 3652 968 3728 sequimur.

281 3732 319 3789 V.
343 3731 417 3805 Quia
432 3750 499 3789 vero
510 3729 695 3789 multifariam
717 3730 764 3788 hic
778 3740 913 3807 peccatur
926 3733 963 3790 ab
977 3731 1159 3808 adversariis,
1175 3753 1212 3791 ex
1227 3753 1363 3810 perversa
1377 3753 1441 3793 sen·

240 3811 338 3871 tentiae
361 3820 468 3869 nostra
490 3810 700 3886 explicatione;
724 3811 862 3884 Quaedam
889 3812 1087 3888 praestruenda
1114 3821 1181 3870 sunt
1208 3813 1238 3870 in
1260 3821 1440 3872 antecessum

241 3891 435 3965 fundamenta,
448 3890 601 3966 exquibus
615 3897 676 3948 tota
690 3889 725 3948 de
753 3890 954 3949 Satisfactione
969 3891 1076 3950 Christi
1098 3891 1229 3950 doctrina
1250 3891 1364 3951 facilius
1377 3913 1440 3970 per-

239 3972 296 4048 cipi
310 3971 422 4048 peterit,
438 3979 467 4028 et
480 3971 532 4027 lux
553 3989 667 4046 magna,
682 3977 744 4029 tum
759 3971 825 4029 huic
839 3971 1000 4048 quaestioni,
1016 3979 1077 4028 tum
1092 3971 1278 4046 sequentibus
1292 3971 1437 4030 inferetur.

240 4052 302 4109 Ista
316 4071 384 4109 vero
405 4050 570 4128 respiciunt,
586 4048 634 4108 vel
653 4059 808 4125 peccatum,
831 4071 882 4127 pro
911 4070 967 4126 quc
991 4049 1148 4108 satisfactio
1169 4051 1375 4127 requirebatur,
1391 4053 1437 4108 vel

239 4131 461 4204 Satiesactioacm
475 4129 576 4206 ipsam,
591 4149 656 4208 quae
670 4128 766 4188 danda
786 4129 848 4202 fuit,
865 4129 911 4186 vel
927 4132 1021 4187 Deam
1035 4128 1081 4186 cui
1103 4129 1260 4188 satisfactio
1274 4130 1437 4207 praestanda

238 4210 301 4284 fuit,
317 4211 363 4268 vel
389 4210 537 4283 Christum,
554 4209 604 4284 qui
618 4207 782 4267 satisfacere
796 4207 905 4266 debuit.

277 4290 330 4347 VI.
356 4289 452 4347 Primo
467 4290 623 4362 Peccatum,
639 4287 718 4364 quod
738 4295 848 4345 reatum
862 4293 928 4363 post
942 4306 973 4344 se
987 4285 1082 4361 trahit,
1098 4306 1156 4362 quo
1171 4287 1254 4345 exosi
1265 4287 1328 4346 Dec
1342 4287 1434 4346 reddi-

235 4388 307 4442 mur,
323 4377 352 4426 et
368 4389 460 4444 poenae
481 4367 626 4426 debitores
650 4365 858 4439 constituimur,
885 4365 940 4424 sub
954 4366 1060 4442 triphci
1081 4365 1162 4442 exim
1182 4374 1278 4443 potest
1303 4367 1433 4444 spectari,

235 4450 285 4508 vel
312 4448 396 4506 debiti
422 4466 478 4524 quo
501 4445 708 4523 obstringimur
730 4443 852 4522 justitia
877 4443 984 4504 divinae
1016 4445 1054 4504 ad
1078 4447 1142 4522 ejus
1174 4445 1433 4522 solutionemque

234 4546 320 4590 sensu
340 4527 402 4584 Lex
418 4525 522 4584 dicitur
536 4525 766 4602 chirographum,
783 4524 844 4583 Col.
860 4525 889 4582 ii.
904 4528 952 4600 at,
968 4525 1015 4584 vel
1030 4525 1186 4600 inimicitia,
1201 4544 1361 4602 perquam,
1377 4545 1432 4583 non
