<?xml version="1.0" encoding="UTF-8"?>
<!DOCTYPE html PUBLIC "-//W3C//DTD XHTML 1.0 Transitional//EN"
    "http://www.w3.org/TR/xhtml1/DTD/xhtml1-transitional.dtd">
<html xmlns="http://www.w3.org/1999/xhtml" xml:lang="en" lang="en">
 <head>
  <title>
</title>
<meta http-equiv="Content-Type" content="text/html;charset=utf-8" />
  <meta name='ocr-system' content='tesseract 3.04.00' />
  <meta name='ocr-capabilities' content='ocr_page ocr_carea ocr_par ocr_line ocrx_word'/>
</head>
<body>
  <div class='ocr_page' id='page_1' title='image "./francisciturret00pictgoog_0212.png"; bbox 0 0 3150 5206; ppageno 0'>
   <div class='ocr_carea' id='block_1_1' title="bbox 153 366 1352 448">
    <p class='ocr_par' dir='ltr' id='par_1_1' title="bbox 153 366 1352 448">
     <span class='ocr_line' id='line_1_1' title="bbox 153 366 1352 448; baseline 0.005 -21"><span class='ocrx_word' id='word_1_1' title='bbox 153 385 267 436; x_wconf 77' lang='grc'><strong>111111.</strong></span> <span class='ocrx_word' id='word_1_2' title='bbox 284 366 330 448; x_wconf 91' lang='lat' dir='ltr'>v.]</span> <span class='ocrx_word' id='word_1_3' title='bbox 577 389 615 428; x_wconf 87' lang='grc'>11</span> <span class='ocrx_word' id='word_1_4' title='bbox 630 389 754 428; x_wconf 71' lang='lat' dir='ltr'>reseas</span> <span class='ocrx_word' id='word_1_5' title='bbox 769 389 900 430; x_wconf 76' lang='grc'><strong>111111.</strong></span> <span class='ocrx_word' id='word_1_6' title='bbox 1297 377 1352 436; x_wconf 87' lang='grc'>181</span> 
     </span>
    </p>
   </div>
   <div class='ocr_carea' id='block_1_2' title="bbox 149 526 1357 4249">
    <p class='ocr_par' dir='ltr' id='par_1_2' title="bbox 150 526 1355 1162">
     <span class='ocr_line' id='line_1_2' title="bbox 151 526 1355 608; baseline 0.005 -22"><span class='ocrx_word' id='word_1_7' title='bbox 151 526 204 586; x_wconf 87' lang='lat' dir='ltr'>sed</span> <span class='ocrx_word' id='word_1_8' title='bbox 218 529 333 586; x_wconf 66' lang='lat' dir='ltr'>medere</span> <span class='ocrx_word' id='word_1_9' title='bbox 346 527 376 585; x_wconf 81' lang='lat' dir='ltr'>ia</span> <span class='ocrx_word' id='word_1_10' title='bbox 391 527 532 587; x_wconf 77' lang='lat' dir='ltr'>Chrhtam</span> <span class='ocrx_word' id='word_1_11' title='bbox 553 529 603 604; x_wconf 82' lang='lat' dir='ltr'>qai</span> <span class='ocrx_word' id='word_1_12' title='bbox 614 539 745 588; x_wconf 76' lang='grc'><strong>11111111</strong></span> <span class='ocrx_word' id='word_1_13' title='bbox 759 539 830 604; x_wconf 86' lang='lat' dir='ltr'>erat,</span> <span class='ocrx_word' id='word_1_14' title='bbox 853 529 921 589; x_wconf 90' lang='lat' dir='ltr'>Act.</span> <span class='ocrx_word' id='word_1_15' title='bbox 943 529 1005 588; x_wconf 91' lang='lat' dir='ltr'>xix.</span> <span class='ocrx_word' id='word_1_16' title='bbox 1020 532 1048 606; x_wconf 80' lang='lat'>4,</span> <span class='ocrx_word' id='word_1_17' title='bbox 1070 533 1097 606; x_wconf 86' lang='lat'>5,</span> <span class='ocrx_word' id='word_1_18' title='bbox 1119 550 1178 590; x_wconf 90' lang='lat' dir='ltr'>non</span> <span class='ocrx_word' id='word_1_19' title='bbox 1198 539 1355 608; x_wconf 89' lang='lat' dir='ltr'>potuerant</span> 
     </span>
     <span class='ocr_line' id='line_1_3' title="bbox 150 605 1355 686; baseline 0.003 -20"><span class='ocrx_word' id='word_1_20' title='bbox 150 615 248 666; x_wconf 86' lang='lat' dir='ltr'>autem</span> <span class='ocrx_word' id='word_1_21' title='bbox 263 605 379 665; x_wconf 89' lang='lat' dir='ltr'>eredere</span> <span class='ocrx_word' id='word_1_22' title='bbox 400 607 430 664; x_wconf 93' lang='lat' dir='ltr'>in</span> <span class='ocrx_word' id='word_1_23' title='bbox 450 625 525 683; x_wconf 90' lang='lat' dir='ltr'>eum,</span> <span class='ocrx_word' id='word_1_24' title='bbox 549 609 605 666; x_wconf 91' lang='lat' dir='ltr'>nisi</span> <span class='ocrx_word' id='word_1_25' title='bbox 627 609 721 685; x_wconf 90' lang='lat' dir='ltr'>qualis</span> <span class='ocrx_word' id='word_1_26' title='bbox 743 609 972 686; x_wconf 75' lang='lat' dir='ltr'><strong>promittebatur,</strong></span> <span class='ocrx_word' id='word_1_27' title='bbox 988 609 1057 667; x_wconf 90' lang='lat' dir='ltr'>nim.</span> <span class='ocrx_word' id='word_1_28' title='bbox 1072 619 1105 668; x_wconf 94' lang='lat' dir='ltr'>ut</span> <span class='ocrx_word' id='word_1_29' title='bbox 1119 610 1149 668; x_wconf 91' lang='lat' dir='ltr'>in</span> <span class='ocrx_word' id='word_1_30' title='bbox 1164 611 1303 670; x_wconf 88' lang='lat' dir='ltr'>Messiam</span> <span class='ocrx_word' id='word_1_31' title='bbox 1326 621 1355 672; x_wconf 90' lang='lat' dir='ltr'>et</span> 
     </span>
     <span class='ocr_line' id='line_1_4' title="bbox 153 685 1354 765; baseline 0.005 -21"><span class='ocrx_word' id='word_1_32' title='bbox 153 685 334 745; x_wconf 87' lang='lat' dir='ltr'>Salvatorem</span> <span class='ocrx_word' id='word_1_33' title='bbox 344 686 469 761; x_wconf 88' lang='lat' dir='ltr'>unicum,</span> <span class='ocrx_word' id='word_1_34' title='bbox 482 693 565 745; x_wconf 88' lang='lat' dir='ltr'>extra</span> <span class='ocrx_word' id='word_1_35' title='bbox 575 707 661 764; x_wconf 89' lang='lat' dir='ltr'>quem</span> <span class='ocrx_word' id='word_1_36' title='bbox 672 688 752 747; x_wconf 89' lang='lat' dir='ltr'>nulla</span> <span class='ocrx_word' id='word_1_37' title='bbox 762 695 858 765; x_wconf 87' lang='lat' dir='ltr'>potest</span> <span class='ocrx_word' id='word_1_38' title='bbox 869 707 932 748; x_wconf 87' lang='lat' dir='ltr'>esse</span> <span class='ocrx_word' id='word_1_39' title='bbox 942 689 1029 748; x_wconf 89' lang='lat' dir='ltr'>salus.</span> <span class='ocrx_word' id='word_1_40' title='bbox 1059 689 1245 748; x_wconf 85' lang='lat' dir='ltr'>Licetsutem</span> <span class='ocrx_word' id='word_1_41' title='bbox 1258 691 1354 751; x_wconf 88' lang='lat' dir='ltr'>Chris·</span> 
     </span>
     <span class='ocr_line' id='line_1_5' title="bbox 151 765 1352 846; baseline 0.004 -23"><span class='ocrx_word' id='word_1_42' title='bbox 151 773 200 824; x_wconf 89' lang='lat' dir='ltr'>tus</span> <span class='ocrx_word' id='word_1_43' title='bbox 213 765 341 824; x_wconf 90' lang='lat' dir='ltr'>nondum</span> <span class='ocrx_word' id='word_1_44' title='bbox 356 765 442 824; x_wconf 85' lang='lat' dir='ltr'>firerit</span> <span class='ocrx_word' id='word_1_45' title='bbox 461 766 581 843; x_wconf 91' lang='lat' dir='ltr'>physice</span> <span class='ocrx_word' id='word_1_46' title='bbox 603 775 635 826; x_wconf 94' lang='lat' dir='ltr'>ut</span> <span class='ocrx_word' id='word_1_47' title='bbox 657 767 836 842; x_wconf 88' lang='lat' dir='ltr'>Incarnatus,</span> <span class='ocrx_word' id='word_1_48' title='bbox 852 768 907 828; x_wconf 84' lang='lat' dir='ltr'>fuit</span> <span class='ocrx_word' id='word_1_49' title='bbox 920 777 1018 827; x_wconf 88' lang='lat' dir='ltr'>tamen</span> <span class='ocrx_word' id='word_1_50' title='bbox 1036 769 1073 826; x_wconf 91' lang='lat' dir='ltr'>ab</span> <span class='ocrx_word' id='word_1_51' title='bbox 1095 769 1176 828; x_wconf 91' lang='lat' dir='ltr'>initio</span> <span class='ocrx_word' id='word_1_52' title='bbox 1197 771 1352 846; x_wconf 80' lang='lat' dir='ltr'>moraliter,</span> 
     </span>
     <span class='ocr_line' id='line_1_6' title="bbox 151 843 1353 926; baseline 0.005 -23"><span class='ocrx_word' id='word_1_53' title='bbox 151 845 263 904; x_wconf 86' lang='lat' dir='ltr'>ratione</span> <span class='ocrx_word' id='word_1_54' title='bbox 277 843 478 904; x_wconf 79' lang='lat' dir='ltr'><strong>destinationis</strong></span> <span class='ocrx_word' id='word_1_55' title='bbox 492 853 521 904; x_wconf 89' lang='lat' dir='ltr'>et</span> <span class='ocrx_word' id='word_1_56' title='bbox 534 847 741 922; x_wconf 81' lang='lat' dir='ltr'>promissionis,</span> <span class='ocrx_word' id='word_1_57' title='bbox 758 855 790 906; x_wconf 89' lang='lat' dir='ltr'>ut</span> <span class='ocrx_word' id='word_1_58' title='bbox 804 847 1005 923; x_wconf 79' lang='lat' dir='ltr'>incarnandus,</span> <span class='ocrx_word' id='word_1_59' title='bbox 1021 847 1127 924; x_wconf 90' lang='lat' dir='ltr'>quique</span> <span class='ocrx_word' id='word_1_60' title='bbox 1142 847 1207 906; x_wconf 90' lang='lat' dir='ltr'>ideo</span> <span class='ocrx_word' id='word_1_61' title='bbox 1228 869 1280 926; x_wconf 92' lang='lat' dir='ltr'>per</span> <span class='ocrx_word' id='word_1_62' title='bbox 1294 849 1353 909; x_wconf 89' lang='lat' dir='ltr'>effi-</span> 
     </span>
     <span class='ocr_line' id='line_1_7' title="bbox 150 924 1353 1006; baseline 0.005 -24"><span class='ocrx_word' id='word_1_63' title='bbox 150 924 262 982; x_wconf 82' lang='lat' dir='ltr'>caciam</span> <span class='ocrx_word' id='word_1_64' title='bbox 277 924 448 984; x_wconf 78' lang='lat' dir='ltr'>Divinitatis</span> <span class='ocrx_word' id='word_1_65' title='bbox 461 925 626 1002; x_wconf 87' lang='lat' dir='ltr'>potuitjam</span> <span class='ocrx_word' id='word_1_66' title='bbox 641 926 780 985; x_wconf 86' lang='lat' dir='ltr'>beneficia</span> <span class='ocrx_word' id='word_1_67' title='bbox 794 947 847 986; x_wconf 90' lang='lat' dir='ltr'>sua</span> <span class='ocrx_word' id='word_1_68' title='bbox 859 926 995 985; x_wconf 85' lang='lat' dir='ltr'>fidelibus</span> <span class='ocrx_word' id='word_1_69' title='bbox 1006 927 1152 1003; x_wconf 87' lang='lat' dir='ltr'>conferre;</span> <span class='ocrx_word' id='word_1_70' title='bbox 1175 927 1273 1003; x_wconf 85' lang='lat' dir='ltr'>Fides,</span> <span class='ocrx_word' id='word_1_71' title='bbox 1288 937 1353 1006; x_wconf 73' lang='lat' dir='ltr'>quie</span> 
     </span>
     <span class='ocr_line' id='line_1_8' title="bbox 151 1002 1352 1085; baseline 0.006 -24"><span class='ocrx_word' id='word_1_72' title='bbox 151 1002 310 1061; x_wconf 87' lang='lat' dir='ltr'>revelanda</span> <span class='ocrx_word' id='word_1_73' title='bbox 322 1002 378 1062; x_wconf 87' lang='lat' dir='ltr'>fuit</span> <span class='ocrx_word' id='word_1_74' title='bbox 398 1003 451 1061; x_wconf 90' lang='lat' dir='ltr'>sub</span> <span class='ocrx_word' id='word_1_75' title='bbox 467 1003 502 1061; x_wconf 88' lang='lat' dir='ltr'>N.</span> <span class='ocrx_word' id='word_1_76' title='bbox 518 1004 562 1078; x_wconf 77' lang='lat' dir='ltr'>T,</span> <span class='ocrx_word' id='word_1_77' title='bbox 585 1005 643 1063; x_wconf 88' lang='lat' dir='ltr'>Gal</span> <span class='ocrx_word' id='word_1_78' title='bbox 657 1005 696 1064; x_wconf 91' lang='lat' dir='ltr'>iii.</span> <span class='ocrx_word' id='word_1_79' title='bbox 712 1006 829 1080; x_wconf 83' lang='grc'><strong>23,1111</strong></span> <span class='ocrx_word' id='word_1_80' title='bbox 841 1007 917 1085; x_wconf 79' lang='lat' dir='ltr'>fides</span> <span class='ocrx_word' id='word_1_81' title='bbox 936 1007 1068 1082; x_wconf 68' lang='lat' dir='ltr'>olp&#39;ectiva</span> <span class='ocrx_word' id='word_1_82' title='bbox 1082 1026 1147 1084; x_wconf 85' lang='lat' dir='ltr'>quae</span> <span class='ocrx_word' id='word_1_83' title='bbox 1168 1007 1295 1067; x_wconf 89' lang='lat' dir='ltr'>creditur</span> <span class='ocrx_word' id='word_1_84' title='bbox 1307 1028 1352 1068; x_wconf 91' lang='lat' dir='ltr'>ra·</span> 
     </span>
     <span class='ocr_line' id='line_1_9' title="bbox 150 1082 1089 1162; baseline 0.003 -22"><span class='ocrx_word' id='word_1_85' title='bbox 150 1082 231 1141; x_wconf 84' lang='lat' dir='ltr'>tione</span> <span class='ocrx_word' id='word_1_86' title='bbox 245 1082 374 1140; x_wconf 89' lang='lat' dir='ltr'>clari0ris</span> <span class='ocrx_word' id='word_1_87' title='bbox 388 1083 635 1158; x_wconf 79' lang='lat' dir='ltr'>manifestationis,</span> <span class='ocrx_word' id='word_1_88' title='bbox 651 1104 709 1142; x_wconf 90' lang='lat' dir='ltr'>non</span> <span class='ocrx_word' id='word_1_89' title='bbox 722 1087 870 1160; x_wconf 74' lang='lat' dir='ltr'>subjectiva</span> <span class='ocrx_word' id='word_1_90' title='bbox 884 1105 941 1162; x_wconf 78' lang='lat' dir='ltr'>qua</span> <span class='ocrx_word' id='word_1_91' title='bbox 955 1087 1089 1144; x_wconf 76' lang='lat' dir='ltr'>credimr.</span> 
     </span>
    </p>

    <p class='ocr_par' dir='ltr' id='par_1_3' title="bbox 149 1161 1354 1873">
     <span class='ocr_line' id='line_1_10' title="bbox 194 1161 1352 1240; baseline 0.006 -22"><span class='ocrx_word' id='word_1_92' title='bbox 194 1161 390 1220; x_wconf 87' lang='lat' dir='ltr'>XXXVIII.</span> <span class='ocrx_word' id='word_1_93' title='bbox 414 1161 455 1221; x_wconf 94' lang='lat' dir='ltr'>Ut</span> <span class='ocrx_word' id='word_1_94' title='bbox 470 1162 558 1220; x_wconf 86' lang='lat' dir='ltr'>Fides</span> <span class='ocrx_word' id='word_1_95' title='bbox 571 1171 601 1221; x_wconf 89' lang='grc'>11</span> <span class='ocrx_word' id='word_1_96' title='bbox 615 1163 745 1223; x_wconf 80' lang='lat' dir='ltr'><strong>Verbum</strong></span> <span class='ocrx_word' id='word_1_97' title='bbox 760 1173 828 1223; x_wconf 89' lang='lat' dir='ltr'>sunt</span> <span class='ocrx_word' id='word_1_98' title='bbox 840 1164 939 1240; x_wconf 85' lang='lat' dir='ltr'>relata,</span> <span class='ocrx_word' id='word_1_99' title='bbox 955 1165 1022 1223; x_wconf 91' lang='lat' dir='ltr'>talis</span> <span class='ocrx_word' id='word_1_100' title='bbox 1037 1163 1137 1224; x_wconf 91' lang='lat' dir='ltr'>debuit</span> <span class='ocrx_word' id='word_1_101' title='bbox 1151 1184 1214 1223; x_wconf 88' lang='lat' dir='ltr'>esse</span> <span class='ocrx_word' id='word_1_102' title='bbox 1228 1165 1301 1225; x_wconf 87' lang='lat' dir='ltr'>fides</span> <span class='ocrx_word' id='word_1_103' title='bbox 1321 1166 1352 1226; x_wconf 92' lang='lat' dir='ltr'>in</span> 
     </span>
     <span class='ocr_line' id='line_1_11' title="bbox 151 1240 1352 1317; baseline 0.006 -19"><span class='ocrx_word' id='word_1_104' title='bbox 151 1240 309 1315; x_wconf 80' lang='lat' dir='ltr'>Christum,</span> <span class='ocrx_word' id='word_1_105' title='bbox 332 1241 491 1317; x_wconf 79' lang='lat' dir='ltr'>quale=fuit</span> <span class='ocrx_word' id='word_1_106' title='bbox 505 1242 635 1300; x_wconf 80' lang='lat' dir='ltr'>Verbum</span> <span class='ocrx_word' id='word_1_107' title='bbox 650 1243 688 1301; x_wconf 91' lang='lat' dir='ltr'>V.</span> <span class='ocrx_word' id='word_1_108' title='bbox 704 1243 737 1302; x_wconf 88' lang='grc' dir='ltr'>Τ.</span> <span class='ocrx_word' id='word_1_109' title='bbox 758 1243 794 1301; x_wconf 90' lang='lat' dir='ltr'>de</span> <span class='ocrx_word' id='word_1_110' title='bbox 816 1243 938 1302; x_wconf 89' lang='lat' dir='ltr'>Christo.</span> <span class='ocrx_word' id='word_1_111' title='bbox 982 1243 1024 1302; x_wconf 88' lang='lat' dir='ltr'>At</span> <span class='ocrx_word' id='word_1_112' title='bbox 1038 1244 1168 1302; x_wconf 88' lang='lat' dir='ltr'>Verbum</span> <span class='ocrx_word' id='word_1_113' title='bbox 1182 1244 1250 1304; x_wconf 88' lang='lat' dir='ltr'>Vet.</span> <span class='ocrx_word' id='word_1_114' title='bbox 1272 1245 1352 1305; x_wconf 84' lang='lat' dir='ltr'>Test.</span> 
     </span>
     <span class='ocr_line' id='line_1_12' title="bbox 150 1319 1352 1402; baseline 0.006 -25"><span class='ocrx_word' id='word_1_115' title='bbox 150 1319 239 1378; x_wconf 83' lang='lat' dir='ltr'>docet</span> <span class='ocrx_word' id='word_1_116' title='bbox 260 1320 406 1379; x_wconf 82' lang='lat' dir='ltr'>Christum</span> <span class='ocrx_word' id='word_1_117' title='bbox 419 1327 449 1379; x_wconf 89' lang='lat' dir='ltr'>et</span> <span class='ocrx_word' id='word_1_118' title='bbox 462 1327 584 1379; x_wconf 87' lang='lat' dir='ltr'>testatur</span> <span class='ocrx_word' id='word_1_119' title='bbox 604 1321 640 1379; x_wconf 91' lang='lat' dir='ltr'>de</span> <span class='ocrx_word' id='word_1_120' title='bbox 662 1322 732 1398; x_wconf 90' lang='lat' dir='ltr'>ipso,</span> <span class='ocrx_word' id='word_1_121' title='bbox 749 1322 856 1382; x_wconf 91' lang='lat' dir='ltr'>Johan.</span> <span class='ocrx_word' id='word_1_122' title='bbox 871 1343 900 1380; x_wconf 87' lang='lat' dir='ltr'>v.</span> <span class='ocrx_word' id='word_1_123' title='bbox 916 1324 963 1398; x_wconf 84' lang='grc'>39,</span> <span class='ocrx_word' id='word_1_124' title='bbox 983 1322 1034 1382; x_wconf 89' lang='lat' dir='ltr'>sed</span> <span class='ocrx_word' id='word_1_125' title='bbox 1054 1323 1213 1398; x_wconf 84' lang='lat' dir='ltr'>obscurius,</span> <span class='ocrx_word' id='word_1_126' title='bbox 1235 1332 1352 1402; x_wconf 91' lang='lat' dir='ltr'>propter</span> 
     </span>
     <span class='ocr_line' id='line_1_13' title="bbox 149 1399 1353 1478; baseline 0.007 -23"><span class='ocrx_word' id='word_1_127' title='bbox 149 1399 364 1476; x_wconf 86' lang='lat' dir='ltr'>promissiones,</span> <span class='ocrx_word' id='word_1_128' title='bbox 380 1408 409 1459; x_wconf 90' lang='lat' dir='ltr'>et</span> <span class='ocrx_word' id='word_1_129' title='bbox 422 1405 508 1476; x_wconf 80' lang='lat' dir='ltr'>typos</span> <span class='ocrx_word' id='word_1_130' title='bbox 528 1399 615 1475; x_wconf 89' lang='lat' dir='ltr'>illius,</span> <span class='ocrx_word' id='word_1_131' title='bbox 636 1401 686 1477; x_wconf 90' lang='lat' dir='ltr'>qui</span> <span class='ocrx_word' id='word_1_132' title='bbox 703 1402 765 1478; x_wconf 90' lang='lat' dir='ltr'>jam</span> <span class='ocrx_word' id='word_1_133' title='bbox 787 1410 848 1460; x_wconf 89' lang='lat' dir='ltr'>erat</span> <span class='ocrx_word' id='word_1_134' title='bbox 867 1401 989 1478; x_wconf 86' lang='lat' dir='ltr'>futurus,</span> <span class='ocrx_word' id='word_1_135' title='bbox 1010 1402 1080 1461; x_wconf 86' lang='lat' dir='ltr'>fides</span> <span class='ocrx_word' id='word_1_136' title='bbox 1094 1421 1164 1478; x_wconf 90' lang='lat' dir='ltr'>ergo</span> <span class='ocrx_word' id='word_1_137' title='bbox 1178 1422 1277 1462; x_wconf 89' lang='lat' dir='ltr'>eornm</span> <span class='ocrx_word' id='word_1_138' title='bbox 1291 1413 1353 1463; x_wconf 89' lang='lat' dir='ltr'>crat</span> 
     </span>
     <span class='ocr_line' id='line_1_14' title="bbox 149 1477 1354 1560; baseline 0.003 -24"><span class='ocrx_word' id='word_1_139' title='bbox 149 1477 239 1536; x_wconf 90' lang='lat' dir='ltr'>etiam</span> <span class='ocrx_word' id='word_1_140' title='bbox 260 1478 290 1535; x_wconf 93' lang='lat' dir='ltr'>in</span> <span class='ocrx_word' id='word_1_141' title='bbox 308 1498 382 1554; x_wconf 89' lang='lat' dir='ltr'>eum,</span> <span class='ocrx_word' id='word_1_142' title='bbox 399 1478 450 1536; x_wconf 87' lang='lat' dir='ltr'>sed</span> <span class='ocrx_word' id='word_1_143' title='bbox 470 1479 626 1554; x_wconf 79' lang='lat' dir='ltr'>obscurior,</span> <span class='ocrx_word' id='word_1_144' title='bbox 642 1488 671 1539; x_wconf 88' lang='lat' dir='ltr'>et</span> <span class='ocrx_word' id='word_1_145' title='bbox 684 1480 780 1539; x_wconf 91' lang='lat' dir='ltr'>minus</span> <span class='ocrx_word' id='word_1_146' title='bbox 800 1481 929 1540; x_wconf 89' lang='lat' dir='ltr'>illustris.</span> <span class='ocrx_word' id='word_1_147' title='bbox 971 1483 1029 1540; x_wconf 81' lang='lat' dir='ltr'>Res</span> <span class='ocrx_word' id='word_1_148' title='bbox 1042 1501 1112 1559; x_wconf 90' lang='lat' dir='ltr'>crgo</span> <span class='ocrx_word' id='word_1_149' title='bbox 1126 1481 1226 1540; x_wconf 90' lang='lat' dir='ltr'>eadem</span> <span class='ocrx_word' id='word_1_150' title='bbox 1241 1501 1354 1560; x_wconf 86' lang='lat' dir='ltr'>semper</span> 
     </span>
     <span class='ocr_line' id='line_1_15' title="bbox 150 1555 1352 1638; baseline 0.006 -24"><span class='ocrx_word' id='word_1_151' title='bbox 150 1565 222 1616; x_wconf 91' lang='lat' dir='ltr'>nota</span> <span class='ocrx_word' id='word_1_152' title='bbox 235 1555 297 1632; x_wconf 84' lang='grc'><strong>1111,</strong></span> <span class='ocrx_word' id='word_1_153' title='bbox 312 1565 342 1616; x_wconf 89' lang='grc'>11</span> <span class='ocrx_word' id='word_1_154' title='bbox 355 1558 385 1615; x_wconf 87' lang='grc'>11</span> <span class='ocrx_word' id='word_1_155' title='bbox 399 1557 544 1634; x_wconf 87' lang='lat' dir='ltr'>objectum</span> <span class='ocrx_word' id='word_1_156' title='bbox 557 1557 624 1617; x_wconf 89' lang='lat' dir='ltr'>fidei</span> <span class='ocrx_word' id='word_1_157' title='bbox 644 1560 797 1636; x_wconf 83' lang='lat' dir='ltr'>proposita,</span> <span class='ocrx_word' id='word_1_158' title='bbox 814 1559 865 1618; x_wconf 90' lang='lat' dir='ltr'>sed</span> <span class='ocrx_word' id='word_1_159' title='bbox 879 1563 977 1618; x_wconf 82' lang='lat' dir='ltr'>modes</span> <span class='ocrx_word' id='word_1_160' title='bbox 990 1560 1085 1619; x_wconf 89' lang='lat' dir='ltr'>minus</span> <span class='ocrx_word' id='word_1_161' title='bbox 1100 1560 1175 1619; x_wconf 90' lang='lat' dir='ltr'>clare</span> <span class='ocrx_word' id='word_1_162' title='bbox 1189 1570 1352 1638; x_wconf 88' lang='lat' dir='ltr'>compertus</span> 
     </span>
     <span class='ocr_line' id='line_1_16' title="bbox 150 1636 1352 1716; baseline 0.004 -22"><span class='ocrx_word' id='word_1_163' title='bbox 150 1644 198 1695; x_wconf 89' lang='lat' dir='ltr'>est</span> <span class='ocrx_word' id='word_1_164' title='bbox 212 1645 278 1695; x_wconf 89' lang='grc'><strong>1111</strong></span> <span class='ocrx_word' id='word_1_165' title='bbox 291 1636 448 1696; x_wconf 87' lang='lat' dir='ltr'>adventurn</span> <span class='ocrx_word' id='word_1_166' title='bbox 463 1637 578 1712; x_wconf 83' lang='lat' dir='ltr'>Christi,</span> <span class='ocrx_word' id='word_1_167' title='bbox 594 1657 680 1714; x_wconf 88' lang='lat' dir='ltr'>quam</span> <span class='ocrx_word' id='word_1_168' title='bbox 694 1647 760 1714; x_wconf 88' lang='lat' dir='ltr'>post</span> <span class='ocrx_word' id='word_1_169' title='bbox 774 1658 854 1698; x_wconf 88' lang='lat' dir='ltr'>eum:</span> <span class='ocrx_word' id='word_1_170' title='bbox 869 1647 901 1697; x_wconf 87' lang='lat' dir='ltr'>ut</span> <span class='ocrx_word' id='word_1_171' title='bbox 912 1639 1039 1697; x_wconf 89' lang='lat' dir='ltr'>omnium</span> <span class='ocrx_word' id='word_1_172' title='bbox 1054 1638 1214 1698; x_wconf 84' lang='lat' dir='ltr'>futurorum</span> <span class='ocrx_word' id='word_1_173' title='bbox 1225 1641 1352 1716; x_wconf 86' lang='lat' dir='ltr'>cognitio</span> 
     </span>
     <span class='ocr_line' id='line_1_17' title="bbox 149 1715 1351 1796; baseline 0.005 -24"><span class='ocrx_word' id='word_1_174' title='bbox 149 1715 248 1773; x_wconf 87' lang='lat' dir='ltr'>minus</span> <span class='ocrx_word' id='word_1_175' title='bbox 261 1715 381 1774; x_wconf 76' lang='lat' dir='ltr'>evidens</span> <span class='ocrx_word' id='word_1_176' title='bbox 395 1725 439 1774; x_wconf 91' lang='lat' dir='ltr'>est</span> <span class='ocrx_word' id='word_1_177' title='bbox 452 1716 555 1774; x_wconf 87' lang='lat' dir='ltr'>notitia</span> <span class='ocrx_word' id='word_1_178' title='bbox 567 1717 784 1794; x_wconf 86' lang='lat' dir='ltr'>praeteritorum,</span> <span class='ocrx_word' id='word_1_179' title='bbox 801 1725 830 1776; x_wconf 89' lang='lat' dir='ltr'>et</span> <span class='ocrx_word' id='word_1_180' title='bbox 844 1717 949 1776; x_wconf 87' lang='lat' dir='ltr'>intuitu</span> <span class='ocrx_word' id='word_1_181' title='bbox 969 1718 1170 1794; x_wconf 79' lang='lat' dir='ltr'>praesentium3</span> <span class='ocrx_word' id='word_1_182' title='bbox 1190 1718 1241 1776; x_wconf 91' lang='lat' dir='ltr'>sed</span> <span class='ocrx_word' id='word_1_183' title='bbox 1259 1718 1351 1796; x_wconf 79' lang='lat' dir='ltr'>gradu</span> 
     </span>
     <span class='ocr_line' id='line_1_18' title="bbox 150 1795 962 1873; baseline 0.005 -23"><span class='ocrx_word' id='word_1_184' title='bbox 150 1795 260 1872; x_wconf 88' lang='lat' dir='ltr'>majore</span> <span class='ocrx_word' id='word_1_185' title='bbox 274 1795 347 1853; x_wconf 94' lang='lat' dir='ltr'>lucis</span> <span class='ocrx_word' id='word_1_186' title='bbox 360 1802 474 1872; x_wconf 89' lang='lat' dir='ltr'>negato,</span> <span class='ocrx_word' id='word_1_187' title='bbox 490 1815 547 1852; x_wconf 89' lang='lat' dir='ltr'>non</span> <span class='ocrx_word' id='word_1_188' title='bbox 561 1805 704 1873; x_wconf 79' lang='lat' dir='ltr'>negantur</span> <span class='ocrx_word' id='word_1_189' title='bbox 718 1797 814 1855; x_wconf 87' lang='lat' dir='ltr'>statim</span> <span class='ocrx_word' id='word_1_190' title='bbox 829 1797 962 1854; x_wconf 89' lang='lat' dir='ltr'>minores.</span> 
     </span>
    </p>

    <p class='ocr_par' dir='ltr' id='par_1_4' title="bbox 150 1873 1353 2744">
     <span class='ocr_line' id='line_1_19' title="bbox 194 1873 1351 1954; baseline 0.005 -24"><span class='ocrx_word' id='word_1_191' title='bbox 194 1873 359 1933; x_wconf 88' lang='lat' dir='ltr'>XXXIX.</span> <span class='ocrx_word' id='word_1_192' title='bbox 382 1873 488 1932; x_wconf 92' lang='lat' dir='ltr'>Modus</span> <span class='ocrx_word' id='word_1_193' title='bbox 503 1874 721 1952; x_wconf 85' lang='lat' dir='ltr'>Redemptionis</span> <span class='ocrx_word' id='word_1_194' title='bbox 741 1895 793 1952; x_wconf 92' lang='lat' dir='ltr'>per</span> <span class='ocrx_word' id='word_1_195' title='bbox 806 1883 927 1934; x_wconf 83' lang='lat' dir='ltr'>mortem</span> <span class='ocrx_word' id='word_1_196' title='bbox 943 1876 1059 1934; x_wconf 83' lang='lat' dir='ltr'>Messias</span> <span class='ocrx_word' id='word_1_197' title='bbox 1073 1895 1131 1934; x_wconf 90' lang='lat' dir='ltr'>non</span> <span class='ocrx_word' id='word_1_198' title='bbox 1151 1877 1246 1952; x_wconf 88' lang='lat' dir='ltr'>potuit</span> <span class='ocrx_word' id='word_1_199' title='bbox 1265 1877 1351 1954; x_wconf 90' lang='lat' dir='ltr'>plane</span> 
     </span>
     <span class='ocr_line' id='line_1_20' title="bbox 151 1952 1350 2031; baseline 0.003 -21"><span class='ocrx_word' id='word_1_200' title='bbox 151 1952 318 2029; x_wconf 90' lang='lat' dir='ltr'>incognitas</span> <span class='ocrx_word' id='word_1_201' title='bbox 332 1973 395 2012; x_wconf 88' lang='lat' dir='ltr'>esse</span> <span class='ocrx_word' id='word_1_202' title='bbox 410 1952 553 2028; x_wconf 85' lang='lat' dir='ltr'>Patribus,</span> <span class='ocrx_word' id='word_1_203' title='bbox 568 1974 634 2013; x_wconf 88' lang='lat' dir='ltr'>cum</span> <span class='ocrx_word' id='word_1_204' title='bbox 645 1963 674 2014; x_wconf 90' lang='lat' dir='ltr'>et</span> <span class='ocrx_word' id='word_1_205' title='bbox 684 1954 808 2014; x_wconf 89' lang='lat' dir='ltr'>oraculis</span> <span class='ocrx_word' id='word_1_206' title='bbox 819 1955 993 2029; x_wconf 80' lang='lat' dir='ltr'>verbalibus,</span> <span class='ocrx_word' id='word_1_207' title='bbox 1009 1963 1038 2014; x_wconf 95' lang='lat' dir='ltr'>et</span> <span class='ocrx_word' id='word_1_208' title='bbox 1052 1955 1130 2031; x_wconf 89' lang='lat' dir='ltr'>typis</span> <span class='ocrx_word' id='word_1_209' title='bbox 1140 1961 1201 2013; x_wconf 87' lang='lat' dir='ltr'>tum</span> <span class='ocrx_word' id='word_1_210' title='bbox 1215 1955 1350 2031; x_wconf 86' lang='lat' dir='ltr'>realibus,</span> 
     </span>
     <span class='ocr_line' id='line_1_21' title="bbox 150 2032 1350 2110; baseline 0.001 -20"><span class='ocrx_word' id='word_1_211' title='bbox 150 2039 214 2090; x_wconf 89' lang='lat' dir='ltr'>tum</span> <span class='ocrx_word' id='word_1_212' title='bbox 228 2033 435 2108; x_wconf 88' lang='lat' dir='ltr'>personalibus,</span> <span class='ocrx_word' id='word_1_213' title='bbox 450 2032 536 2091; x_wconf 89' lang='lat' dir='ltr'>toties</span> <span class='ocrx_word' id='word_1_214' title='bbox 550 2033 693 2093; x_wconf 89' lang='lat' dir='ltr'>indicatus</span> <span class='ocrx_word' id='word_1_215' title='bbox 707 2035 753 2092; x_wconf 88' lang='lat' dir='ltr'>sit.</span> <span class='ocrx_word' id='word_1_216' title='bbox 785 2033 979 2094; x_wconf 88' lang='lat' dir='ltr'>Consulantur</span> <span class='ocrx_word' id='word_1_217' title='bbox 992 2034 1056 2092; x_wconf 88' lang='lat' dir='ltr'>loca</span> <span class='ocrx_word' id='word_1_218' title='bbox 1071 2034 1118 2092; x_wconf 92' lang='lat' dir='ltr'>Ps.</span> <span class='ocrx_word' id='word_1_219' title='bbox 1133 2033 1206 2092; x_wconf 89' lang='lat' dir='ltr'>xxii.</span> <span class='ocrx_word' id='word_1_220' title='bbox 1217 2043 1247 2094; x_wconf 92' lang='grc'>11</span> <span class='ocrx_word' id='word_1_221' title='bbox 1259 2035 1350 2110; x_wconf 88' lang='lat' dir='ltr'>lxix.;</span> 
     </span>
     <span class='ocr_line' id='line_1_22' title="bbox 154 2110 1350 2190; baseline 0.004 -23"><span class='ocrx_word' id='word_1_222' title='bbox 154 2110 195 2168; x_wconf 88' lang='lat' dir='ltr'>Is.</span> <span class='ocrx_word' id='word_1_223' title='bbox 217 2111 268 2169; x_wconf 89' lang='lat' dir='ltr'>liii.</span> <span class='ocrx_word' id='word_1_224' title='bbox 290 2121 320 2170; x_wconf 90' lang='lat' dir='ltr'>et</span> <span class='ocrx_word' id='word_1_225' title='bbox 341 2111 428 2188; x_wconf 89' lang='lat' dir='ltr'>lxiii.;</span> <span class='ocrx_word' id='word_1_226' title='bbox 455 2111 530 2170; x_wconf 91' lang='lat' dir='ltr'>Dan.</span> <span class='ocrx_word' id='word_1_227' title='bbox 556 2113 595 2170; x_wconf 94' lang='lat' dir='ltr'>ix.</span> <span class='ocrx_word' id='word_1_228' title='bbox 618 2117 654 2171; x_wconf 87' lang='grc'>27</span> <span class='ocrx_word' id='word_1_229' title='bbox 666 2136 674 2189; x_wconf 86' lang='grc'><strong>;</strong></span> <span class='ocrx_word' id='word_1_230' title='bbox 704 2114 791 2171; x_wconf 87' lang='lat' dir='ltr'>Zach.</span> <span class='ocrx_word' id='word_1_231' title='bbox 817 2113 868 2171; x_wconf 89' lang='lat' dir='ltr'>xii.</span> <span class='ocrx_word' id='word_1_232' title='bbox 893 2117 939 2172; x_wconf 88' lang='lat' dir='ltr'>le.</span> <span class='ocrx_word' id='word_1_233' title='bbox 981 2113 1112 2171; x_wconf 86' lang='lat' dir='ltr'>Christus</span> <span class='ocrx_word' id='word_1_234' title='bbox 1136 2113 1198 2190; x_wconf 88' lang='lat' dir='ltr'>ipae</span> <span class='ocrx_word' id='word_1_235' title='bbox 1222 2133 1260 2171; x_wconf 91' lang='lat' dir='ltr'>ex</span> <span class='ocrx_word' id='word_1_236' title='bbox 1282 2114 1350 2172; x_wconf 90' lang='lat' dir='ltr'>Vet.</span> 
     </span>
     <span class='ocr_line' id='line_1_23' title="bbox 150 2189 1350 2269; baseline 0.003 -22"><span class='ocrx_word' id='word_1_237' title='bbox 150 2189 231 2249; x_wconf 88' lang='lat' dir='ltr'>Test.</span> <span class='ocrx_word' id='word_1_238' title='bbox 246 2189 332 2250; x_wconf 91' lang='lat' dir='ltr'>docet</span> <span class='ocrx_word' id='word_1_239' title='bbox 352 2209 383 2250; x_wconf 85' lang='lat' dir='ltr'>se</span> <span class='ocrx_word' id='word_1_240' title='bbox 402 2191 463 2268; x_wconf 87' lang='lat' dir='ltr'>pati</span> <span class='ocrx_word' id='word_1_241' title='bbox 484 2190 626 2266; x_wconf 89' lang='lat' dir='ltr'>debuisse,</span> <span class='ocrx_word' id='word_1_242' title='bbox 649 2200 677 2251; x_wconf 94' lang='lat' dir='ltr'>et</span> <span class='ocrx_word' id='word_1_243' title='bbox 699 2193 741 2250; x_wconf 89' lang='lat' dir='ltr'>sic</span> <span class='ocrx_word' id='word_1_244' title='bbox 760 2192 867 2251; x_wconf 90' lang='lat' dir='ltr'>intrare</span> <span class='ocrx_word' id='word_1_245' title='bbox 888 2192 918 2250; x_wconf 92' lang='lat' dir='ltr'>in</span> <span class='ocrx_word' id='word_1_246' title='bbox 939 2192 1060 2269; x_wconf 87' lang='lat' dir='ltr'>gloriam</span> <span class='ocrx_word' id='word_1_247' title='bbox 1075 2192 1252 2266; x_wconf 90' lang='lat' dir='ltr'>suam,·Luo.</span> <span class='ocrx_word' id='word_1_248' title='bbox 1268 2193 1350 2252; x_wconf 84' lang='lat' dir='ltr'>xxiv.</span> 
     </span>
     <span class='ocr_line' id='line_1_24' title="bbox 153 2269 1352 2348; baseline 0.003 -22"><span class='ocrx_word' id='word_1_249' title='bbox 153 2269 236 2327; x_wconf 90' lang='lat' dir='ltr'>Idem</span> <span class='ocrx_word' id='word_1_250' title='bbox 250 2270 420 2330; x_wconf 88' lang='lat' dir='ltr'>cernebatur</span> <span class='ocrx_word' id='word_1_251' title='bbox 432 2271 463 2328; x_wconf 93' lang='lat' dir='ltr'>in</span> <span class='ocrx_word' id='word_1_252' title='bbox 477 2269 566 2347; x_wconf 88' lang='lat' dir='ltr'>Agno</span> <span class='ocrx_word' id='word_1_253' title='bbox 581 2271 723 2348; x_wconf 85' lang='lat' dir='ltr'>Paschali,</span> <span class='ocrx_word' id='word_1_254' title='bbox 738 2272 769 2329; x_wconf 93' lang='lat' dir='ltr'>in</span> <span class='ocrx_word' id='word_1_255' title='bbox 782 2280 904 2348; x_wconf 90' lang='lat' dir='ltr'>utroque</span> <span class='ocrx_word' id='word_1_256' title='bbox 917 2271 1006 2346; x_wconf 90' lang='lat' dir='ltr'>hirco,</span> <span class='ocrx_word' id='word_1_257' title='bbox 1018 2271 1111 2330; x_wconf 82' lang='lat' dir='ltr'>Lavit.</span> <span class='ocrx_word' id='word_1_258' title='bbox 1127 2271 1187 2330; x_wconf 86' lang='lat' dir='ltr'>xvi.</span> <span class='ocrx_word' id='word_1_259' title='bbox 1202 2281 1231 2331; x_wconf 92' lang='lat' dir='ltr'>et</span> <span class='ocrx_word' id='word_1_260' title='bbox 1244 2271 1352 2348; x_wconf 87' lang='lat' dir='ltr'>passim</span> 
     </span>
     <span class='ocr_line' id='line_1_25' title="bbox 151 2348 1353 2427; baseline 0.005 -22"><span class='ocrx_word' id='word_1_261' title='bbox 151 2348 182 2405; x_wconf 89' lang='lat' dir='ltr'>in</span> <span class='ocrx_word' id='word_1_262' title='bbox 202 2349 357 2426; x_wconf 84' lang='lat' dir='ltr'>sacrificiis,</span> <span class='ocrx_word' id='word_1_263' title='bbox 380 2370 444 2426; x_wconf 75' lang='lat' dir='ltr'>qua</span> <span class='ocrx_word' id='word_1_264' title='bbox 465 2349 569 2424; x_wconf 86' lang='lat' dir='ltr'>omnia,</span> <span class='ocrx_word' id='word_1_265' title='bbox 584 2351 633 2408; x_wconf 78' lang='lat' dir='ltr'>vel</span> <span class='ocrx_word' id='word_1_266' title='bbox 654 2351 716 2410; x_wconf 86' lang='lat' dir='ltr'>sine</span> <span class='ocrx_word' id='word_1_267' title='bbox 737 2350 795 2410; x_wconf 86' lang='lat' dir='ltr'>lide</span> <span class='ocrx_word' id='word_1_268' title='bbox 817 2351 919 2409; x_wconf 86' lang='lat' dir='ltr'>Patres</span> <span class='ocrx_word' id='word_1_269' title='bbox 940 2351 1089 2427; x_wconf 85' lang='lat' dir='ltr'>excepisse</span> <span class='ocrx_word' id='word_1_270' title='bbox 1109 2369 1228 2410; x_wconf 85' lang='lat' dir='ltr'>neeesse</span> <span class='ocrx_word' id='word_1_271' title='bbox 1248 2359 1301 2426; x_wconf 84' lang='lat' dir='ltr'>est,</span> <span class='ocrx_word' id='word_1_272' title='bbox 1323 2359 1353 2411; x_wconf 90' lang='lat' dir='ltr'>ct</span> 
     </span>
     <span class='ocr_line' id='line_1_26' title="bbox 150 2427 1353 2508; baseline 0.003 -23"><span class='ocrx_word' id='word_1_273' title='bbox 150 2427 309 2487; x_wconf 81' lang='lat' dir='ltr'>credidisse</span> <span class='ocrx_word' id='word_1_274' title='bbox 324 2429 463 2506; x_wconf 87' lang='lat' dir='ltr'>sanguine</span> <span class='ocrx_word' id='word_1_275' title='bbox 477 2437 624 2488; x_wconf 90' lang='lat' dir='ltr'>taurorum</span> <span class='ocrx_word' id='word_1_276' title='bbox 638 2431 749 2508; x_wconf 89' lang='lat' dir='ltr'>expiari</span> <span class='ocrx_word' id='word_1_277' title='bbox 769 2431 896 2508; x_wconf 88' lang='lat' dir='ltr'>potuisse</span> <span class='ocrx_word' id='word_1_278' title='bbox 917 2440 1042 2507; x_wconf 88' lang='lat' dir='ltr'>peecata,</span> <span class='ocrx_word' id='word_1_279' title='bbox 1057 2449 1115 2506; x_wconf 92' lang='lat' dir='ltr'>quo</span> <span class='ocrx_word' id='word_1_280' title='bbox 1129 2429 1215 2488; x_wconf 91' lang='lat' dir='ltr'>modo</span> <span class='ocrx_word' id='word_1_281' title='bbox 1236 2429 1353 2489; x_wconf 86' lang='lat' dir='ltr'>inferior</span> 
     </span>
     <span class='ocr_line' id='line_1_27' title="bbox 153 2506 1352 2588; baseline 0.003 -24"><span class='ocrx_word' id='word_1_282' title='bbox 153 2506 256 2566; x_wconf 78' lang='lat' dir='ltr'>luisset</span> <span class='ocrx_word' id='word_1_283' title='bbox 276 2509 402 2585; x_wconf 90' lang='lat' dir='ltr'>ipsorum</span> <span class='ocrx_word' id='word_1_284' title='bbox 422 2508 495 2566; x_wconf 86' lang='lat' dir='ltr'>fides</span> <span class='ocrx_word' id='word_1_285' title='bbox 510 2509 692 2585; x_wconf 88' lang='lat' dir='ltr'>Paganorum</span> <span class='ocrx_word' id='word_1_286' title='bbox 713 2510 840 2588; x_wconf 90' lang='lat' dir='ltr'>ipsorum</span> <span class='ocrx_word' id='word_1_287' title='bbox 860 2509 1026 2584; x_wconf 88' lang='lat' dir='ltr'>luminibus,</span> <span class='ocrx_word' id='word_1_288' title='bbox 1049 2509 1099 2585; x_wconf 89' lang='lat' dir='ltr'>qui</span> <span class='ocrx_word' id='word_1_289' title='bbox 1120 2509 1178 2568; x_wconf 89' lang='lat' dir='ltr'>tale</span> <span class='ocrx_word' id='word_1_290' title='bbox 1202 2509 1272 2586; x_wconf 93' lang='lat' dir='ltr'>quid</span> <span class='ocrx_word' id='word_1_291' title='bbox 1293 2529 1352 2568; x_wconf 90' lang='lat' dir='ltr'>non</span> 
     </span>
     <span class='ocr_line' id='line_1_28' title="bbox 151 2585 1351 2666; baseline 0.003 -23"><span class='ocrx_word' id='word_1_292' title='bbox 151 2585 316 2662; x_wconf 84' lang='lat' dir='ltr'>credebant,</span> <span class='ocrx_word' id='word_1_293' title='bbox 328 2589 377 2647; x_wconf 81' lang='lat' dir='ltr'>vel</span> <span class='ocrx_word' id='word_1_294' title='bbox 391 2587 574 2648; x_wconf 86' lang='lat' dir='ltr'>statuendum</span> <span class='ocrx_word' id='word_1_295' title='bbox 585 2608 636 2647; x_wconf 89' lang='lat' dir='ltr'>eos</span> <span class='ocrx_word' id='word_1_296' title='bbox 649 2589 679 2646; x_wconf 91' lang='lat' dir='ltr'>in</span> <span class='ocrx_word' id='word_1_297' title='bbox 692 2589 799 2648; x_wconf 83' lang='lat' dir='ltr'>talibus</span> <span class='ocrx_word' id='word_1_298' title='bbox 813 2589 990 2666; x_wconf 89' lang='lat' dir='ltr'>spiritualem</span> <span class='ocrx_word' id='word_1_299' title='bbox 1005 2587 1244 2666; x_wconf 86' lang='lat' dir='ltr'>significationem</span> <span class='ocrx_word' id='word_1_300' title='bbox 1255 2589 1351 2647; x_wconf 90' lang='lat' dir='ltr'>animo</span> 
     </span>
     <span class='ocr_line' id='line_1_29' title="bbox 152 2667 836 2744; baseline 0.007 -21"><span class='ocrx_word' id='word_1_301' title='bbox 152 2667 323 2744; x_wconf 89' lang='lat' dir='ltr'>percepisse,</span> <span class='ocrx_word' id='word_1_302' title='bbox 339 2667 419 2726; x_wconf 84' lang='lat' dir='ltr'>etad</span> <span class='ocrx_word' id='word_1_303' title='bbox 434 2667 571 2726; x_wconf 85' lang='lat' dir='ltr'>Messiam</span> <span class='ocrx_word' id='word_1_304' title='bbox 586 2668 682 2726; x_wconf 88' lang='lat' dir='ltr'>omnia</span> <span class='ocrx_word' id='word_1_305' title='bbox 695 2669 836 2728; x_wconf 88' lang='lat' dir='ltr'>retulisse.</span> 
     </span>
    </p>

    <p class='ocr_par' dir='ltr' id='par_1_5' title="bbox 151 2745 1354 3456">
     <span class='ocr_line' id='line_1_30' title="bbox 194 2745 1353 2824; baseline 0.003 -21"><span class='ocrx_word' id='word_1_306' title='bbox 194 2745 264 2804; x_wconf 92' lang='lat' dir='ltr'>XL.</span> <span class='ocrx_word' id='word_1_307' title='bbox 287 2746 387 2806; x_wconf 80' lang='lat' dir='ltr'>sinuo</span> <span class='ocrx_word' id='word_1_308' title='bbox 398 2746 532 2824; x_wconf 87' lang='lat' dir='ltr'>discipuli</span> <span class='ocrx_word' id='word_1_309' title='bbox 543 2747 707 2806; x_wconf 85' lang='lat' dir='ltr'>Emauntici</span> <span class='ocrx_word' id='word_1_310' title='bbox 721 2748 815 2806; x_wconf 88' lang='lat' dir='ltr'>adhue</span> <span class='ocrx_word' id='word_1_311' title='bbox 828 2747 961 2806; x_wconf 86' lang='lat' dir='ltr'>fascinati</span> <span class='ocrx_word' id='word_1_312' title='bbox 975 2746 1108 2824; x_wconf 91' lang='lat' dir='ltr'>opinione</span> <span class='ocrx_word' id='word_1_313' title='bbox 1119 2747 1201 2823; x_wconf 89' lang='lat' dir='ltr'>regni</span> <span class='ocrx_word' id='word_1_314' title='bbox 1213 2746 1353 2806; x_wconf 89' lang='lat' dir='ltr'>mundani</span> 
     </span>
     <span class='ocr_line' id='line_1_31' title="bbox 151 2824 1353 2902; baseline 0.002 -20"><span class='ocrx_word' id='word_1_315' title='bbox 151 2844 171 2882; x_wconf 84' lang='lat' dir='ltr'>a</span> <span class='ocrx_word' id='word_1_316' title='bbox 191 2825 306 2884; x_wconf 89' lang='lat' dir='ltr'>Christo</span> <span class='ocrx_word' id='word_1_317' title='bbox 326 2825 457 2902; x_wconf 88' lang='lat' dir='ltr'>erigendi</span> <span class='ocrx_word' id='word_1_318' title='bbox 477 2826 507 2882; x_wconf 91' lang='grc'>11</span> <span class='ocrx_word' id='word_1_319' title='bbox 527 2826 620 2900; x_wconf 88' lang='lat' dir='ltr'>terris,</span> <span class='ocrx_word' id='word_1_320' title='bbox 644 2826 714 2886; x_wconf 91' lang='lat' dir='ltr'>Luc.</span> <span class='ocrx_word' id='word_1_321' title='bbox 736 2826 818 2885; x_wconf 84' lang='lat' dir='ltr'>xxiv.</span> <span class='ocrx_word' id='word_1_322' title='bbox 840 2829 888 2900; x_wconf 88' lang='grc'>21,</span> <span class='ocrx_word' id='word_1_323' title='bbox 912 2845 965 2884; x_wconf 84' lang='grc'>111</span> <span class='ocrx_word' id='word_1_324' title='bbox 987 2826 1151 2902; x_wconf 84' lang='lat' dir='ltr'>cogitarunt</span> <span class='ocrx_word' id='word_1_325' title='bbox 1171 2824 1207 2884; x_wconf 87' lang='lat' dir='ltr'>de</span> <span class='ocrx_word' id='word_1_326' title='bbox 1227 2845 1310 2884; x_wconf 89' lang='lat' dir='ltr'>eruce</span> <span class='ocrx_word' id='word_1_327' title='bbox 1335 2845 1353 2884; x_wconf 92' lang='lat' dir='ltr'>a</span> 
     </span>
     <span class='ocr_line' id='line_1_32' title="bbox 152 2903 1353 2982; baseline 0.001 -21"><span class='ocrx_word' id='word_1_328' title='bbox 152 2903 269 2962; x_wconf 89' lang='lat' dir='ltr'>Christo</span> <span class='ocrx_word' id='word_1_329' title='bbox 284 2905 449 2980; x_wconf 86' lang='lat' dir='ltr'>subeunda;</span> <span class='ocrx_word' id='word_1_330' title='bbox 472 2905 538 2962; x_wconf 89' lang='lat' dir='ltr'>Non</span> <span class='ocrx_word' id='word_1_331' title='bbox 553 2905 682 2982; x_wconf 86' lang='lat' dir='ltr'>sequitur</span> <span class='ocrx_word' id='word_1_332' title='bbox 702 2906 778 2964; x_wconf 89' lang='lat' dir='ltr'>idem</span> <span class='ocrx_word' id='word_1_333' title='bbox 793 2906 916 2965; x_wconf 89' lang='lat' dir='ltr'>sensisse</span> <span class='ocrx_word' id='word_1_334' title='bbox 931 2924 1030 2963; x_wconf 90' lang='lat' dir='ltr'>omnes</span> <span class='ocrx_word' id='word_1_335' title='bbox 1043 2903 1152 2977; x_wconf 89' lang='lat' dir='ltr'>fideles,</span> <span class='ocrx_word' id='word_1_336' title='bbox 1168 2905 1215 2962; x_wconf 88' lang='lat' dir='ltr'>vel</span> <span class='ocrx_word' id='word_1_337' title='bbox 1230 2904 1302 2960; x_wconf 89' lang='lat' dir='ltr'>nihil</span> <span class='ocrx_word' id='word_1_338' title='bbox 1316 2904 1353 2962; x_wconf 91' lang='lat' dir='ltr'>de</span> 
     </span>
     <span class='ocr_line' id='line_1_33' title="bbox 153 2981 1352 3060; baseline 0 -20"><span class='ocrx_word' id='word_1_339' title='bbox 153 2990 246 3041; x_wconf 89' lang='lat' dir='ltr'>morte</span> <span class='ocrx_word' id='word_1_340' title='bbox 261 2983 368 3043; x_wconf 89' lang='lat' dir='ltr'>Christi</span> <span class='ocrx_word' id='word_1_341' title='bbox 383 2984 517 3043; x_wconf 88' lang='lat' dir='ltr'>Patribus</span> <span class='ocrx_word' id='word_1_342' title='bbox 530 2983 619 3043; x_wconf 86' lang='lat' dir='ltr'>fuisse</span> <span class='ocrx_word' id='word_1_343' title='bbox 633 2985 801 3060; x_wconf 82' lang='lat' dir='ltr'>revelatum,</span> <span class='ocrx_word' id='word_1_344' title='bbox 814 2984 882 3060; x_wconf 87' lang='lat' dir='ltr'>quia</span> <span class='ocrx_word' id='word_1_345' title='bbox 895 2983 950 3042; x_wconf 88' lang='lat' dir='ltr'>fuit</span> <span class='ocrx_word' id='word_1_346' title='bbox 963 2983 1066 3060; x_wconf 74' lang='lat' dir='ltr'>yitium</span> <span class='ocrx_word' id='word_1_347' title='bbox 1082 2982 1213 3058; x_wconf 89' lang='lat' dir='ltr'>subjecti,</span> <span class='ocrx_word' id='word_1_348' title='bbox 1229 3001 1288 3040; x_wconf 91' lang='lat' dir='ltr'>non</span> <span class='ocrx_word' id='word_1_349' title='bbox 1301 2981 1352 3040; x_wconf 92' lang='lat' dir='ltr'>de·</span> 
     </span>
     <span class='ocr_line' id='line_1_34' title="bbox 153 3060 1353 3140; baseline 0.001 -21"><span class='ocrx_word' id='word_1_350' title='bbox 153 3060 247 3120; x_wconf 81' lang='lat' dir='ltr'>fectus</span> <span class='ocrx_word' id='word_1_351' title='bbox 261 3062 376 3140; x_wconf 90' lang='lat' dir='ltr'>objecti.</span> <span class='ocrx_word' id='word_1_352' title='bbox 418 3063 492 3121; x_wconf 86' lang='lat' dir='ltr'>Nem</span> <span class='ocrx_word' id='word_1_353' title='bbox 512 3063 568 3121; x_wconf 92' lang='lat' dir='ltr'>hoe</span> <span class='ocrx_word' id='word_1_354' title='bbox 586 3063 657 3122; x_wconf 86' lang='lat' dir='ltr'>satis</span> <span class='ocrx_word' id='word_1_355' title='bbox 675 3064 751 3122; x_wconf 89' lang='lat' dir='ltr'>clare</span> <span class='ocrx_word' id='word_1_356' title='bbox 771 3064 802 3121; x_wconf 94' lang='lat' dir='ltr'>in</span> <span class='ocrx_word' id='word_1_357' title='bbox 817 3063 855 3121; x_wconf 91' lang='lat' dir='ltr'>V.</span> <span class='ocrx_word' id='word_1_358' title='bbox 870 3063 948 3121; x_wconf 84' lang='lat' dir='ltr'>Test.</span> <span class='ocrx_word' id='word_1_359' title='bbox 970 3061 1148 3138; x_wconf 80' lang='lat' dir='ltr'>pradictum,</span> <span class='ocrx_word' id='word_1_360' title='bbox 1163 3069 1193 3119; x_wconf 89' lang='grc'>11</span> <span class='ocrx_word' id='word_1_361' title='bbox 1206 3081 1224 3119; x_wconf 93' lang='lat' dir='ltr'>a</span> <span class='ocrx_word' id='word_1_362' title='bbox 1238 3061 1353 3121; x_wconf 82' lang='lat' dir='ltr'>Christo</span> 
     </span>
     <span class='ocr_line' id='line_1_35' title="bbox 153 3139 1354 3218; baseline 0.001 -19"><span class='ocrx_word' id='word_1_363' title='bbox 153 3141 341 3218; x_wconf 91' lang='lat' dir='ltr'>propositum,</span> <span class='ocrx_word' id='word_1_364' title='bbox 358 3142 383 3200; x_wconf 90' lang='lat' dir='ltr'>si</span> <span class='ocrx_word' id='word_1_365' title='bbox 396 3142 433 3200; x_wconf 87' lang='lat' dir='ltr'>ad</span> <span class='ocrx_word' id='word_1_366' title='bbox 447 3143 477 3200; x_wconf 95' lang='lat' dir='ltr'>id</span> <span class='ocrx_word' id='word_1_367' title='bbox 487 3143 648 3201; x_wconf 86' lang='lat' dir='ltr'>voluissent</span> <span class='ocrx_word' id='word_1_368' title='bbox 661 3142 818 3202; x_wconf 86' lang='lat' dir='ltr'>attendere.</span> <span class='ocrx_word' id='word_1_369' title='bbox 854 3141 942 3199; x_wconf 89' lang='lat' dir='ltr'>Fides</span> <span class='ocrx_word' id='word_1_370' title='bbox 958 3153 1027 3217; x_wconf 56' lang='lat' dir='ltr'>erga</span> <span class='ocrx_word' id='word_1_371' title='bbox 1041 3141 1168 3216; x_wconf 87' lang='lat' dir='ltr'>ipsorum</span> <span class='ocrx_word' id='word_1_372' title='bbox 1182 3139 1276 3216; x_wconf 92' lang='lat' dir='ltr'>potuit</span> <span class='ocrx_word' id='word_1_373' title='bbox 1289 3160 1354 3200; x_wconf 88' lang='lat' dir='ltr'>esse</span> 
     </span>
     <span class='ocr_line' id='line_1_36' title="bbox 153 3218 1352 3298; baseline 0 -21"><span class='ocrx_word' id='word_1_374' title='bbox 153 3239 225 3278; x_wconf 81' lang='lat' dir='ltr'>vere</span> <span class='ocrx_word' id='word_1_375' title='bbox 239 3221 335 3297; x_wconf 83' lang='lat' dir='ltr'>quoad</span> <span class='ocrx_word' id='word_1_376' title='bbox 348 3221 502 3298; x_wconf 89' lang='lat' dir='ltr'>objectum,</span> <span class='ocrx_word' id='word_1_377' title='bbox 518 3221 648 3280; x_wconf 89' lang='lat' dir='ltr'>sedeam</span> <span class='ocrx_word' id='word_1_378' title='bbox 663 3241 758 3280; x_wconf 89' lang='lat' dir='ltr'>errore</span> <span class='ocrx_word' id='word_1_379' title='bbox 772 3221 866 3279; x_wconf 85' lang='lat' dir='ltr'>adhuc</span> <span class='ocrx_word' id='word_1_380' title='bbox 880 3219 980 3294; x_wconf 84' lang='lat' dir='ltr'>mixta,</span> <span class='ocrx_word' id='word_1_381' title='bbox 995 3218 1108 3294; x_wconf 87' lang='lat' dir='ltr'>hausto,</span> <span class='ocrx_word' id='word_1_382' title='bbox 1124 3237 1183 3277; x_wconf 89' lang='lat' dir='ltr'>non</span> <span class='ocrx_word' id='word_1_383' title='bbox 1197 3239 1236 3277; x_wconf 88' lang='lat' dir='ltr'>ex</span> <span class='ocrx_word' id='word_1_384' title='bbox 1257 3219 1352 3298; x_wconf 83' lang='lat' dir='ltr'>Scrip-</span> 
     </span>
     <span class='ocr_line' id='line_1_37' title="bbox 153 3298 1353 3377; baseline -0.001 -19"><span class='ocrx_word' id='word_1_385' title='bbox 153 3307 228 3374; x_wconf 86' lang='lat' dir='ltr'>tura,</span> <span class='ocrx_word' id='word_1_386' title='bbox 248 3320 287 3358; x_wconf 89' lang='lat' dir='ltr'>ex</span> <span class='ocrx_word' id='word_1_387' title='bbox 305 3320 363 3377; x_wconf 88' lang='lat' dir='ltr'>qua</span> <span class='ocrx_word' id='word_1_388' title='bbox 382 3300 573 3376; x_wconf 86' lang='lat' dir='ltr'>redarguitur,</span> <span class='ocrx_word' id='word_1_389' title='bbox 590 3301 660 3359; x_wconf 91' lang='lat' dir='ltr'>Luc.</span> <span class='ocrx_word' id='word_1_390' title='bbox 675 3301 757 3360; x_wconf 86' lang='lat' dir='ltr'>xxiv.</span> <span class='ocrx_word' id='word_1_391' title='bbox 772 3305 820 3376; x_wconf 87' lang='grc'>27,</span> <span class='ocrx_word' id='word_1_392' title='bbox 837 3298 888 3358; x_wconf 91' lang='lat' dir='ltr'>sed</span> <span class='ocrx_word' id='word_1_393' title='bbox 909 3319 946 3357; x_wconf 90' lang='lat' dir='ltr'>ex</span> <span class='ocrx_word' id='word_1_394' title='bbox 967 3317 1085 3357; x_wconf 89' lang='lat' dir='ltr'>erronea</span> <span class='ocrx_word' id='word_1_395' title='bbox 1099 3298 1270 3358; x_wconf 79' lang='lat' dir='ltr'>Judaeorum</span> <span class='ocrx_word' id='word_1_396' title='bbox 1289 3318 1353 3377; x_wconf 90' lang='lat' dir='ltr'>per·</span> 
     </span>
     <span class='ocr_line' id='line_1_38' title="bbox 153 3379 951 3456; baseline -0.001 -19"><span class='ocrx_word' id='word_1_397' title='bbox 153 3379 289 3438; x_wconf 85' lang='lat' dir='ltr'>suasione</span> <span class='ocrx_word' id='word_1_398' title='bbox 302 3379 338 3438; x_wconf 91' lang='lat' dir='ltr'>de</span> <span class='ocrx_word' id='word_1_399' title='bbox 353 3399 443 3456; x_wconf 88' lang='lat' dir='ltr'>regno</span> <span class='ocrx_word' id='word_1_400' title='bbox 457 3379 565 3439; x_wconf 90' lang='lat' dir='ltr'>Christi</span> <span class='ocrx_word' id='word_1_401' title='bbox 578 3389 700 3454; x_wconf 90' lang='lat' dir='ltr'>terreno,</span> <span class='ocrx_word' id='word_1_402' title='bbox 716 3381 821 3438; x_wconf 89' lang='lat' dir='ltr'>Matth.</span> <span class='ocrx_word' id='word_1_403' title='bbox 837 3399 887 3437; x_wconf 88' lang='lat' dir='ltr'>xx.</span> <span class='ocrx_word' id='word_1_404' title='bbox 903 3381 951 3436; x_wconf 92' lang='grc'>21.</span> 
     </span>
    </p>

    <p class='ocr_par' dir='ltr' id='par_1_6' title="bbox 153 3455 1357 4170">
     <span class='ocr_line' id='line_1_39' title="bbox 198 3455 1354 3535; baseline 0.001 -20"><span class='ocrx_word' id='word_1_405' title='bbox 198 3457 284 3516; x_wconf 89' lang='lat' dir='ltr'>XLI.</span> <span class='ocrx_word' id='word_1_406' title='bbox 308 3458 339 3518; x_wconf 87' lang='lat' dir='ltr'>Si</span> <span class='ocrx_word' id='word_1_407' title='bbox 354 3459 490 3535; x_wconf 85' lang='lat' dir='ltr'>Apostoli</span> <span class='ocrx_word' id='word_1_408' title='bbox 511 3458 654 3518; x_wconf 91' lang='lat' dir='ltr'>interdum</span> <span class='ocrx_word' id='word_1_409' title='bbox 675 3469 819 3519; x_wconf 89' lang='lat' dir='ltr'>terrenum</span> <span class='ocrx_word' id='word_1_410' title='bbox 840 3466 870 3517; x_wconf 93' lang='grc'>11</span> <span class='ocrx_word' id='word_1_411' title='bbox 890 3456 1004 3516; x_wconf 86' lang='lat' dir='ltr'>carnale</span> <span class='ocrx_word' id='word_1_412' title='bbox 1026 3475 1147 3533; x_wconf 90' lang='lat' dir='ltr'>regnum</span> <span class='ocrx_word' id='word_1_413' title='bbox 1170 3455 1277 3515; x_wconf 88' lang='lat' dir='ltr'>Christi</span> <span class='ocrx_word' id='word_1_414' title='bbox 1298 3457 1354 3516; x_wconf 89' lang='lat' dir='ltr'>sibi</span> 
     </span>
     <span class='ocr_line' id='line_1_40' title="bbox 153 3534 1355 3616; baseline -0.002 -20"><span class='ocrx_word' id='word_1_415' title='bbox 153 3537 306 3614; x_wconf 87' lang='lat' dir='ltr'>imaginati</span> <span class='ocrx_word' id='word_1_416' title='bbox 320 3547 395 3614; x_wconf 84' lang='lat' dir='ltr'>sunt,</span> <span class='ocrx_word' id='word_1_417' title='bbox 417 3557 475 3595; x_wconf 91' lang='lat' dir='ltr'>non</span> <span class='ocrx_word' id='word_1_418' title='bbox 493 3545 553 3596; x_wconf 89' lang='lat' dir='ltr'>tam</span> <span class='ocrx_word' id='word_1_419' title='bbox 573 3537 628 3596; x_wconf 83' lang='lat' dir='ltr'>fuit</span> <span class='ocrx_word' id='word_1_420' title='bbox 648 3539 826 3615; x_wconf 85' lang='lat' dir='ltr'>ignorantiae,</span> <span class='ocrx_word' id='word_1_421' title='bbox 842 3557 928 3614; x_wconf 89' lang='lat' dir='ltr'>quam</span> <span class='ocrx_word' id='word_1_422' title='bbox 942 3534 1071 3608; x_wconf 47' lang='lat' dir='ltr'>&amp;aritae</span> <span class='ocrx_word' id='word_1_423' title='bbox 1086 3544 1115 3594; x_wconf 92' lang='lat' dir='ltr'>et</span> <span class='ocrx_word' id='word_1_424' title='bbox 1129 3541 1282 3616; x_wconf 67' lang='grc' dir='ltr'>πςηηπὶις,</span> <span class='ocrx_word' id='word_1_425' title='bbox 1303 3557 1355 3614; x_wconf 92' lang='lat' dir='ltr'>per</span> 
     </span>
     <span class='ocr_line' id='line_1_41' title="bbox 154 3613 1355 3695; baseline -0.002 -20"><span class='ocrx_word' id='word_1_426' title='bbox 154 3635 242 3693; x_wconf 91' lang='lat' dir='ltr'>quam</span> <span class='ocrx_word' id='word_1_427' title='bbox 256 3616 373 3690; x_wconf 88' lang='lat' dir='ltr'>factum,</span> <span class='ocrx_word' id='word_1_428' title='bbox 388 3625 421 3676; x_wconf 90' lang='lat' dir='ltr'>ut</span> <span class='ocrx_word' id='word_1_429' title='bbox 433 3617 482 3676; x_wconf 86' lang='lat' dir='ltr'>vel</span> <span class='ocrx_word' id='word_1_430' title='bbox 496 3636 553 3675; x_wconf 91' lang='lat' dir='ltr'>non</span> <span class='ocrx_word' id='word_1_431' title='bbox 568 3635 681 3695; x_wconf 86' lang='lat' dir='ltr'>semper</span> <span class='ocrx_word' id='word_1_432' title='bbox 694 3617 848 3695; x_wconf 85' lang='lat' dir='ltr'>cogitarint</span> <span class='ocrx_word' id='word_1_433' title='bbox 861 3617 898 3675; x_wconf 90' lang='lat' dir='ltr'>de</span> <span class='ocrx_word' id='word_1_434' title='bbox 911 3617 967 3674; x_wconf 90' lang='lat' dir='ltr'>hoe</span> <span class='ocrx_word' id='word_1_435' title='bbox 980 3615 1127 3692; x_wconf 88' lang='lat' dir='ltr'>mysteri0,</span> <span class='ocrx_word' id='word_1_436' title='bbox 1143 3616 1192 3675; x_wconf 77' lang='lat' dir='ltr'>vel</span> <span class='ocrx_word' id='word_1_437' title='bbox 1205 3613 1355 3675; x_wconf 84' lang='lat' dir='ltr'>affectibus</span> 
     </span>
     <span class='ocr_line' id='line_1_42' title="bbox 154 3693 1355 3772; baseline -0.002 -18"><span class='ocrx_word' id='word_1_438' title='bbox 154 3696 245 3754; x_wconf 86' lang='lat' dir='ltr'>variis</span> <span class='ocrx_word' id='word_1_439' title='bbox 258 3696 422 3755; x_wconf 87' lang='lat' dir='ltr'>carnalibus</span> <span class='ocrx_word' id='word_1_440' title='bbox 435 3695 466 3754; x_wconf 91' lang='lat' dir='ltr'>in</span> <span class='ocrx_word' id='word_1_441' title='bbox 479 3704 676 3756; x_wconf 87' lang='lat' dir='ltr'>transversam</span> <span class='ocrx_word' id='word_1_442' title='bbox 689 3695 797 3757; x_wconf 86' lang='lat' dir='ltr'>luerint</span> <span class='ocrx_word' id='word_1_443' title='bbox 810 3695 930 3772; x_wconf 84' lang='lat' dir='ltr'>abrepti,</span> <span class='ocrx_word' id='word_1_444' title='bbox 945 3702 975 3754; x_wconf 92' lang='grc'>11</span> <span class='ocrx_word' id='word_1_445' title='bbox 995 3693 1135 3772; x_wconf 72' lang='lat' dir='ltr'>precipiti</span> <span class='ocrx_word' id='word_1_446' title='bbox 1155 3695 1281 3772; x_wconf 83' lang='lat' dir='ltr'>quodam</span> <span class='ocrx_word' id='word_1_447' title='bbox 1302 3695 1355 3752; x_wconf 91' lang='lat' dir='ltr'>im-</span> 
     </span>
     <span class='ocr_line' id='line_1_43' title="bbox 153 3773 1356 3854; baseline -0.001 -21"><span class='ocrx_word' id='word_1_448' title='bbox 153 3782 225 3852; x_wconf 90' lang='lat' dir='ltr'>petu</span> <span class='ocrx_word' id='word_1_449' title='bbox 245 3774 373 3850; x_wconf 87' lang='lat' dir='ltr'>fecerint,</span> <span class='ocrx_word' id='word_1_450' title='bbox 389 3775 437 3834; x_wconf 88' lang='lat' dir='ltr'>vel</span> <span class='ocrx_word' id='word_1_451' title='bbox 457 3774 584 3834; x_wconf 88' lang='lat' dir='ltr'>dixerint</span> <span class='ocrx_word' id='word_1_452' title='bbox 605 3775 785 3854; x_wconf 85' lang='lat' dir='ltr'>quandoque,</span> <span class='ocrx_word' id='word_1_453' title='bbox 806 3795 871 3852; x_wconf 79' lang='lat' dir='ltr'>quae</span> <span class='ocrx_word' id='word_1_454' title='bbox 890 3773 984 3833; x_wconf 89' lang='lat' dir='ltr'>aliena</span> <span class='ocrx_word' id='word_1_455' title='bbox 998 3782 1079 3833; x_wconf 88' lang='lat' dir='ltr'>erant</span> <span class='ocrx_word' id='word_1_456' title='bbox 1099 3773 1136 3832; x_wconf 91' lang='lat' dir='ltr'>ab</span> <span class='ocrx_word' id='word_1_457' title='bbox 1156 3775 1192 3832; x_wconf 91' lang='lat' dir='ltr'>iis</span> <span class='ocrx_word' id='word_1_458' title='bbox 1206 3793 1271 3851; x_wconf 80' lang='lat' dir='ltr'>quse</span> <span class='ocrx_word' id='word_1_459' title='bbox 1285 3774 1356 3832; x_wconf 86' lang='lat' dir='ltr'>satis</span> 
     </span>
     <span class='ocr_line' id='line_1_44' title="bbox 153 3853 1355 3932; baseline -0.002 -20"><span class='ocrx_word' id='word_1_460' title='bbox 153 3853 302 3914; x_wconf 88' lang='lat' dir='ltr'>habebant</span> <span class='ocrx_word' id='word_1_461' title='bbox 314 3861 468 3932; x_wconf 85' lang='lat' dir='ltr'>comperta,</span> <span class='ocrx_word' id='word_1_462' title='bbox 483 3862 517 3914; x_wconf 90' lang='lat' dir='ltr'>ut</span> <span class='ocrx_word' id='word_1_463' title='bbox 529 3854 560 3912; x_wconf 92' lang='lat' dir='ltr'>in</span> <span class='ocrx_word' id='word_1_464' title='bbox 573 3855 673 3914; x_wconf 89' lang='lat' dir='ltr'>multis</span> <span class='ocrx_word' id='word_1_465' title='bbox 686 3855 751 3914; x_wconf 90' lang='lat' dir='ltr'>aliis</span> <span class='ocrx_word' id='word_1_466' title='bbox 764 3853 865 3914; x_wconf 90' lang='lat' dir='ltr'>eadem</span> <span class='ocrx_word' id='word_1_467' title='bbox 883 3853 919 3912; x_wconf 91' lang='lat' dir='ltr'>dc</span> <span class='ocrx_word' id='word_1_468' title='bbox 931 3872 1018 3912; x_wconf 86' lang='lat' dir='ltr'>eausa</span> <span class='ocrx_word' id='word_1_469' title='bbox 1031 3872 1107 3930; x_wconf 87' lang='lat' dir='ltr'>saepe</span> <span class='ocrx_word' id='word_1_470' title='bbox 1121 3853 1275 3929; x_wconf 85' lang='lat' dir='ltr'>impegere,</span> <span class='ocrx_word' id='word_1_471' title='bbox 1290 3870 1355 3928; x_wconf 80' lang='lat' dir='ltr'>quse</span> 
     </span>
     <span class='ocr_line' id='line_1_45' title="bbox 154 3932 1356 4009; baseline -0.002 -18"><span class='ocrx_word' id='word_1_472' title='bbox 154 3943 298 3992; x_wconf 85' lang='lat' dir='ltr'>noverant</span> <span class='ocrx_word' id='word_1_473' title='bbox 310 3933 405 3992; x_wconf 91' lang='lat' dir='ltr'>aliena</span> <span class='ocrx_word' id='word_1_474' title='bbox 418 3953 482 3993; x_wconf 90' lang='lat' dir='ltr'>csse</span> <span class='ocrx_word' id='word_1_475' title='bbox 496 3953 513 3991; x_wconf 98' lang='lat' dir='ltr'>a</span> <span class='ocrx_word' id='word_1_476' title='bbox 528 3953 580 3993; x_wconf 88' lang='lat' dir='ltr'>suo</span> <span class='ocrx_word' id='word_1_477' title='bbox 594 3933 696 4009; x_wconf 89' lang='lat' dir='ltr'>officio,</span> <span class='ocrx_word' id='word_1_478' title='bbox 712 3942 744 3994; x_wconf 93' lang='lat' dir='ltr'>ut</span> <span class='ocrx_word' id='word_1_479' title='bbox 757 3933 827 3993; x_wconf 90' lang='lat' dir='ltr'>dum</span> <span class='ocrx_word' id='word_1_480' title='bbox 840 3932 971 3991; x_wconf 91' lang='lat' dir='ltr'>homines</span> <span class='ocrx_word' id='word_1_481' title='bbox 986 3932 1093 3991; x_wconf 85' lang='lat' dir='ltr'>Christi</span> <span class='ocrx_word' id='word_1_482' title='bbox 1107 3950 1189 4008; x_wconf 91' lang='lat' dir='ltr'>opem</span> <span class='ocrx_word' id='word_1_483' title='bbox 1203 3938 1356 4006; x_wconf 80' lang='lat' dir='ltr'>poscentes</span> 
     </span>
     <span class='ocr_line' id='line_1_46' title="bbox 154 4009 1357 4090; baseline -0.003 -18"><span class='ocrx_word' id='word_1_484' title='bbox 154 4021 283 4072; x_wconf 83' lang='lat' dir='ltr'>semotos</span> <span class='ocrx_word' id='word_1_485' title='bbox 297 4013 408 4088; x_wconf 89' lang='lat' dir='ltr'>volunt,</span> <span class='ocrx_word' id='word_1_486' title='bbox 424 4020 453 4072; x_wconf 92' lang='lat' dir='ltr'>et</span> <span class='ocrx_word' id='word_1_487' title='bbox 466 4011 563 4090; x_wconf 86' lang='lat' dir='ltr'>ignem</span> <span class='ocrx_word' id='word_1_488' title='bbox 578 4014 679 4073; x_wconf 90' lang='lat' dir='ltr'>eccelo</span> <span class='ocrx_word' id='word_1_489' title='bbox 693 4013 723 4072; x_wconf 94' lang='lat' dir='ltr'>in</span> <span class='ocrx_word' id='word_1_490' title='bbox 739 4012 935 4073; x_wconf 73' lang='lat' dir='ltr'>samaritanos</span> <span class='ocrx_word' id='word_1_491' title='bbox 946 4011 1116 4085; x_wconf 88' lang='lat' dir='ltr'>immissum,</span> <span class='ocrx_word' id='word_1_492' title='bbox 1131 4009 1201 4068; x_wconf 89' lang='lat' dir='ltr'>dum</span> <span class='ocrx_word' id='word_1_493' title='bbox 1211 4009 1314 4068; x_wconf 89' lang='lat' dir='ltr'>nolunt</span> <span class='ocrx_word' id='word_1_494' title='bbox 1323 4017 1357 4070; x_wconf 88' lang='lat' dir='ltr'>ut</span> 
     </span>
     <span class='ocr_line' id='line_1_47' title="bbox 155 4091 703 4170; baseline -0.002 -19"><span class='ocrx_word' id='word_1_495' title='bbox 155 4091 178 4151; x_wconf 87' lang='lat' dir='ltr'>J</span> <span class='ocrx_word' id='word_1_496' title='bbox 179 4093 373 4170; x_wconf 85' lang='lat' dir='ltr'>erosolymam</span> <span class='ocrx_word' id='word_1_497' title='bbox 386 4091 531 4167; x_wconf 87' lang='lat' dir='ltr'>ascendat,</span> <span class='ocrx_word' id='word_1_498' title='bbox 546 4101 576 4152; x_wconf 90' lang='lat' dir='ltr'>et</span> <span class='ocrx_word' id='word_1_499' title='bbox 589 4093 703 4152; x_wconf 82' lang='lat' dir='ltr'>similia</span> 
     </span>
    </p>

    <p class='ocr_par' dir='ltr' id='par_1_7' title="bbox 198 4167 1355 4249">
     <span class='ocr_line' id='line_1_48' title="bbox 198 4167 1355 4249; baseline -0.003 -20"><span class='ocrx_word' id='word_1_500' title='bbox 198 4171 303 4230; x_wconf 91' lang='lat' dir='ltr'>XLII.</span> <span class='ocrx_word' id='word_1_501' title='bbox 327 4171 359 4230; x_wconf 85' lang='lat' dir='ltr'>Si</span> <span class='ocrx_word' id='word_1_502' title='bbox 374 4171 478 4231; x_wconf 89' lang='lat' dir='ltr'>Petrus</span> <span class='ocrx_word' id='word_1_503' title='bbox 490 4171 675 4249; x_wconf 89' lang='lat' dir='ltr'>reprehendit</span> <span class='ocrx_word' id='word_1_504' title='bbox 688 4172 834 4231; x_wconf 85' lang='lat' dir='ltr'>Christum</span> <span class='ocrx_word' id='word_1_505' title='bbox 846 4171 1013 4248; x_wconf 88' lang='lat' dir='ltr'>loquentem</span> <span class='ocrx_word' id='word_1_506' title='bbox 1024 4167 1060 4226; x_wconf 90' lang='lat' dir='ltr'>de</span> <span class='ocrx_word' id='word_1_507' title='bbox 1071 4185 1164 4241; x_wconf 89' lang='lat' dir='ltr'>eruce,</span> <span class='ocrx_word' id='word_1_508' title='bbox 1177 4167 1282 4226; x_wconf 88' lang='lat' dir='ltr'>Matth.</span> <span class='ocrx_word' id='word_1_509' title='bbox 1294 4167 1355 4225; x_wconf 80' lang='lat' dir='ltr'>xvi</span> 
     </span>
    </p>
   </div>
   <div class='ocr_carea' id='block_1_3' title="bbox 155 4244 1360 4728">
    <p class='ocr_par' dir='ltr' id='par_1_8' title="bbox 155 4244 1360 4728">
     <span class='ocr_line' id='line_1_49' title="bbox 155 4244 1356 4328; baseline -0.004 -20"><span class='ocrx_word' id='word_1_510' title='bbox 155 4253 309 4324; x_wconf 64' lang='grc'><strong>1211111</strong></span> <span class='ocrx_word' id='word_1_511' title='bbox 328 4251 413 4311; x_wconf 89' lang='lat' dir='ltr'>istius</span> <span class='ocrx_word' id='word_1_512' title='bbox 427 4251 582 4326; x_wconf 63' lang='lat' dir='ltr'>irrupimus</span> <span class='ocrx_word' id='word_1_513' title='bbox 596 4271 654 4310; x_wconf 89' lang='lat' dir='ltr'>non</span> <span class='ocrx_word' id='word_1_514' title='bbox 673 4251 728 4310; x_wconf 87' lang='lat' dir='ltr'>fuit</span> <span class='ocrx_word' id='word_1_515' title='bbox 747 4250 911 4328; x_wconf 84' lang='lat' dir='ltr'>ignorantia</span> <span class='ocrx_word' id='word_1_516' title='bbox 924 4249 1057 4308; x_wconf 87' lang='lat' dir='ltr'>absoluta</span> <span class='ocrx_word' id='word_1_517' title='bbox 1076 4245 1207 4322; x_wconf 82' lang='lat' dir='ltr'>mysterii</span> <span class='ocrx_word' id='word_1_518' title='bbox 1226 4244 1356 4322; x_wconf 88' lang='lat' dir='ltr'>redemp-</span> 
     </span>
     <span class='ocr_line' id='line_1_50' title="bbox 155 4329 1358 4408; baseline -0.006 -20"><span class='ocrx_word' id='word_1_519' title='bbox 155 4330 254 4405; x_wconf 85' lang='lat' dir='ltr'>tionis,</span> <span class='ocrx_word' id='word_1_520' title='bbox 266 4331 314 4389; x_wconf 90' lang='lat' dir='ltr'>vel</span> <span class='ocrx_word' id='word_1_521' title='bbox 327 4331 429 4389; x_wconf 85' lang='lat' dir='ltr'>mortis</span> <span class='ocrx_word' id='word_1_522' title='bbox 439 4332 511 4408; x_wconf 84' lang='lat' dir='ltr'>ejus,</span> <span class='ocrx_word' id='word_1_523' title='bbox 523 4331 665 4408; x_wconf 88' lang='lat' dir='ltr'>siqnidem</span> <span class='ocrx_word' id='word_1_524' title='bbox 675 4330 827 4389; x_wconf 86' lang='lat' dir='ltr'>audiverat</span> <span class='ocrx_word' id='word_1_525' title='bbox 837 4330 859 4389; x_wconf 91' lang='lat' dir='ltr'><strong>J</strong></span> <span class='ocrx_word' id='word_1_526' title='bbox 860 4329 1002 4388; x_wconf 89' lang='lat' dir='ltr'>ohannem</span> <span class='ocrx_word' id='word_1_527' title='bbox 1012 4331 1165 4384; x_wconf 87' lang='lat' dir='ltr'>testantem</span> <span class='ocrx_word' id='word_1_528' title='bbox 1176 4343 1239 4382; x_wconf 89' lang='lat' dir='ltr'>esse</span> <span class='ocrx_word' id='word_1_529' title='bbox 1250 4343 1358 4400; x_wconf 86' lang='lat' dir='ltr'>egnum</span> 
     </span>
     <span class='ocr_line' id='line_1_51' title="bbox 158 4402 1358 4486; baseline -0.005 -19"><span class='ocrx_word' id='word_1_530' title='bbox 158 4408 217 4467; x_wconf 90' lang='lat' dir='ltr'>Dei</span> <span class='ocrx_word' id='word_1_531' title='bbox 230 4409 380 4468; x_wconf 86' lang='lat' dir='ltr'>tollentem</span> <span class='ocrx_word' id='word_1_532' title='bbox 397 4418 516 4486; x_wconf 84' lang='lat' dir='ltr'>peccata</span> <span class='ocrx_word' id='word_1_533' title='bbox 529 4411 638 4486; x_wconf 89' lang='lat' dir='ltr'>mundi,</span> <span class='ocrx_word' id='word_1_534' title='bbox 653 4419 683 4468; x_wconf 89' lang='lat' dir='ltr'>et</span> <span class='ocrx_word' id='word_1_535' title='bbox 697 4409 843 4468; x_wconf 85' lang='lat' dir='ltr'>Christum</span> <span class='ocrx_word' id='word_1_536' title='bbox 863 4408 958 4485; x_wconf 91' lang='lat' dir='ltr'>ipsum</span> <span class='ocrx_word' id='word_1_537' title='bbox 972 4403 1175 4464; x_wconf 87' lang='lat' dir='ltr'>dissertissimo</span> <span class='ocrx_word' id='word_1_538' title='bbox 1188 4402 1358 4462; x_wconf 88' lang='lat' dir='ltr'>destructio-</span> 
     </span>
     <span class='ocr_line' id='line_1_52' title="bbox 155 4481 1358 4566; baseline -0.006 -20"><span class='ocrx_word' id='word_1_539' title='bbox 155 4507 225 4546; x_wconf 87' lang='lat' dir='ltr'>nem</span> <span class='ocrx_word' id='word_1_540' title='bbox 238 4488 354 4566; x_wconf 84' lang='lat' dir='ltr'>Templi</span> <span class='ocrx_word' id='word_1_541' title='bbox 375 4489 502 4566; x_wconf 89' lang='lat' dir='ltr'>corporis</span> <span class='ocrx_word' id='word_1_542' title='bbox 516 4489 569 4563; x_wconf 85' lang='lat' dir='ltr'>eui,</span> <span class='ocrx_word' id='word_1_543' title='bbox 587 4499 617 4550; x_wconf 91' lang='grc'>11</span> <span class='ocrx_word' id='word_1_544' title='bbox 630 4509 739 4548; x_wconf 89' lang='lat' dir='ltr'>moram</span> <span class='ocrx_word' id='word_1_545' title='bbox 755 4507 836 4547; x_wconf 88' lang='lat' dir='ltr'>suam</span> <span class='ocrx_word' id='word_1_546' title='bbox 849 4487 1012 4546; x_wconf 84' lang='lat' dir='ltr'>triduanam</span> <span class='ocrx_word' id='word_1_547' title='bbox 1032 4485 1062 4541; x_wconf 89' lang='lat' dir='ltr'>in</span> <span class='ocrx_word' id='word_1_548' title='bbox 1084 4481 1235 4559; x_wconf 88' lang='lat' dir='ltr'>sepulchro</span> <span class='ocrx_word' id='word_1_549' title='bbox 1255 4481 1358 4558; x_wconf 80' lang='lat' dir='ltr'>pradi-</span> 
     </span>
     <span class='ocr_line' id='line_1_53' title="bbox 157 4561 1359 4644; baseline -0.005 -19"><span class='ocrx_word' id='word_1_550' title='bbox 157 4575 281 4642; x_wconf 79' lang='lat' dir='ltr'>cantem,</span> <span class='ocrx_word' id='word_1_551' title='bbox 297 4569 319 4628; x_wconf 91' lang='lat' dir='ltr'><strong>J</strong></span> <span class='ocrx_word' id='word_1_552' title='bbox 320 4587 346 4625; x_wconf 91' lang='grc' dir='ltr'>ο.</span> <span class='ocrx_word' id='word_1_553' title='bbox 361 4567 391 4626; x_wconf 91' lang='lat' dir='ltr'>ii.</span> <span class='ocrx_word' id='word_1_554' title='bbox 408 4569 455 4642; x_wconf 87' lang='grc'>19,</span> <span class='ocrx_word' id='word_1_555' title='bbox 471 4575 500 4626; x_wconf 90' lang='grc'>11</span> <span class='ocrx_word' id='word_1_556' title='bbox 514 4569 586 4627; x_wconf 88' lang='grc' dir='ltr'><strong>Μ11.</strong></span> <span class='ocrx_word' id='word_1_557' title='bbox 601 4569 652 4628; x_wconf 87' lang='lat' dir='ltr'>xii.</span> <span class='ocrx_word' id='word_1_558' title='bbox 668 4571 717 4643; x_wconf 85' lang='lat'>39,</span> <span class='ocrx_word' id='word_1_559' title='bbox 732 4569 780 4643; x_wconf 84' lang='lat'>40,</span> <span class='ocrx_word' id='word_1_560' title='bbox 800 4575 904 4644; x_wconf 84' lang='lat' dir='ltr'>prester</span> <span class='ocrx_word' id='word_1_561' title='bbox 923 4565 987 4642; x_wconf 88' lang='lat' dir='ltr'>ipsa</span> <span class='ocrx_word' id='word_1_562' title='bbox 1006 4563 1214 4641; x_wconf 90' lang='lat' dir='ltr'>Prophetarum</span> <span class='ocrx_word' id='word_1_563' title='bbox 1227 4561 1359 4637; x_wconf 69' lang='lat' dir='ltr'>oracula,</span> 
     </span>
     <span class='ocr_line' id='line_1_54' title="bbox 157 4639 1360 4728; baseline -0.004 -23"><span class='ocrx_word' id='word_1_564' title='bbox 157 4645 219 4705; x_wconf 83' lang='lat' dir='ltr'>Sed</span> <span class='ocrx_word' id='word_1_565' title='bbox 238 4645 293 4707; x_wconf 80' lang='lat' dir='ltr'>fait</span> <span class='ocrx_word' id='word_1_566' title='bbox 307 4647 439 4727; x_wconf 71' lang='grc' dir='ltr'>πςηίπκ</span> <span class='ocrx_word' id='word_1_567' title='bbox 452 4655 480 4706; x_wconf 92' lang='grc'>11</span> <span class='ocrx_word' id='word_1_568' title='bbox 493 4647 611 4728; x_wconf 55' lang='lat' dir='ltr'>iamim</span> <span class='ocrx_word' id='word_1_569' title='bbox 631 4649 718 4707; x_wconf 90' lang='lat' dir='ltr'>Petro</span> <span class='ocrx_word' id='word_1_570' title='bbox 737 4645 889 4720; x_wconf 85' lang='lat' dir='ltr'>ordinaria,</span> <span class='ocrx_word' id='word_1_571' title='bbox 909 4665 974 4722; x_wconf 85' lang='lat' dir='ltr'>quas</span> <span class='ocrx_word' id='word_1_572' title='bbox 994 4642 1141 4703; x_wconf 89' lang='lat' dir='ltr'>hominem</span> <span class='ocrx_word' id='word_1_573' title='bbox 1159 4659 1235 4720; x_wconf 79' lang='lat' dir='ltr'>saepe</span> <span class='ocrx_word' id='word_1_574' title='bbox 1255 4639 1360 4718; x_wconf 87' lang='lat' dir='ltr'>abripit</span> 
     </span>
    </p>
   </div>
   <div class='ocr_carea' id='block_1_4' title="bbox 0 0 1586 5206">
    <p class='ocr_par' dir='ltr' id='par_1_9' title="bbox 0 0 1586 5206">
     <span class='ocr_line' id='line_1_55' title="bbox 0 0 1586 5206; baseline 0 0"><span class='ocrx_word' id='word_1_575' title='bbox 0 0 1586 5206; x_wconf 95' lang='lat' dir='ltr'> </span> 
     </span>
    </p>
   </div>
  </div>
 </body>
</html>
