3192 5206
22 139 24 160 l

22 177 24 200 l

22 367 24 392 l

22 433 31 562 ,
153 409 263 460 Quaem.
281 391 338 473 v1.]
517 413 555 452 us
571 413 703 454 rauracus
720 413 756 452 ur
771 413 864 452 arare
881 413 1007 453 rrrursrr.
1312 401 1368 454 2ῑῖ

150 573 288 631 expressa
310 553 431 611 duarum
457 563 623 614 naturarum
649 555 764 630 Christi,
790 555 900 613 Diuinoe
922 563 983 613 tum
998 557 1154 635 perparuit
1176 558 1366 629 &subsanuari

149 635 213 707 Dei,
230 633 260 690 in
275 653 334 709 qua
345 633 450 693 dicitur
464 633 561 710 fuisse,
578 645 607 694 et
620 655 672 713 per
685 636 873 712 (equalitatem
887 656 949 694 cnm
963 637 1035 710 Deo,
1052 655 1138 712 quam
1152 637 1282 713 rapinam
1306 657 1365 695 non

149 713 233 772 duxit
239 713 296 772 sibi
302 713 436 790 tribuere,
444 716 574 773 humanae
580 736 648 774 vero
658 735 709 792 per
715 717 809 796 μιςφὶιι
817 711 905 773 >oinos
907 720 1039 790 somnam
1047 717 1128 789 sena,
1140 736 1226 792 qnam
1236 736 1364 794 assump-

147 795 189 869 sit,
206 802 232 851 et
239 793 446 852 similitudinem
460 796 609 871 heminam,
625 797 721 873 inqua
734 797 827 854 sactus
839 805 891 854 est.
927 800 962 854 ⁴2.
976 795 1100 854 Unionis
1111 796 1232 855 duarum
1244 797 1363 856 istarum

147 882 314 933 naturarum
328 873 360 931 in
374 893 460 932 unam
471 895 632 952 personam,
645 877 713 953 quia
723 875 808 950 idem,
822 876 871 953 qui
881 877 980 934 eratin
992 876 1111 935 sormam
1125 877 1189 952 Dei,
1202 876 1308 935 dicitur
1318 897 1363 936 as-

149 955 305 1031 sumpsisse
316 953 437 1012 formam
452 955 537 1030 servi,
553 965 582 1014 et
596 955 689 1014 sactus
703 976 765 1014 csse
780 955 817 1014 ad
832 955 1050 1014 similitudinem
1064 956 1212 1016 hominum
1227 977 1285 1014 non
1299 965 1362 1015 tau·

147 1045 207 1094 tum
218 1034 387 1112 apparuisse
401 1035 431 1092 in
445 1034 537 1093 forma
551 1037 636 1110 servi,
652 1045 684 1095 ut
693 1036 927 1114 olimapparebat
936 1037 965 1094 in
980 1036 1071 1094 forma
1091 1035 1216 1095 hominis
1233 1037 1287 1095 sub
1302 1037 1362 1097 Ve-

147 1115 201 1174 teri
210 1114 405 1189 Testamento,
413 1114 559 1174 induendo
566 1115 603 1173 ad
613 1123 727 1194 tempus
738 1115 947 1191 hancformam,
958 1126 1095 1193 tanquam
1101 1126 1212 1176 vestem
1223 1117 1273 1175 vel
1283 1137 1361 1194 sym·

146 1195 244 1253 bolum
270 1195 430 1272 praesentiae
450 1215 518 1270 sua,
535 1196 586 1254 sed
607 1197 745 1272 accepisse
751 1199 881 1271 formem
900 1196 989 1272 illam,
1005 1207 1038 1255 ut
1052 1197 1183 1256 innueret
1197 1216 1295 1255 veram
1317 1218 1362 1256 as·

146 1276 340 1352 sumptionem
352 1283 461 1334 naturae
469 1284 576 1334 uostrae
586 1277 616 1335 iu
627 1279 766 1335 unitatem
778 1296 916 1354 personae.
932 1277 995 1350 Quo
1006 1277 1131 1355 pertinet
1142 1277 1228 1336 etiam
1239 1277 1361 1337 verbum

147 1356 246 1430 hiran,
262 1355 340 1431 quod
351 1374 410 1413 uon
423 1355 585 1432 simpliciter
605 1365 632 1414 et
643 1358 765 1414 absolate
779 1365 824 1416 est
845 1357 1024 1432 sumendum,
1040 1359 1123 1434 quasi
1139 1357 1219 1416 Deus
1234 1377 1297 1416 esse
1311 1358 1361 1416 de-

147 1437 236 1510 sierit,
251 1436 300 1493 vel
322 1435 351 1492 in
365 1435 488 1494 nihilum
502 1436 644 1511 redactus,
660 1437 739 1513 quod
753 1437 789 1496 de
803 1437 865 1495 Deo
880 1445 986 1496 aetemo
1001 1447 1030 1495 et
1044 1437 1226 1511 immutabili,
1242 1438 1361 1516 impium

146 1523 191 1574 est
204 1515 255 1574 vel
269 1516 405 1592 cogitare,
422 1515 473 1574 sed
487 1517 597 1574 ratione
610 1526 699 1575 stema
713 1526 740 1575 et
759 1527 930 1593 comparate,
945 1516 1014 1593 quia
1025 1516 1154 1575 divinam
1168 1517 1290 1594 gloriam
1306 1519 1360 1577 sub

145 1597 212 1655 velo
227 1596 323 1654 camis
337 1596 501 1670 occultavit,
518 1604 547 1655 et
557 1597 640 1674 quasi
654 1597 796 1675 deposuit,
812 1617 868 1655 non
891 1596 1063 1655 dimittendo
1077 1596 1157 1673 quod
1170 1605 1240 1671 erat,
1250 1598 1302 1656 sed
1316 1616 1362 1656 as-

145 1675 287 1736 sumendo
301 1673 380 1753 quod
393 1695 451 1734 nou
466 1684 534 1751 erat,
550 1685 580 1734 et
593 1684 626 1734 ut
639 1676 752 1754 proprie
766 1677 887 1734 verbum
903 1678 995 1736 attan
1009 1677 1152 1753 importat,
1169 1695 1199 1734 se
1208 1679 1360 1754 evacuavit,

146 1757 195 1815 vel
209 1757 345 1815 evacuari
360 1757 439 1814 visus
453 1766 497 1815 est
507 1756 585 1814 omui
599 1757 649 1814 illa
663 1756 764 1834 gloria,
780 1776 845 1833 quae
854 1765 930 1814 recte
942 1755 1091 1832 plenitudo
1106 1756 1231 1814 Deitatis
1245 1755 1360 1832 dicitur,

146 1847 179 1895 ut
193 1845 325 1895 naturam
340 1845 467 1895 nostram
480 1836 577 1911 vilem,
590 1856 654 1913 quae
669 1856 748 1894 mera
761 1845 805 1896 est
819 1836 942 1910 vanitas,
958 1844 988 1894 et
1000 1835 1083 1912 quasi
1097 1835 1219 1894 nihilum
1230 1845 1363 1913 respectu

149 1917 212 1992 Dei,
228 1926 258 1976 et
272 1917 303 1975 in
317 1937 351 1974 ea
370 1925 475 1976 sortem
500 1916 732 1993 abjectissimam,
748 1924 778 1975 et
798 1915 987 1974 miserrimam
1002 1916 1079 1974 servi
1093 1914 1259 1992 susciperet,
1275 1923 1362 1993 atqua

146 1997 187 2056 ita
200 2017 238 2055 ex
254 1998 449 2074 omnipotente
460 1995 598 2071 infirmus,
611 1996 800 2056 eruditissimo
815 2016 931 2074 pauper,
949 1999 966 2053 2
983 1997 1048 2054 Cor.
1063 1995 1123 2054 viii.
1139 1997 1166 2070 9,
1182 2015 1220 2054 ex
1236 1995 1361 2055 Domino

148 2077 328 2154 Angelorum
339 2097 439 2136 servus
453 2076 610 2150 hominum,
626 2097 664 2135 ex
675 2076 802 2154 glorioso
812 2085 841 2135 et
852 2075 1017 2134 felicissimo
1029 2083 1114 2150 statu,
1129 2094 1262 2151 quocum
1275 2076 1360 2135 Patre

144 2157 304 2222 fruebatur,
325 2157 356 2214 in
375 2156 568 2216 tristissimam
582 2157 731 2233 ingressus
745 2165 790 2216 est
804 2155 1006 2232 conditionem,
1022 2157 1052 2213 in
1066 2175 1124 2232 qua
1134 2155 1227 2214 factus
1238 2165 1282 2214 est
1295 2175 1361 2214 ver-

146 2237 209 2311 mis,
222 2257 280 2296 non
291 2238 386 2312 homo,
399 2237 584 2314 opprobrium
593 2236 743 2295 bominum
758 2245 788 2295 et
797 2235 928 2314 dejectus
941 2237 1048 2312 populi,
1067 2235 1145 2294 Psal.
1160 2236 1233 2293 xxii.
1249 2237 1276 2311 6,
1299 2236 1361 2307 sina

145 2317 246 2392 forma,
263 2318 324 2375 sine
339 2318 442 2395 specie,
451 2317 511 2374 Isa.
526 2316 578 2375 liii.
594 2321 622 2392 2,
634 2324 663 2374 et
672 2317 788 2376 excisus
799 2337 832 2375 aa
841 2316 933 2374 veluti
943 2317 973 2373 in
987 2316 1110 2374 nihilum
1121 2315 1262 2391 redactus,
1274 2317 1362 2393 juxta

146 2397 312 2471 Oraculum,
327 2397 401 2455 Dan.
423 2397 462 2454 ix.
486 2399 534 2455 26.

188 2477 279 2536 XIV.
303 2479 423 2536 Frustra
450 2476 497 2534 hic
526 2478 564 2534 ad
592 2475 774 2535 evadendum
803 2475 975 2536 Adversarii
997 2475 1097 2535 dieunt
1124 2479 1150 2534 1.
1177 2479 1271 2556 μιςφιὶι
1296 2484 1362 2535 orat

148 2579 204 2616 non
223 2558 372 2634 decipiare
388 2566 523 2615 naturam
537 2557 670 2632 divinam,
686 2577 748 2632 qum
762 2577 817 2615 noa
831 2567 925 2633 potest
938 2557 1089 2629 exinaniri,
1104 2558 1156 2614 sed
1168 2557 1362 2615 excellentiam

147 2647 172 2696 et
183 2638 346 2714 dipnitatem
366 2645 476 2696 naturae
494 2639 632 2710 laumense,
647 2645 801 2712 spectatam
820 2638 849 2695 in
860 2637 1026 2712 patratione
1040 2636 1252 2710 miraculorum,
1268 2645 1294 2693 et
1308 2657 1358 2694 ra·

147 2719 201 2776 diis
222 2719 277 2776 iilis
298 2737 367 2794 quoa
387 2718 520 2775 exerebat
535 2719 585 2775 nib
603 2719 663 2774 velo
685 2718 789 2776 carnia
832 2716 915 2791 Quia,
933 2716 1040 2791 Primo,
1055 2715 1111 2773 hoc
1126 2734 1213 2773 sensu
1228 2715 1360 2774 Christus

149 2799 320 2876 sumpsisset
341 2797 462 2856 somnam
484 2797 569 2872 servi,
591 2805 745 2873 antequam
767 2794 869 2854 fuisset
890 2796 921 2852 in
941 2794 1033 2852 forma
1047 2795 1112 2868 Dei,
1128 2794 1236 2852 directe
1257 2803 1358 2853 contra

151 2877 284 2954 Paulum,
300 2877 351 2955 qui
366 2877 468 2935 asserit
483 2876 628 2936 Christum
648 2876 711 2953 jam
726 2876 889 2934 substitisse
903 2875 933 2932 in
949 2875 1041 2932 forma
1055 2873 1120 2948 Dei,
1136 2893 1201 2931 cum
1216 2873 1360 2950 acciperet

149 2957 269 3016 formam
291 2957 377 3031 servi,
393 2965 422 3015 et
443 2957 529 3014 talem
553 2955 725 3014 existentem
747 2975 777 3013 se
792 2954 989 3014 exinanivisse
1004 2961 1152 3030 assumpta
1165 2952 1257 3010 forma
1272 2954 1358 3013 servi.

151 3037 293 3114 Secundo,
309 3037 401 3095 forma
416 3036 472 3094 Dei
492 3036 540 3094 hie
562 3043 606 3094 est
615 3055 719 3112 parem
733 3055 789 3093 esse
804 3055 864 3093 cnm
880 3036 952 3107 Deo,
969 3032 1047 3110 quod
1061 3032 1097 3090 de
1111 3051 1283 3108 quacunque
1309 3053 1360 3090 ex·

150 3119 285 3177 cellentia
305 3125 416 3177 natura
437 3115 598 3194 Angelieae,
628 3115 734 3173 nedum
755 3115 888 3172 humanae
910 3112 968 3170 diei
988 3111 1096 3188 nequit.
1140 3111 1278 3188 Apostoli
1300 3119 1359 3170 stu-

149 3198 245 3276 penda
259 3197 398 3256 miracula
411 3204 569 3273 patrarunt,
584 3195 643 3253 imo
657 3196 768 3272 majora
781 3193 852 3271 ipsis
864 3193 972 3252 Christi
981 3191 1138 3265 miraculis,
1156 3191 1176 3250 J
1179 3192 1226 3250 oh.
1238 3191 1298 3250 xiv.
1313 3197 1359 3251 12.

148 3298 201 3338 uec
216 3287 312 3337 tamen
327 3275 393 3336 ideo
403 3285 525 3353 possunt
536 3275 593 3334 dici
607 3295 691 3352 pares
703 3275 775 3333 Deo.
818 3274 925 3346 Tertio,
942 3273 1023 3332 Deus
1036 3291 1095 3329 non
1111 3279 1207 3349 potest
1218 3271 1361 3330 exinaniri

148 3378 200 3436 per
211 3359 313 3436 gloriae
328 3357 565 3430 imminutionem,
582 3355 633 3414 sed
647 3375 698 3432 per
712 3355 775 3432 ejus
795 3354 1024 3428 occultationem,
1040 3371 1098 3410 uon
1113 3351 1191 3429 apud
1205 3351 1300 3411 Deum
1314 3353 1356 3411 in-

148 3439 273 3514 trinsece,
289 3435 341 3496 sed
355 3436 508 3496 extrinsece
521 3435 615 3513 quoad
631 3436 771 3495 homines.
787 3439 815 3492 2.
832 3435 897 3492 Non
911 3433 1015 3492 melius
1025 3431 1129 3491 volunt
1134 3435 1263 3507 somnam
1274 3433 1356 3507 serui,

148 3540 204 3578 non
218 3520 371 3576 humanam
386 3525 519 3576 uentrem
535 3515 642 3575 Geren
660 3525 818 3589 conectere,
833 3517 885 3573 sed
901 3523 1009 3572 tantam
1023 3513 1235 3588 abjectissimam
1251 3512 1361 3573 Christi

149 3599 342 3672 conditionata,
358 3599 425 3674 qnia
445 3605 560 3671 accepta
579 3599 682 3670 forma
701 3596 776 3654 aeroi
793 3595 896 3653 dieitur
910 3602 1018 3652 tentum
1030 3596 1128 3668 faetus
1148 3595 1190 3652 ad
1201 3593 1360 3652 similitudi-

150 3700 211 3738 nem
221 3678 346 3754 dominre,
358 3677 397 3736 id.
408 3677 919 3750 sientlomo,n0aantemsactusbomo
927 3674 1097 3750 simpliciter.
1113 3673 1362 3750 Quiaseparantur

150 3757 363 3836 conjungenda,
380 3756 494 3815 servilis
508 3755 584 3814 enim
599 3754 727 3813 conditio
737 3755 853 3830 Christi,
865 3774 930 3831 quae
942 3774 995 3831 per
1003 3753 1123 3812 formam
1135 3754 1212 3812 servi
1227 3753 1361 3829 designa·

149 3846 204 3914 tur,
220 3857 279 3896 non
294 3835 423 3895 excludit
437 3835 588 3894 veritatem
603 3842 712 3893 naturae
726 3835 868 3909 humana,
885 3833 937 3892 sed
953 3834 1098 3912 supponit,
1113 3833 1253 3910 quianon
1267 3831 1362 3907 potuit

150 3926 257 3978 statum
279 3917 361 3975 illum
382 3915 516 3975 servilem
532 3914 628 3972 subire
642 3913 698 3972 nisi
712 3914 743 3971 in
756 3921 860 3972 natura
873 3914 1008 3972 humana.
1060 3913 1122 3971 Nec
1137 3912 1162 3969 si
1176 3911 1213 3969 ad
1227 3910 1359 3969 similitu-

150 3997 247 4056 dinem
261 3996 412 4056 hominum
426 3995 519 4053 factus
534 3993 646 4068 dicitur,
662 4001 786 4070 negatur
799 3993 935 4053 identitas
950 3991 1084 4070 specifica
1093 3999 1203 4049 naturae
1214 3991 1357 4065 humanae,

150 4077 202 4136 sed
212 4085 325 4137 tantum
339 4075 505 4149 numerica3
528 4073 600 4132 alias
611 4074 717 4132 Sethus
731 4093 789 4132 nou
800 4081 878 4132 esset
888 4073 1018 4150 ejusdem
1029 4078 1138 4128 naturae
1153 4088 1219 4128 cum
1234 4065 1359 4143 Adamo,

151 4158 220 4235 quia
234 4157 340 4215 dicitur
354 4157 447 4215 factus
458 4153 495 4212 ad
509 4154 572 4230 ejus
587 4153 812 4228 similitudinem,
829 4155 904 4213 Gen.
919 4173 948 4210 v.
964 4155 992 4211 3.

178 4256 251 4302 aux
265 4253 278 4299 1
295 4255 358 4300 urm.
445 4233 518 4292 XV.
530 4232 637 4307 Tertio,
645 4233 713 4310 quia
725 4233 830 4293 “Deus
839 4231 1039 4290 manifestatus
1045 4225 1272 4302 estinearue,”l
1285 4225 1360 4286 Tim.

233 4311 323 4367 iii.16;
416 4313 457 4372 iir.
469 4316 515 4386 16,
527 4313 578 4371 uhi
589 4311 654 4372 duae
665 4321 774 4372 natiuae
789 4311 889 4370 divina
903 4319 933 4370 et
945 4311 1072 4368 hnmana
1080 4313 1279 4382 connotantur,
1296 4325 1361 4382 qua

151 4394 182 4451 in
202 4412 355 4471 personam
378 4393 485 4453 Christi
507 4393 676 4452 coaluerunt
696 4411 748 4469 per
764 4391 1009 4464 incamationem;
1031 4387 1103 4445 alias
1120 4405 1178 4444 non
1192 4392 1290 4462 posset
1304 4385 1362 4443 dici

150 4473 227 4531 idem
239 4472 381 4549 Christus,
395 4474 475 4533 Deus
487 4482 516 4532 et
530 4491 605 4548 caro,
620 4473 798 4547 manifestari
810 4471 840 4530 in
853 4489 948 4546 cerne,
964 4469 1040 4527 idam
1055 4475 1099 4525 est
1114 4465 1192 4542 quod
1207 4464 1276 4522 alibi
1286 4485 1360 4539 par·

151 4553 260 4628 tieipem
273 4553 337 4620 fieri
344 4553 438 4612 carnae
449 4552 636 4629 etsanpeinis,
651 4553 727 4610 Heb.
737 4551 767 4610 ii.
781 4555 828 4625 14,
843 4551 914 4630 fleri
923 4567 1036 4607 earnem
1047 4546 1117 4606 Joh.
1129 4546 1148 4605 i.
1166 4547 1212 4619 14,
1228 4553 1255 4602 et
1268 4545 1287 4601 b
1302 4570 1362 4625 eeg-

151 4637 177 4691 at
199 4630 314 4712 'igniet-a
331 4634 425 4692 venire
445 4633 474 4691 t'rt
495 4651 590 4705 carne,
612 4635 631 4690 2
653 4632 724 4691 Joh.
746 4634 775 4689 7.
798 4632 879 4689 Deus
900 4648 959 4687 non
979 4624 1096 4692 tumaide
1119 4626 1170 4685 sed
1192 4628 1363 4690 ὑποστατικῧς

151 4731 255 4790 nempe
279 4712 309 4769 iu
337 4733 460 4790 persona
481 4712 566 4784 Λέγω
590 4711 696 4770 dicitur
716 4709 924 4780 manifestatus,
945 4728 1003 4766 non
1026 4716 1137 4766 tantum
1160 4707 1243 4784 signo
1264 4705 1362 4782 aliquo
