3152 5198
228 324 286 380 612
606 337 698 379 nocue
712 336 841 378 onerans
859 335 1011 376 ssrrrnus.
1263 314 1394 398 [oum.
1415 339 1437 378 1.

228 477 319 554 ipsius
333 486 362 536 et
375 476 442 536 fidei
457 496 513 554 qna
522 476 724 552 justificamur.
768 479 795 534 1.
808 477 888 534 Deae
902 475 933 533 in
947 474 1069 534 Foedere
1078 473 1188 533 Gratia
1202 473 1260 532 duo
1274 474 1333 534 ista
1345 475 1438 538 bene·

229 560 292 615 licia
318 558 476 632 corrjnnxit,
501 577 589 632 qnnm
614 556 765 633 pollicetur
789 555 867 630 quod
889 574 947 612 non
968 553 1168 612 recordaturus
1193 554 1231 612 sit
1248 563 1439 630 peccatorum

227 649 398 710 nostrorum,
415 647 443 694 et
457 636 535 712 quod
549 637 738 712 inscripturus
753 634 790 691 sit
806 635 914 710 Legem
934 635 965 690 in
985 633 1120 692 cordibus
1139 633 1255 706 nostris,
1270 633 1335 692 Jer.
1350 635 1438 693 xxxi.

228 719 276 788 33,
292 719 340 773 34.
383 716 443 773 Nee
458 725 561 774 natura
575 715 637 791 ipsa
652 714 708 771 Dei
721 713 830 790 patitur
850 713 905 770 hoc
919 713 1002 770 aliter
1014 711 1085 770 fieri.
1128 711 1199 769 Cum
1215 711 1291 768 enim
1306 732 1358 789 per
1368 713 1435 786 jus-

226 794 412 853 tificationem
422 796 474 871 jus
487 795 645 852 habeamus
659 791 696 849 ad
710 792 809 864 vitam,
825 811 879 849 nec
892 792 1051 868 ,quisquam
1070 788 1108 848 ad
1121 791 1352 849 communionem
1368 813 1437 850 curn

229 873 291 931 Deo
305 875 397 950 possit
411 873 524 932 admitti
545 872 606 930 sine
628 869 869 946 sanctificatione3
892 889 1010 928 necesse
1031 878 1075 929 est
1095 868 1176 926 illum
1191 888 1277 945 quem
1287 871 1435 944 justificat

229 953 317 1028 Deus,
344 954 430 1012 etiam
454 953 491 1010 ab
513 971 547 1009 eo
575 949 755 1024 sanctificari,
783 957 816 1007 ut
844 949 966 1008 idoneus
992 947 1128 1008 reddatur
1154 947 1192 1006 ad
1219 949 1434 1024 possessionem

228 1032 337 1109 gloria.
380 1033 443 1089 Imo
463 1049 522 1088 non
542 1027 619 1086 tollit
639 1036 750 1086 reatum
767 1027 984 1104 justificatione,
1005 1026 1062 1086 nisi
1082 1035 1115 1086 ut
1135 1027 1297 1104 Imaginem
1311 1041 1435 1089 renovet

227 1130 307 1169 suam
332 1111 362 1167 in
383 1109 468 1167 nobis
491 1126 542 1184 per
566 1106 830 1181 sanctificationem,
872 1106 922 1165 uia
946 1107 1083 1165 sanctitas
1103 1113 1149 1165 est
1166 1105 1233 1163 finis
1248 1105 1392 1184 Fredcris,
1406 1117 1437 1167 et
1550 1161 1551 1170 ,

226 1189 353 1247 omniurn
367 1185 571 1245 beneficiorum
585 1187 657 1263 ejus,
674 1186 744 1245 Luc.
760 1185 778 1243 i.
794 1189 840 1258 68,
886 1207 920 1260 a,
933 1185 1008 1262 Eph.
1023 1185 1042 1244 i.
1058 1191 1086 1244 4.

225 1319 248 1365 2·
259 1319 469 1378 nna...
488 1265 623 1421 silli·
636 1265 961 1420 tarsenses
972 1263 1432 1421 'transtisse

226 1426 350 1487 RatIone
369 1424 472 1503 prioris
492 1443 570 1482 mors
584 1424 648 1500 ejus
662 1431 707 1481 est
720 1441 806 1481 cansa
819 1421 966 1480 meritoria
979 1421 1000 1481 J
1002 1421 1209 1496 ustificationis,
1226 1421 1350 1480 Ratione
1363 1442 1430 1499 pos-

225 1507 339 1567 terioris
367 1511 413 1564 est
436 1523 522 1562 eausa
549 1502 722 1579 exemplaris
743 1499 986 1574 sanctificationis,
1010 1501 1093 1558 Rom.
1108 1500 1148 1557 vi.
1163 1503 1191 1574 4,
1208 1502 1235 1576 5,
1252 1507 1281 1558 et
1294 1501 1356 1558 viii.
1372 1503 1429 1576 295

227 1591 243 1645 1
261 1587 324 1645 Pet.
339 1585 369 1642 ii.
385 1586 433 1643 21.
465 1583 508 1642 Ut
521 1601 590 1657 argo
614 1579 722 1639 nemini
743 1579 828 1638 datur
842 1579 975 1637 Christus
988 1579 1018 1636 in
1033 1578 1155 1652 Vadam,
1168 1577 1215 1636 cui
1228 1597 1288 1637 non
1301 1578 1387 1638 detur
1400 1581 1430 1638 in

226 1667 337 1742 Caput3
360 1663 408 1721 Ita
428 1681 513 1720 nemo
541 1659 649 1718 Christi
672 1658 766 1718 Vadis
792 1659 895 1716 merito
916 1657 1100 1734 justificatur,
1123 1657 1174 1734 qui
1198 1677 1250 1734 per
1273 1656 1429 1718 efficaciam

226 1745 334 1804 Christi
348 1742 457 1818 Capitis
471 1759 529 1798 non
543 1737 737 1798 sanctificetur
750 1737 787 1794 ad
802 1738 864 1814 ejus
874 1735 1044 1812 Imaginem.
1074 1736 1140 1794 Non
1151 1737 1221 1794 satis
1231 1745 1275 1795 est
1284 1737 1431 1796 Christum

225 1833 369 1882 mortuum
384 1839 447 1878 essa
461 1827 490 1878 et
503 1818 602 1876 vivere
623 1837 675 1895 pro
688 1816 782 1890 nobie,
797 1816 853 1874 nisi
867 1814 1019 1873 mortificet
1032 1814 1119 1873 etiarn
1133 1815 1163 1872 in
1176 1815 1261 1873 nobis
1275 1815 1313 1873 ad
1327 1817 1428 1874 simili·

223 1901 358 1962 tudinem
371 1899 472 1957 mortis
487 1916 546 1956 sua
559 1905 686 1954 veterem
700 1895 846 1954 hominem
857 1902 887 1952 et
900 1913 1008 1952 novum
1022 1893 1159 1967 vivificet,
1184 1902 1217 1952 ut
1230 1895 1281 1952 fiat
1294 1894 1325 1951 in
1338 1914 1428 1952 mem-

222 1981 283 2040 bris
294 1979 372 2056 quod
386 1977 493 2035 iactum
507 1975 594 2034 estin
609 1975 717 2050 Capite.
760 1973 884 2033 Accedit
897 1971 976 2050 quod
986 1991 1024 2030 ex
1037 1980 1208 2049 morteque
1224 1973 1427 2050 justificamur,

225 2080 283 2118 non
295 2058 382 2117 modo
397 2055 561 2132 acquiratur
583 2053 715 2129 Spiritus,
738 2052 790 2110 sed
804 2061 833 2110 et
856 2052 1000 2130 praecipua
1013 2051 1124 2110 motiva
1137 2051 1279 2110 ducantur
1292 2051 1330 2110 ad
1344 2069 1427 2112 sano·

224 2137 421 2197 tificationem.
438 2130 1243 2208 Qualiasunt,1.Foeditaspeccati,qnaenonaliarcquam
1249 2130 1428 2190 Christiana

223 2218 311 2294 gaina
326 2215 385 2274 elui
398 2212 500 2291 potnit.
542 2211 570 2268 2.
595 2211 698 2270 Odium
721 2211 781 2269 Dei
802 2229 871 2286 erpa
891 2217 1045 2287 peccatum,
1061 2209 1112 2286 qui
1125 2229 1161 2267 ne
1175 2209 1290 2286 proprio
1308 2210 1427 2286 quidem

222 2295 350 2374 pepercit
365 2293 441 2349 Filio
455 2290 492 2347 ad
507 2289 569 2366 ejus
583 2289 722 2348 ultionem
733 2288 902 2348 faciendam.
945 2291 973 2348 3.
994 2289 1085 2346 Amor
1100 2288 1207 2347 Christi
1218 2289 1426 2365 inenarrabiles,

223 2375 307 2450 eujus
321 2371 445 2429 charitas
458 2387 512 2425 nos
526 2366 598 2423 adeo
610 2368 805 2443 constringere
816 2367 911 2442 debet,
923 2375 956 2426 nt
974 2387 1032 2425 non
1047 2367 1169 2443 amplius
1183 2367 1267 2425 nobis
1280 2367 1426 2446 vivamus,

221 2450 274 2512 sed
287 2448 331 2507 illi
345 2447 394 2526 qni
408 2451 537 2504 mortuus
552 2451 596 2502 est
609 2463 661 2520 pro
675 2446 767 2513 nobis,
781 2449 798 2502 2
814 2447 879 2504 Cor.
893 2466 923 2503 v.
941 2449 986 2519 14,
1004 2448 1051 2505 15.
1092 2451 1121 2504 4.
1132 2447 1188 2504 Jas
1201 2446 1279 2523 quod
1294 2447 1428 2506 Christus

221 2527 376 2608 acquisivit
389 2526 419 2584 in
433 2543 486 2582 nos
499 2521 656 2597 moriendo,
674 2523 757 2581 Rom.
773 2523 834 2581 xiv.
850 2526 878 2599 8,
894 2526 921 2598 9,
937 2527 997 2582 etl
1015 2524 1080 2583 Cor.
1091 2525 1130 2582 vi.
1142 2527 1190 2599 20,
1206 2525 1284 2601 quod
1297 2527 1427 2603 postulet

220 2619 253 2670 ut
267 2609 349 2667 illum
361 2604 554 2685 glorificemus
565 2621 682 2678 corpora
693 2609 722 2659 et
733 2601 844 2678 spiritu.
887 2603 1021 2680 Denique
1031 2603 1078 2662 hie
1091 2603 1253 2680 precipuus
1267 2614 1313 2663 est
1325 2607 1427 2665 mortis

223 2689 331 2750 Christi
345 2687 419 2762 finis,
435 2691 467 2744 ut
477 2681 582 2741 mortui
597 2689 714 2758 peccato
727 2679 861 2740 vivamus
872 2681 1004 2758 justitia,
1020 2686 1035 2740 l
1053 2683 1115 2741 Pet.
1130 2683 1160 2741 ii.
1176 2686 1223 2757 24,
1236 2683 1294 2741 Tit.
1309 2683 1338 2740 ii.
1357 2687 1404 2743 14.

447 2825 452 2838 ,
525 2760 650 2820 XVIII.
672 2765 700 2820 3.
722 2761 845 2836 Spiritus
859 2761 910 2839 qui
922 2761 1007 2820 nobis
1021 2761 1106 2820 datur
1120 2760 1229 2838 duplex
1243 2781 1349 2820 nomen
1362 2782 1425 2821 sor-

219 2826 243 2874 a
260 2827 285 2874 Δ
303 2831 374 2930 iffi?
389 2824 463 2882 ⁸⁹¹⁸·
484 2841 562 2916 titur,
578 2840 701 2915 Spiritum
715 2841 882 2916 adoptimasss,
897 2841 948 2918 qui
962 2840 1096 2918 obsignat
1107 2840 1342 2916 justificationem
1356 2861 1425 2902 nos·

361 2915 368 2937 '
483 2929 566 2995 tram,
591 2926 621 2977 et
641 2919 763 2995 Spiritus
782 2920 1014 2998 sanctificationis,
1030 2919 1080 2995 qui
1101 2937 1165 2977 eam
1183 2920 1300 2978 inchoat
1314 2927 1343 2978 et
1357 2941 1424 2998 pro·

219 3009 336 3076 movet;
357 3000 435 3059 unde
458 2999 568 3077 duplex
592 2997 666 3056 solet
687 3017 750 3056 csse
774 2999 837 3074 ejus
861 2997 997 3075 operatio,
1012 2999 1104 3074 prima
1126 3018 1179 3075 per
1200 2999 1424 3078 consolationem,

219 3100 309 3158 quum
323 3087 446 3139 testatur
458 3097 511 3136 nos
526 3095 588 3135 esse
597 3075 673 3134 filios
688 3077 752 3150 Dei,
763 3077 848 3135 Rom.
862 3076 923 3136 viii.
935 3079 981 3151 16,
991 3076 1081 3135 altera
1099 3096 1151 3154 per
1168 3079 1423 3157 eamaficatioaem,

219 3179 309 3238 quum
317 3159 387 3219 facit
396 3177 450 3216 nos
461 3157 593 3230 clamere,
600 3154 697 3231 Abba,
704 3157 799 3230 Pater,
809 3175 869 3214 ver.
877 3158 924 3214 15.
953 3155 984 3212 A
995 3165 1075 3232 parte
1087 3155 1143 3213 Dei
1152 3156 1301 3217 descendit
1313 3158 1344 3214 in
1358 3179 1423 3232 nos,

218 3247 248 3297 et
262 3238 412 3298 confimat
435 3237 499 3312 ejus
523 3234 735 3312 promissiones,
758 3253 775 3291 a
795 3243 875 3312 parts
899 3233 990 3293 nostri
1014 3253 1084 3292 vero
1107 3235 1262 3294 ascendere
1289 3236 1359 3296 facit
1385 3239 1426 3298 ad

219 3317 323 3392 Deum,
339 3316 377 3374 ad
391 3315 475 3374 officii
489 3313 581 3373 nostri
594 3314 802 3372 executionem.

217 3433 239 3478 a
479 3389 1062 3548 ...fi
1072 3391 1425 3484 ¹³⁰

216 3555 261 3607 est
275 3547 364 3604 radis
385 3555 413 3603 et
421 3549 591 3622 principium
605 3551 836 3626 sanca'stcatr'onis,
852 3549 920 3608 dum
934 3559 1039 3626 purgat
1053 3549 1140 3607 corda
1154 3560 1183 3608 et
1196 3549 1298 3608 efficax
1313 3519 1357 3609 est
1369 3571 1422 3628 per

217 3625 394 3698 charitatem,
406 3625 472 3682 Gal.
484 3645 511 3682 v.
524 3628 552 3682 6.
579 3626 648 3702 Ipsa
653 3627 830 3703 justificatio,
842 3648 905 3705 quae
917 3629 1112 3687 remissionem
1131 3636 1314 3702 peccatorum
1329 3629 1419 3702 affert,

217 3725 275 3765 non
289 3703 400 3762 inducit
413 3703 629 3780 permissionem
645 3723 696 3762 sen
709 3705 855 3766 licentiam
877 3707 1023 3784 peccandi,
1038 3716 1072 3765 nt
1085 3707 1194 3765 vellent
1209 3707 1233 3764 E
1255 3707 1352 3782 icurei‚
1368 3707 1420 3766 sed

217 3785 345 3846 studium
359 3783 475 3861 pietatis
496 3791 525 3842 et
546 3783 707 3841 sanctitatis
720 3784 832 3859 praxim
847 3784 934 3843 debet
954 3786 1119 3844 accendere.
1161 3727 1254 3863 Apuci
1265 3787 1361 3845 Deum
1374 3795 1419 3844 est

215 3864 390 3944 propitiatio,
406 3872 439 3922 ut
452 3862 570 3932 colatur,
587 3862 664 3921 Psal.
680 3881 769 3920 cxxx.
783 3865 822 3938 4;
844 3863 972 3938 loquitur
994 3883 1094 3941 pacem
1117 3865 1224 3942 populo
1238 3885 1299 3938 suo,
1314 3875 1419 3924 utnon

216 3943 368 4004 radestad
382 3943 541 4018 stultitiam,
555 3942 631 4002 Psal.
646 3942 750 4000 lxxxv.
766 3943 794 4000 8.
825 3941 873 4000 Sic
882 3940 1052 4019 justificatio
1067 3963 1097 4002 sa
1107 3943 1196 4002 habet
1206 3945 1243 4002 ad
1257 3944 1416 4003 sanctifice·

214 4023 332 4098 tionem,
346 4031 380 4082 ut
393 4022 519 4082 medium
535 4021 681 4080 adfinem.
723 4021 763 4079 Et
776 4021 807 4079 in
820 4020 852 4078 id
865 4020 958 4080 tendit
971 4029 1032 4081 tota
1045 4023 1205 4081 aeconomia
1219 4023 1336 4098 Gratia,
1352 4043 1417 4099 quas

215 4121 274 4160 non
284 4102 342 4160 alia
356 4102 391 4160 de
406 4121 493 4160 causa
506 4101 590 4159 nobis
604 4101 704 4174 attiae,
716 4101 772 4159 arsi
778 4111 811 4159 ut
822 4102 960 4177 abnepote
968 4101 1107 4177 impietate
1120 4111 1148 4161 et
1159 4103 1308 4161 mamas
1318 4121 1415 4161 waca-

211 4181 354 4256 pieceatiis
367 4181 493 4239 vivamus
499 4180 556 4256 pie,
571 4181 661 4238 sobrie
675 4190 702 4237 et
705 4183 790 4255 juste,
807 4179 863 4239 Tit.
878 4179 908 4238 ii.
925 4181 971 4236 12.

515 4257 592 4316 XX.
614 4258 697 4316 Idem
710 4259 834 4334 probant
847 4259 1039 4333 Sacramenta,
1051 4277 1116 4335 ques
1130 4257 1365 4320 administrantur
1378 4259 1415 4318 ad

214 4315 235 4362 ⁵·
254 4315 454 4419 ssmff‘*
474 4335 654 4412 obsignanda
664 4337 804 4396 beneficia
813 4337 928 4396 Christi.
960 4337 1132 4413 Baptismus,
1142 4339 1193 4415 qui
1201 4337 1415 4397 administretur

473 4415 505 4472 in
518 4415 705 4474 remissionem
712 4425 902 4491 peccatoram,
919 4414 986 4474 Act.
1001 4414 1031 4473 ii.
1047 4419 1095 4494 38,
1110 4425 1155 4476 est
1169 4418 1255 4475 etiam
1269 4420 1414 4476 maumam

212 4489 438 4566 reymeratiom's,
458 4492 515 4550 Tit.
538 4493 578 4551 iii.
603 4495 630 4552 5.
673 4495 712 4552 Et
726 4494 751 4552 si
765 4494 796 4551 in
812 4494 900 4553 Certa
913 4493 1066 4554 exhibetur
1084 4495 1168 4554 nobis
1183 4494 1288 4554 Christi
1303 4495 1414 4574 Corpus

212 4567 343 4641 tractum,
359 4575 388 4626 et
403 4569 529 4646 Sanguis
549 4570 657 4630 effusus
677 4571 708 4629 in
728 4572 925 4632 remissionem
939 4581 1130 4652 peccatorum,
1147 4575 1251 4636 Matth.
1266 4573 1347 4634 xxvi.
1363 4577 1412 4650 28,
