3146 5210
254 350 313 408 384
677 366 768 407 Locus
783 367 912 406 1116111116
927 365 1068 414 6111111116.
1274 346 1403 426 [eumer.
1419 371 1461 413 xr.

254 519 350 566 autem
365 507 487 566 eundern
513 507 569 565 sibi
583 505 638 582 ipsi
663 508 836 581 satisfacere,
862 506 978 584 quando
1002 525 1060 564 non
1085 505 1181 582 agitur
1208 507 1244 566 de
1266 509 1462 571 satisfactione

254 588 375 664 privata,
396 607 453 663 qua
472 595 674 663 compensatur
697 587 833 645 damnum
848 588 1002 665 privatum,
1017 586 1065 643 vel
1079 585 1201 662 pecunia
1216 588 1313 647 debita
1328 589 1459 666 solvitur,

254 667 322 743 quia
337 667 424 725 slede
439 687 491 724 suo
506 667 655 742 acciperet,
668 673 697 724 et
712 667 831 744 sibiipsi
846 667 988 738 solveret;
1013 666 1071 724 Sed
1086 665 1120 723 de
1135 665 1259 742 publica,
1275 688 1460 746 6661611616-

254 757 302 805 tur
326 747 431 823 iujorIa
455 747 578 823 publica,
604 746 749 822 quomodo
776 745 886 821 Judex,
907 746 959 822 qui
980 746 1088 822 Legem
1118 746 1247 821 violavit,
1277 758 1309 807 ut
1329 749 1460 826 privatus

254 835 349 903 potest
371 827 425 884 sibi
439 827 495 904 ipsi
508 835 542 884 ut
555 826 577 885 J
580 825 657 884 adici
678 825 850 900 satisfacere,
875 845 989 903 poenam
1016 827 1094 902 Lege
1120 825 1330 903 denunciamus,
1346 831 1395 888 vel
1409 851 1460 907 per

255 925 294 980 66,
312 907 358 964 vel
373 927 424 983 per
438 907 525 964 alium
539 905 655 981 luendo,
671 906 816 982 quomodo
830 905 878 964 hic
893 925 923 964 se
938 925 984 964 res
998 905 1094 963 habet.

298 987 459 1044 XXVIII.
484 986 515 1045 Si
543 985 675 1044 Christus
696 995 817 1044 mortem
846 995 982 1044 aternam
1011 1005 1069 1043 non
1099 986 1166 1044 tulit
1194 986 1245 1044 sed
1269 989 1456 1064 temporalem

254 1074 366 1124 tantum
381 1075 410 1124 61
432 1065 602 1139 triduanam,
618 1085 676 1124 non
695 1067 792 1124 minus
819 1076 916 1125 tamen
939 1065 1027 1124 solvit
1051 1065 1129 1142 quod
1153 1067 1275 1125 anobis
1299 1068 1459 1128 debebatur

256 1143 352 1221 quoad
366 1145 536 1204 infinitatem
550 1165 652 1222 poenee.
685 1145 759 1219 Quia
773 1147 798 1204 si
812 1165 870 1205 non
889 1145 944 1204 fuit
957 1145 1069 1203 infinita
1083 1145 1179 1221 quoad
1199 1145 1388 1224 durationem,
1405 1149 1459 1208 fuit

256 1233 352 1282 tamen
367 1225 433 1283 talis
448 1226 653 1301 aequivalenter
672 1225 767 1302 quoad
779 1225 915 1300 valorem,
930 1233 1046 1302 propter
1069 1245 1199 1301 persona
1213 1227 1349 1302 patientis
1363 1229 1457 1286 infini-

255 1313 314 1362 tam
329 1305 509 1381 dignitatem,
526 1305 594 1382 quia
617 1325 675 1363 non
695 1305 748 1364 fuit
762 1305 858 1382 passio
873 1305 945 1364 meri
958 1305 1091 1379 hominis,
1107 1305 1158 1363 sed
1172 1307 1235 1363 veri
1250 1306 1314 1382 Del,
1331 1309 1380 1384 qui
1405 1327 1457 1367 suo

253 1385 394 1460 sanguine
409 1385 569 1443 Ecclesiam
590 1385 752 1462 acquisivit,
769 1386 836 1444 Act.
859 1405 911 1443 xx.
931 1387 978 1458 28,
994 1393 1027 1442 ut
1040 1384 1118 1461 quod
1132 1385 1214 1444 deest
1230 1387 1311 1445 finito
1326 1389 1455 1465 tempori,

253 1464 421 1541 suppleatur
434 1486 485 1541 per
495 1485 624 1542 personae
633 1465 740 1523 divinae
751 1465 954 1538 conditionem,
967 1484 1031 1541 quae
1042 1465 1169 1540 passioni
1178 1467 1328 1542 temporali
1343 1468 1456 1543 pondus

252 1544 333 1603 addit
355 1545 508 1604 infinitum.
542 1546 696 1622 Perperam
719 1555 816 1604 temen
840 1545 906 1621 quis
929 1544 996 1602 inde
1021 1544 1147 1620 colliget,
1170 1546 1312 1622 siquidem
1328 1547 1456 1606 Persona

251 1625 365 1700 patiens
379 1625 433 1684 fuit
447 1625 566 1698 infinita,
586 1625 700 1683 unicam
720 1625 870 1703 sanguinis
885 1625 991 1683 Christi
1006 1633 1117 1700 guttam
1134 1627 1259 1700 potuisse
1275 1627 1403 1686 sufficere
1417 1627 1456 1685 ad

250 1705 476 1781 redemptionem
491 1715 627 1780 nostram,
643 1705 711 1782 quia
724 1705 793 1764 licet
806 1704 943 1781 quaelibet
953 1705 1049 1781 passio
1063 1705 1169 1762 habeat
1182 1708 1306 1764 calorem
1320 1707 1455 1785 infinitum

249 1786 393 1859 subjective
407 1787 517 1844 ratione
539 1786 683 1862 patientis,
700 1787 762 1843 sola
782 1794 878 1844 tamen
892 1803 969 1842 mors
984 1783 1084 1842 habuit
1098 1785 1225 1842 valorem
1240 1785 1383 1845 infinitum
1407 1789 1454 1846 ob·

241 1865 343 1938 jectioe
357 1874 489 1941 respectu
503 1867 523 1924 J
526 1865 619 1924 udicis
633 1864 799 1942 infligentis.
824 1865 959 1940 Dignitas
972 1864 1106 1922 Personae
1121 1873 1217 1940 potest
1240 1885 1346 1942 augere
1360 1887 1454 1944 poense

248 1963 335 2020 quam
350 1946 458 2021 patitur
472 1945 651 2021 dignitatem,
667 1953 700 2003 111
714 1965 748 2002 66
763 1944 881 2020 gravior
904 1953 1062 2019 censeatur,
1079 1965 1136 2020 quo
1160 1945 1300 2004 illustrior
1315 1955 1358 2005 est
1384 1947 1453 2005 Per·

248 2043 321 2082 sona
343 2045 407 2102 quae
422 2025 547 2101 patitur;
571 2024 694 2082 sednon
716 2032 812 2100 potest
826 2024 917 2099 ipsam
933 2025 1056 2100 speciem
1072 2045 1193 2101 poenaea
1208 2025 1288 2102 Lege
1313 2027 1453 2085 sancitam

247 2123 443 2180 compensare.
466 2103 508 2162 At
521 2123 599 2160 mors
614 2103 675 2160 sola
684 2103 840 2180 respondet
854 2103 912 2180 legi
927 2113 956 2161 61
967 2104 1089 2180 justitiae
1104 2107 1248 2164 convenit.

288 2184 417 2240 XXIX.
441 2183 523 2240 Licet
547 2184 705 2258 desperatio
720 2193 749 2242 et
761 2184 896 2257 fremitus
911 2185 1125 2261 conjungantur
1146 2205 1211 2243 cum
1225 2185 1318 2262 poenis
1333 2185 1450 2244 damna-

247 2270 360 2320 torum:
383 2264 449 2320 Non
464 2263 593 2338 sequitur
615 2263 760 2322 Christum
783 2263 901 2322 ferendo
922 2283 1022 2340 poenas
1044 2273 1162 2340 peccato
1188 2265 1299 2324 debitas
1319 2265 1453 2325 debuisse

245 2341 304 2398 illis
318 2343 433 2418 exponi,
450 2342 586 2419 quianon
601 2351 668 2400 sunt
682 2343 718 2402 de
733 2343 858 2403 essentia
871 2363 973 2420 poenae,
988 2353 1073 2420 prout
1087 2364 1104 2402 a
1118 2345 1140 2403 J
1143 2345 1225 2403 adice
1239 2344 1387 2422 infligitur,
1403 2347 1452 2404 vcl

244 2440 262 2476 a
276 2439 413 2497 sponsore
436 2422 616 2480 sanctissimo
638 2422 744 2497 fortur3
770 2424 827 2482 Sed
849 2423 958 2482 habent
979 2424 1118 2482 rationem
1133 2423 1271 2500 adjuncti,
1287 2424 1365 2501 quod
1387 2446 1451 2483 eam

245 2501 405 2576 comitatur,
420 2511 537 2579 propter
551 2502 654 2561 vitium
669 2504 792 2580 subjecti
806 2504 950 2581 patientis,
970 2504 1126 2579 quodcum
1141 2503 1222 2560 videt
1235 2503 1451 2578 impossibilita-

245 2587 303 2637 tem
325 2581 470 2640 eluataudi
485 2602 522 2640 ex
536 2602 622 2659 poena
639 2583 694 2640 sibi
715 2583 832 2656 inflicta,
848 2583 932 2642 facile
953 2583 984 2640 in
1005 2580 1233 2658 desperationem
1254 2590 1284 2638 ct
1304 2581 1451 2641 fremitum

243 2659 339 2734 cadit;
354 2661 432 2737 quod
447 2661 654 2720 alienissimum
666 2663 719 2722 fuit
733 2685 751 2721 a
766 2664 888 2738 Christo,
905 2662 954 2739 qui
968 2660 1004 2718 de
1017 2661 1186 2718 liberatione
1198 2669 1227 2718 61
1240 2661 1451 2722 resurrectione

243 2759 296 2799 sua
310 2739 364 2800 tuit
376 2761 502 2817 securus,
512 2750 598 2819 atque
613 2763 630 2800 6
646 2744 708 2803 Deo
722 2744 753 2801 in
767 2743 871 2802 mediis
884 2739 1056 2800 cruciatibus
1071 2759 1151 2798 suam
1162 2740 1193 2796 in
1205 2739 1299 2798 Deum
1313 2741 1452 2801 fiduciam

244 2839 358 2898 semper
370 2831 493 2881 testatus
512 2831 565 2882 est.
660 2833 665 2842 '

285 2901 397 2960 XXX.
421 2903 560 2977 Quamvis
574 2923 652 2962 mors
674 2903 778 2961 infiniti
791 2899 898 2959 valoris
914 2919 963 2976 pro
978 2899 1101 2976 singulis
1116 2901 1316 2976 peccatoribus
1330 2900 1449 2961 debere-

243 2989 308 3058 tur,
332 2983 398 3040 Non
412 2983 508 3041 minus
522 2991 618 3041 tamen
633 2983 761 3042 sufficere
774 2981 869 3058 potuit
892 2977 1066 3038 redimendis
1088 2981 1222 3038 omnibus
1244 2981 1351 3039 electis.
1375 2981 1450 3056 Quia

242 3061 300 3119 alia
313 3063 386 3120 ratio
401 3071 445 3120 est
460 3063 611 3122 solutionis
632 3063 811 3140 pecuniariae,
831 3060 887 3117 alia
908 3059 1112 3118 satisfactionis
1126 3061 1258 3137 poenalis.
1302 3061 1358 3119 Illa
1373 3063 1448 3120 sesti·

244 3150 339 3200 matur
359 3150 471 3201 tantum
494 3163 512 3200 a
533 3163 564 3201 re
589 3163 653 3219 quse
668 3142 790 3200 solvitur
812 3138 1014 3216 aqnocunq'ue
1040 3141 1145 3198 solutio
1159 3141 1229 3216 fiat;
1251 3161 1304 3198 1166
1318 3141 1450 3217 pluribus

243 3230 339 3298 potest
354 3221 491 3280 sufficere.
516 3223 573 3281 Sed
588 3223 656 3299 quia
669 3222 724 3280 ista
738 3220 897 3278 aestimatur
910 3239 947 3278 ex
961 3220 1071 3279 ratione
1086 3241 1216 3297 persona
1236 3221 1447 3296 satisfacientis,

243 3301 309 3358 idco
324 3320 375 3377 pro
390 3301 532 3378 dignitate
547 3303 610 3380 ejas
625 3301 728 3360 crescit
741 3301 827 3358 etiam
842 3299 970 3376 dignitas
983 3301 1076 3377 pretii,
1093 3309 1121 3360 et
1135 3301 1266 3378 pluribus
1280 3310 1375 3377 potest
1389 3302 1447 3360 suf·

242 3379 337 3437 ficere.
360 3381 443 3438 Licet
457 3401 591 3440 nummus
607 3401 665 3439 non
685 3382 751 3458 plus
765 3381 863 3439 valeat
876 3381 906 3438 in
919 3401 1007 3439 manu
1031 3381 1129 3458 Regis,
1146 3401 1232 3457 quam
1247 3381 1380 3458 Captivi;
1404 3391 1447 3440 te-

243 3477 309 3516 men
321 3469 406 3536 caput
420 3470 449 3520 et
464 3462 524 3520 vita
540 3461 630 3538 Regis
643 3461 730 3538 longe
746 3470 862 3538 superat
876 3461 968 3538 pretio
981 3461 1072 3519 vitam
1093 3461 1161 3519 vilis
1181 3461 1325 3538 mancipii,
1340 3469 1374 3519 ut
1387 3461 1449 3520 vita

244 3539 367 3597 Davidis
381 3542 446 3618 plus
461 3543 619 3601 aestimatur
632 3541 751 3600 dimidio
766 3541 903 3617 exercitu,
920 3545 938 3598 2
956 3542 1032 3600 Sam.
1048 3542 1130 3600 xviii.
1146 3544 1173 3599 3.
1192 3542 1239 3600 Sia
1260 3560 1335 3599 unus
1350 3541 1447 3600 Chris-

242 3627 290 3676 tus
305 3620 395 3696 pluris
423 3623 558 3680 aestimari
580 3621 674 3696 debet,
690 3642 777 3698 quam
792 3641 892 3680 omnes
911 3621 1005 3679 simul.
1029 3621 1164 3696 Dignitas
1177 3621 1297 3678 infinitae
1312 3621 1447 3679 Personae

242 3699 376 3759 exhaurit
390 3711 418 3759 ct
432 3703 568 3760 absorbet
582 3721 681 3760 omnes
696 3702 853 3760 infinitates
867 3721 959 3778 poenae
973 3701 1057 3759 nobis
1071 3701 1192 3758 debitas.
1215 3707 1243 3758 2.
1259 3701 1324 3758 Non
1338 3720 1447 3759 novum

242 3787 294 3852 est,
312 3789 343 3839 ut
358 3781 435 3858 quod
456 3783 507 3840 uni
525 3781 718 3840 necessarium
733 3790 785 3855 est,
802 3783 894 3857 possit
917 3781 1003 3838 etiam
1024 3780 1155 3856 pluribus
1169 3779 1306 3856 sufficere,
1331 3781 1447 3856 quando

242 3860 338 3936 agitur
360 3861 396 3920 de
420 3863 455 3919 116
470 3881 535 3937 quae
556 3861 705 3918 indivisim
720 3861 976 3920 communicantur.
1021 3859 1104 3918 Unus
1128 3859 1186 3934 Sol,
1203 3859 1252 3936 qui
1267 3861 1447 3919 necessarius

240 3949 285 3998 est
294 3941 331 3998 ad
341 3942 520 4018 singulorum
529 3941 777 4015 illuminationem,
787 3940 931 3999 universis
941 3947 1038 3996 tamen
1047 3938 1243 3998 illuminandis
1253 3940 1365 3998 sufficit.
1379 3941 1447 4000 Una

240 4020 360 4079 victima
370 4021 567 4079 sufficiebatet
582 4041 633 4097 pro
646 4021 802 4079 Sacerdote
816 4029 845 4078 et
859 4039 910 4096 pro
926 4018 1047 4095 Poprdo
1071 4019 1138 4076 Uno
1153 4020 1292 4078 sacrificio
1309 4019 1446 4096 propitia·

240 4100 313 4158 torio
333 4102 529 4160 anniversario
543 4101 632 4160 totius
646 4101 746 4178 populi
759 4107 878 4177 peccata
898 4098 1098 4175 expiabantur,
1120 4099 1188 4157 lieet
1208 4107 1252 4158 tot
1266 4101 1446 4177 expiationes

239 4181 460 4256 requirerentur,
485 4189 555 4258 quot
576 4188 658 4238 erant
679 4177 1076 4255 16161111666111611111661116
1098 4178 1225 4255 expiatio
1240 4181 1281 4238 sie
1306 4191 1367 4238 erat
1380 4181 1442 4239 nui·

239 4279 397 4334 versorum,
413 4269 445 4318 at
460 4281 496 4320 ex
513 4259 569 4319 Dei
583 4258 773 4319 destinatione
796 4258 869 4316 foret
885 4257 972 4315 etiam
988 4258 1175 4334 singulorum.
1198 4263 1225 4318 3.
1244 4260 1391 4338 Scriptura
1405 4260 1446 4319 ita

238 4358 376 4418 expressa
390 4341 473 4398 estin
487 4342 541 4399 hoc
556 4341 681 4417 negotio,
697 4347 730 4398 ut
743 4357 836 4410 nemo,
852 4337 909 4394 nisi
923 4337 1041 4415 obloqui
1055 4339 1179 4398 voluerit
1196 4339 1313 4416 Spiritui
1328 4341 1443 4415 Sancto,

238 4420 329 4494 possit
343 4421 416 4478 illud
430 4439 546 4496 negare.
569 4419 683 4497 Ecquid
696 4417 773 4476 enim
788 4417 904 4476 doceret
918 4416 1012 4476 Isaiae
1028 4419 1122 4476 Deum
1137 4420 1334 4497 conjecissem
1349 4421 1445 4497 ipsum

237 4497 404 4575 iniquitates
415 4501 543 4558 omnium
557 4509 695 4572 nostrum,
712 4499 769 4556 Isa.
780 4496 833 4555 liii.
849 4499 876 4572 6,
892 4505 922 4556 61
936 4498 1053 4573 Paulus,
1069 4503 1087 4556 2
1104 4499 1167 4558 Cor.
1183 4521 1212 4558 v.
1229 4503 1275 4575 14,
1291 4521 1379 4558 unum
1392 4521 1444 4577 pro

236 4579 370 4637 omnibus
385 4589 537 4656 mortuum,
554 4589 583 4640 et
597 4579 668 4638 alibi
680 4578 765 4636 unica
786 4577 931 4636 oblatione
946 4599 1011 4636 eum
1025 4579 1149 4656 perfecte
1165 4599 1378 4639 consummasse
1393 4601 1445 4640 eos

236 4655 286 4729 qui
311 4657 349 4716 ad
364 4659 458 4719 Deum
473 4660 622 4734 accedant,
639 4657 715 4718 Heb.
731 4677 761 4716 x.
779 4660 825 4732 14,
841 4657 897 4716 nisi
911 4667 943 4718 ut
957 4659 1058 4719 innuat
1071 4659 1185 4718 unicam
1199 4668 1319 4718 mortem
1336 4661 1445 4721 Christi
