3152 5198
235 295 292 352 590
645 301 886 344 recusaremus
902 301 1021 342 saurus.
1239 283 1371 362 lonssr.
1389 299 1446 340 vu.

233 449 355 524 negotio
369 450 483 506 clarum
504 453 548 504 est
569 445 700 504 Paulum
720 461 833 517 semper
854 461 1004 516 opponere
1016 441 1105 500 fidem
1126 443 1272 516 operibus,
1293 449 1443 516 tanquam

234 537 367 596 tetresse,
388 539 418 582 et
438 527 499 582 duo
520 525 619 582 media
646 528 822 595 anatomia,
837 521 945 595 quibus
958 523 1048 578 homo
1062 521 1112 577 rel
1125 538 1177 596 per
1191 519 1305 594 Legem
1317 519 1445 594 propria

234 605 402 665 obedientia
412 604 482 661 etin
494 621 533 672 se,
545 604 593 660 vel
604 622 657 676 per
666 601 865 674 Evangelium
875 599 1044 656 obedientia
1054 599 1152 655 aliena
1158 599 1350 672 justificatur.
1373 597 1407 654 N
1409 615 1443 653 ec

234 684 389 741 discrimen
405 683 559 755 utriusque
579 679 798 755 justificationis
822 676 953 734 consistit
973 678 1005 734 in
1025 695 1060 733 eo
1081 677 1161 750 quod
1182 677 1213 733 iu
1234 677 1290 733 illa
1307 674 1443 751 perlecta

235 761 449 831 obedientiam
460 761 516 816 ista
521 775 590 816 vero
601 756 773 831 imperfecta
781 755 870 813 aDeo
879 761 1047 831 acceptetur
1057 773 1111 829 pro
1121 753 1260 827 perfecta,
1283 753 1442 828 Siquidem

234 841 314 898 idem
328 841 435 896 modus
445 835 666 912 justificationis
684 852 799 908 semper
812 839 887 890 esset
900 851 952 907 per
967 851 1063 908 opera.
1105 831 1164 889 Sed
1178 831 1210 888 in
1224 835 1357 906 eoquod
1371 851 1442 890 curn

234 918 392 992 utrobique
412 915 541 990 perfecta
556 913 675 986 justitia
688 912 867 985 requiratur,
882 911 913 967 in
935 911 988 968 illa
1009 930 1046 968 ex
1070 908 1160 984 Legis
1181 917 1339 984 sepserat„
1359 911 1442 968 Deos

233 997 388 1071 propriam
402 993 512 1065 exigit3
535 991 595 1048 Hic
618 1009 655 1047 ex
670 999 775 1058 ternanos
802 988 984 1062 Evangelica
998 989 1129 1046 admittit
1142 990 1280 1060 alienam,
1295 989 1441 1046 nimirum

236 1073 353 1132 Christi.
396 1071 446 1126 Ita
465 1087 525 1126 non
547 1075 643 1143 potest
655 1069 728 1125 fides
741 1067 799 1124 dici
808 1067 969 1140 justificare
983 1067 1100 1142 proprie
1114 1074 1143 1122 et
1156 1087 1210 1141 per
1223 1088 1263 1139 se,
1274 1070 1345 1146 quin
1361 1069 1441 1125 rela-

232 1153 339 1207 bamur
352 1149 390 1205 ad
404 1155 490 1204 vetus
504 1147 622 1217 Foedus,
637 1153 666 1204 et
680 1147 718 1203 ed
727 1145 972 1221 justificationem
984 1146 1111 1218 legalem
1125 1149 1289 1205 redeamus.

273 1227 310 1282 X.
333 1226 421 1284 Fides
436 1225 603 1284 Abrahami
623 1225 731 1282 dicitur
751 1223 796 1280 illi
817 1224 963 1298 imputato
982 1225 1023 1280 od
1037 1223 1194 1298 justitium,
1210 1224 1285 1283 Gen.
1301 1244 1350 1282 xv,
1365 1226 1393 1297 6,
1410 1232 1441 1282 et

234 1305 322 1363 Rom.
337 1305 376 1362 iv.
392 1305 419 1362 3.
460 1303 491 1361 N
494 1323 533 1360 on
557 1304 683 1378 proprie,
708 1304 779 1377 qula
800 1301 841 1360 sic
860 1301 1040 1375 justificatus
1062 1300 1169 1360 suisset
1192 1304 1339 1376 operibus,
1355 1305 1439 1378 qnod

233 1382 344 1440 ibidem
360 1383 525 1458 Apostolus
538 1388 636 1454 negat.
681 1381 740 1439 Sed
756 1381 781 1437 1.
796 1380 926 1438 Refictive
941 1385 971 1436 et
984 1387 1145 1450 metonym.
1160 1387 1195 1437 ut
1208 1383 1280 1438 fides
1301 1389 1440 1439 sumatur

232 1480 287 1537 pro
302 1463 406 1536 objecto
420 1479 483 1531 suo,
495 1467 529 1516 ut
544 1458 612 1517 Gal.
626 1459 668 1516 iii.
684 1459 732 1528 25,
746 1458 786 1515 id.
802 1465 855 1528 est,
870 1459 946 1514 illud
958 1459 1040 1532 quod
1049 1458 1122 1513 fides
1133 1459 1265 1528 credidit,
1280 1461 1438 1534 promissio

235 1539 346 1598 scilicet
366 1540 421 1596 illa
437 1540 475 1596 de
498 1537 625 1606 Semina,
639 1554 700 1594 non
723 1543 785 1593 tam
806 1536 961 1612 corporali,
976 1553 1069 1610 quam
1088 1535 1242 1606 spirituali,
1258 1555 1296 1594 ex
1311 1537 1378 1595 Gal.
1392 1537 1436 1593 iii.

237 1619 282 1688 16,
294 1636 384 1692 quam
395 1617 547 1692 perfidem
561 1615 678 1689 recepit,
689 1613 748 1671 fuit
757 1613 989 1672 fundamentum
997 1613 1217 1687 justificationis
1231 1633 1302 1672 aure.
1346 1616 1439 1682 Quod

234 1696 425 1754 confirmatur
439 1711 476 1750 ex
490 1711 525 1750 eo
539 1693 620 1766 quod
634 1693 776 1768 imputari
796 1693 844 1749 hle
864 1691 973 1748 dicitur
986 1692 1068 1766 quod
1088 1707 1149 1747 non
1163 1691 1297 1762 inhaeret,
1312 1702 1342 1751 et
1355 1695 1437 1768 qnod

234 1771 531 1844 contradistinguitur
555 1769 701 1844 operibus.
745 1769 794 1828 Ita
817 1772 874 1826 hoc
898 1787 986 1826 sensu
1008 1770 1081 1825 fides
1105 1769 1215 1825 dicitur
1234 1771 1377 1845 Imputari
1396 1772 1438 1828 ad

229 1851 388 1926 justitiam,
402 1867 454 1924 per
474 1848 673 1922 hypallagem,
695 1849 767 1923 quia
785 1846 905 1922 justitia
917 1847 1084 1920 imputatur
1097 1863 1150 1920 per
1169 1848 1268 1919 fidem,
1283 1857 1319 1906 ut
1339 1850 1440 1924 Apos-

235 1931 316 1986 tolus
330 1927 556 2002 aequipollenter
570 1943 632 1982 rem
645 1927 785 1996 declarat,
800 1943 860 1982 ver.
876 1923 904 1996 5,
918 1926 946 1999 6,
962 1932 991 1982 et
1004 1925 1044 1981 iii.
1059 1925 1107 1981 22.
1149 1923 1180 1981 N
1182 1943 1214 1982 ec
1235 1927 1293 1984 hoc
1313 1934 1358 1984 est
1377 1934 1440 1983 tor-

234 2025 324 2081 quere
341 2005 532 2079 scripturam,
544 2010 575 2060 et
586 2003 694 2077 frigide
705 2005 766 2062 vim
777 2010 807 2061 et
814 2003 974 2060 efficaciam
986 2002 1055 2060 fidei
1066 2020 1221 2076 exponere,
1233 2010 1269 2061 ut
1281 2022 1438 2080 perperam

234 2084 391 2141 Forbesius
412 2083 443 2138 in
464 2081 577 2139 consid.
592 2081 679 2155 pacis,
691 2084 728 2140 de
738 2081 836 2156 justif.
852 2099 876 2138 c.
891 2083 940 2150 iv,
955 2079 1073 2137 Nostris
1088 2079 1205 2152 objicit:
1228 2080 1295 2139 Imo
1306 2100 1366 2138 non
1377 2083 1440 2138 cla-

233 2163 295 2218 rius
309 2167 338 2217 et
352 2161 451 2218 verius
472 2165 568 2234 potest
581 2161 691 2234 exponi
705 2161 853 2234 genuinus
873 2177 975 2217 sensus
996 2158 1081 2215 istius
1102 2157 1317 2231 imputationis.
1359 2159 1439 2217 Cum

233 2239 313 2296 enim
327 2256 372 2294 res
386 2239 447 2307 illa,
462 2255 530 2310 quae
541 2239 626 2295 nobis
640 2234 806 2312 imputatur
820 2241 858 2296 ed
868 2236 1026 2312 justitiam,
1040 2236 1148 2292 debeat
1160 2253 1221 2292 esse
1235 2244 1339 2294 nostra
1346 2237 1439 2311 justi-

232 2316 275 2372 tia
288 2333 387 2370 coram
401 2315 474 2383 Deo,
490 2314 529 2369 id.
544 2314 621 2372 illud
635 2319 850 2390 propterquod
865 2317 947 2373 Deus
960 2333 1015 2372 nos
1024 2314 1185 2388 justificot3
1207 2313 1273 2372 Nec
1291 2318 1364 2373 fides
1384 2333 1438 2389 per

233 2409 263 2449 se
277 2391 354 2446 illud
368 2409 429 2446 esse
449 2389 550 2463 possit,
572 2398 607 2447 ut
621 2391 749 2464 jamjam
771 2393 895 2464 dictum,
910 2399 940 2450 et
953 2399 988 2449 ut
1007 2393 1070 2466 ipse
1083 2410 1145 2448 non
1169 2392 1320 2463 diffitetur,
1342 2411 1438 2467 quum

233 2486 300 2526 eam
323 2485 444 2524 causam
465 2466 721 2524 instrumentalem
740 2487 803 2525 esse
821 2471 973 2543 agnoscit;
995 2471 1106 2544 Liquet
1128 2487 1189 2525 non
1212 2489 1297 2544 posse
1318 2471 1438 2545 proprie

233 2544 364 2621 phrasim
384 2547 461 2602 hanc
474 2543 561 2612 sumi,
582 2546 634 2601 sed
654 2551 772 2602 tantum
790 2554 951 2620 metonym.
971 2547 1087 2604 ratione
1111 2546 1227 2618 objecti.
1269 2547 1335 2606 Nec
1356 2549 1439 2622 quic-

233 2643 325 2700 quam
339 2623 478 2682 usitatius
491 2629 536 2679 est
549 2622 580 2678 in
592 2621 755 2697 Scriptura,
771 2643 862 2698 quam
876 2631 911 2681 ut
924 2623 1051 2681 facultas
1065 2642 1118 2698 pro
1133 2625 1249 2698 objecto
1268 2645 1323 2682 suo
1337 2643 1438 2682 suma-

233 2711 292 2761 tur.
344 2702 435 2769 Quod
469 2719 530 2758 non
558 2703 664 2772 obstat,
686 2702 855 2776 quominus,
879 2703 906 2760 2.
930 2703 1018 2760 Fides
1044 2702 1136 2758 etiam
1157 2703 1274 2760 dicatur
1297 2704 1441 2777 imputari

233 2783 271 2839 ad
281 2780 431 2853 justitiam
446 2781 586 2854 oryam'ce,
601 2780 672 2854 quia
681 2786 726 2837 est
736 2799 825 2838 causa
832 2779 1076 2848 instrumentalis,
1088 2797 1157 2853 quae
1166 2781 1315 2854 justitiam
1329 2781 1439 2840 Christi

234 2859 438 2932 apprehendit,
462 2877 515 2933 per
538 2866 699 2930 metonym.
722 2858 817 2916 effecti
841 2876 895 2932 pro
917 2857 1067 2926 efficiente,
1092 2864 1126 2914 ut
1149 2859 1221 2915 alibi
1244 2859 1353 2916 dicitur
1377 2861 1441 2917 rita

233 2943 352 3006 aeterua,
368 2935 389 2992 J
391 2937 439 2992 oh.
453 2937 526 2992 xvii.
541 2936 568 3007 3,
583 2942 613 2991 et
626 2935 677 2994 xii.
694 2937 740 3006 50,
755 2936 795 2992 id.
810 2953 900 2993 causa
913 2935 982 2992 vitae
996 2934 1107 2992 scilicet
1119 2935 1363 2995 instrumentalis.

274 3011 332 3069 XI.
355 3013 479 3070 Frustra
491 3031 562 3070 vero
578 3013 733 3072 Arminius
746 3032 807 3070 non
819 3014 886 3070 vult
895 3013 916 3070 J
918 3012 1050 3070 ustitiam
1063 3011 1173 3070 Christi
1183 3014 1213 3070 in
1224 3015 1374 3088 justitiam
1384 3016 1440 3073 inr-

233 3092 341 3165 putari,
356 3109 450 3166 quum
465 3091 502 3148 sit
525 3091 673 3166 ipsissima
689 3091 816 3165 justitia,
832 3109 1000 3165 supponens
1014 3089 1123 3147 scilicet
1141 3091 1173 3148 id
1187 3094 1269 3167 qnod
1293 3094 1379 3150 nobis
1400 3096 1439 3152 ad

230 3169 381 3244 justitiam
394 3169 570 3244 imputatur,
588 3169 739 3242 justitiam
761 3169 879 3244 proprie
900 3187 962 3225 nou
975 3187 1045 3225 esse.
1089 3167 1171 3234 Quia
1192 3188 1347 3244 perperam
1368 3191 1440 3230 con-

232 3246 342 3318 fundit,
356 3247 406 3304 Ad
411 3247 561 3320 justitiam
571 3247 711 3320 imputari
721 3249 754 3304 id
764 3248 846 3321 quod
855 3247 975 3320 justitIa
985 3265 1044 3302 non
1059 3253 1104 3303 est
1113 3265 1165 3320 per
1174 3249 1438 3322 acceptilationem,

235 3323 276 3380 Et
289 3324 435 3396 imputare
450 3325 541 3382 alicui
554 3326 592 3382 ed
603 3325 751 3398 justitiam
764 3325 796 3380 id
810 3325 891 3398 quod
905 3343 967 3380 non
980 3323 1117 3381 habehat.
1141 3325 1260 3382 Primus
1275 3345 1378 3384 sensus
1390 3327 1438 3384 hic

232 3401 334 3456 locum
345 3403 517 3471 nonhabet,
533 3403 584 3458 sed
598 3403 741 3475 posterior
754 3409 880 3472 tantum,
896 3403 1060 3458 secundum
1074 3419 1164 3476 quem
1184 3403 1294 3460 dicitur
1311 3405 1439 3480 imputa-

235 3482 301 3532 tum
315 3476 345 3530 in
356 3477 506 3546 justitiam
522 3479 705 3549 Abrahamo,
720 3481 800 3554 quod
816 3479 983 3537 Abrahami
996 3497 1056 3535 non
1071 3487 1145 3549 erat,
1160 3487 1195 3538 ut
1212 3483 1297 3539 nobis
1309 3483 1437 3556 imputa·

234 3560 285 3609 tur
300 3552 420 3623 justitia
435 3551 553 3622 Christi,
574 3555 615 3611 id.
636 3564 738 3613 nostra
758 3563 902 3628 censetur,
924 3575 990 3630 quae
1011 3563 1114 3614 nostra
1127 3576 1187 3614 non
1201 3565 1272 3616 erat.
1316 3558 1366 3616 Ita
1379 3579 1437 3618 non

235 3637 326 3704 negat
348 3628 507 3703 imputatio
532 3630 688 3688 veritatem
711 3633 754 3688 rei
777 3652 830 3690 sen
853 3633 1065 3708 perfectionem
1084 3635 1219 3707 justitia,
1244 3638 1295 3693 scd
1320 3643 1438 3694 tantum

234 3708 388 3766 veritatem
403 3706 605 3781 possessionis,
619 3709 812 3767 adscribendo
826 3710 925 3783 alicui,
940 3712 1021 3786 quod
1032 3711 1114 3770 illius
1124 3731 1184 3770 non
1199 3721 1262 3770 erat
1275 3717 1438 3790 proprium.

276 3786 355 3844 XII.
379 3785 471 3852 Quod
484 3785 593 3842 dicitur
606 3787 645 3844 de
658 3786 761 3862 aliquo
775 3788 806 3844 iu
821 3788 984 3862 Scriptura,
1006 3789 1052 3846 illi
1065 3791 1187 3848 omnino
1202 3791 1297 3849 inesse
1311 3801 1438 3868 oportet,

236 3866 465 3922 sed'secundum
486 3864 574 3920 illum
597 3865 730 3934 modum,
744 3883 834 3939 quem
855 3866 980 3940 ipsamet
998 3868 1092 3925 docet.
1133 3867 1246 3928 Modus
1265 3877 1366 3928 autem
1380 3889 1439 3945 quo

234 3943 304 4002 fidei
313 3943 488 4016 justificatio
502 3949 533 4000 et
546 3944 625 4001 salus
636 3942 786 4014 tribuitur,
800 3960 861 4001 non
876 3944 1012 4002 consistit
1025 3944 1055 4002 in
1070 3947 1190 4021 propria
1202 3949 1267 4022 ejus
1278 3948 1440 4018 efficientia,

237 4021 323 4097 quasi
337 4038 403 4078 eam
417 4023 489 4079 fides
503 4027 606 4078 nostra
620 4028 756 4095 operetur
769 4029 823 4080 aut
840 4023 964 4091 efficiat;
985 4025 1037 4080 sed
1053 4023 1085 4080 iu
1099 4025 1232 4083 fiduciali
1244 4033 1362 4083 tantum
1377 4025 1441 4098 ejus

236 4098 471 4172 apprehensione
484 4105 514 4156 et
534 4099 731 4174 applicatione
752 4100 826 4158 situs
840 4107 892 4158 est.
933 4100 999 4158 Nec
1018 4101 1106 4160 aliter
1127 4102 1254 4160 dicimur
1276 4121 1329 4178 per
1351 4104 1441 4160 fidem

236 4177 353 4250 placere
367 4176 442 4245 Deo,
457 4175 535 4236 Heb.
551 4178 592 4236 xi.
607 4179 634 4250 6,
649 4185 679 4234 et
692 4179 813 4252 purgari
827 4197 846 4236 a
858 4178 993 4252 peccatis,
1011 4179 1079 4237 Act.
1094 4197 1143 4236 xv.
1159 4181 1186 4251 9,
1201 4199 1292 4256 quam
1305 4181 1379 4254 quia
1388 4199 1441 4255 ap-

237 4253 328 4327 plicat
341 4253 426 4310 nobis
433 4253 583 4326 justitiam
597 4263 627 4314 et
640 4256 815 4329 sanguinem
831 4253 950 4326 Christi,
966 4254 1018 4330 qui
1032 4265 1142 4333 purgat
1155 4277 1210 4316 nos
1223 4279 1241 4317 a
1254 4259 1390 4334 peccetis,
1411 4265 1441 4316 et

236 4338 337 4405 gratos
352 4349 407 4388 nos
420 4332 519 4390 reddit
532 4333 606 4390 Deo.

277 4407 376 4465 XIII.
399 4408 495 4466 Aliud
509 4416 553 4466 est
566 4409 707 4467 beneficia
717 4409 843 4468 conferri
854 4412 1019 4468 secundum
1032 4415 1131 4483 fidem,
1142 4414 1181 4471 id.
1193 4433 1261 4472 cum
1269 4414 1440 4474 conditione

237 4486 315 4554 fidei,
330 4486 386 4542 sub
401 4505 462 4561 qua
474 4487 618 4560 promissa
632 4487 745 4546 suntin
763 4487 873 4559 Verbo,
884 4489 968 4564 quod
982 4508 1050 4548 cum
1066 4490 1220 4566 Scriptura
1232 4494 1439 4568 agnoscimus:

238 4561 334 4618 Aliud
353 4564 442 4619 fidem
461 4563 624 4636 justificare
645 4565 762 4638 proprie
782 4572 812 4622 et
834 4583 886 4640 per
908 4585 948 4640 se,
973 4587 1025 4626 seu
1038 4569 1132 4643 ipsam
1144 4571 1234 4628 fidem
1255 4572 1362 4628 babere
1387 4589 1441 4644 pro
