3202 5194
201 339 259 398 120
572 385 574 390 .
644 355 736 398 rocus
750 355 933 398 pausemus.
1200 333 1328 416 [curren
1344 355 1409 396 xxi.

199 516 266 557 mus
279 501 309 556 et
324 495 408 574 Lege
417 495 546 574 vetitam,
558 496 600 557 ita
613 505 642 558 et
656 499 752 575 quoad
766 518 867 559 omnes
877 507 960 560 aetus
970 507 1000 559 ct
1013 505 1109 558 motus
1123 495 1191 555 iude
1203 497 1336 572 orientes,
1349 497 1411 556 sive

200 584 359 656 sequantur
372 577 521 637 formalem
535 578 694 638 voluntatis
711 599 892 655 consensum,
908 581 971 639 sive
985 599 1051 638 eum
1067 577 1248 640 antecedant.

504 657 565 716 XI.
598 658 704 736 Primo,
730 659 804 734 Quia
827 660 945 719 damnat
969 679 1019 718 eos
1043 657 1284 734 concupiscentiae
1303 664 1409 732 motus,

201 710 444 816 Pmbatpptprrspsa
464 757 538 815 quos
551 738 668 798 nonnisi
680 759 732 818 per
747 739 856 816 Legem
877 740 1014 817 scriptam
1027 739 1115 797 homo
1137 757 1312 814 cognoscere
1327 745 1409 814 potu·

462 817 542 893 isset,
557 826 591 878 ιιι
605 818 766 896 Apostolus
779 826 911 879 testatur.
953 819 996 878 At
1016 826 1113 878 motus
1126 817 1284 876 voluntarii
1304 837 1411 876 conon·

200 896 349 974 piscantia
362 917 423 956 non
435 896 529 975 ignoti
542 897 659 958 fuerunt
672 899 743 977 ipsis
758 899 900 975 Ethnicis,
915 907 949 958 ut
958 899 1057 958 vitiosi
1070 906 1101 958 et
1114 897 1280 957 inordinati.
1323 896 1410 957 Unde

201 976 276 1037 illud
292 977 419 1055 Seneca,
434 979 526 1038 Latro
540 987 581 1038 est
594 987 745 1058 antequam
759 980 884 1058 inquinet
895 999 1004 1057 manaa,
1020 988 1050 1039 et
1062 979 1085 1039 J
1086 978 1227 1055 uvenalis,

442 1139 522 1198 Nam
535 1141 622 1198 seclae
636 1139 714 1199 intra
725 1159 756 1198 se
770 1149 878 1200 tantam
891 1139 941 1218 qai
954 1138 1058 1218 cogitat
1070 1140 1158 1198 rdiam

442 1220 528 1279 Facti
540 1219 645 1280 crima
658 1221 747 1279 habet.

202 1380 230 1436 2.
257 1377 332 1453 Quia
352 1379 427 1438 tales
447 1388 543 1440 motus
555 1399 615 1438 non
635 1380 813 1440 conveniunt
834 1379 982 1440 sanctitati
995 1388 1025 1440 et
1048 1377 1175 1458 puritati,
1190 1397 1278 1456 quam
1293 1377 1373 1436 Deus
1394 1395 1412 1435 a

201 1456 286 1517 nobis
300 1459 435 1536 postulat,
446 1468 475 1520 et
484 1459 655 1538 perfectioni
664 1460 811 1538 requisitae
821 1460 937 1520 amandi
952 1461 1047 1519 Deum
1062 1457 1223 1520 totocorde
1237 1465 1267 1517 et
1277 1457 1411 1516 omuibus

200 1537 313 1597 viribus
325 1561 332 1614 ;
356 1539 484 1618 Ideoque
498 1560 557 1599 non
570 1549 693 1618 possunt
706 1560 765 1599 non
780 1560 843 1600 esse
857 1540 957 1600 vitiosi
970 1549 1000 1600 et
1021 1539 1114 1617 ι’ίιιμιι.
1156 1541 1185 1597 3.
1200 1537 1275 1612 Quia
1288 1536 1337 1596 alii
1348 1557 1409 1594 mo·

201 1625 249 1676 tus
259 1618 322 1694 jam
335 1620 420 1679 vetiti
433 1629 501 1680 sunt
515 1620 580 1679 aliis
593 1621 753 1698 praeceptis,
769 1621 799 1679 in
813 1621 919 1698 quibus
934 1621 998 1680 Lex
1011 1621 1053 1680 its
1072 1618 1205 1698 prohibet
1218 1625 1301 1676 actus
1314 1625 1408 1675 exter·

201 1715 264 1772 nos,
279 1706 313 1758 ιιι
326 1699 394 1776 quia
418 1709 464 1759 est
480 1699 637 1778 spiritualis
662 1702 749 1759 etiam
773 1701 891 1761 damnet
914 1699 1052 1760 internos.
1096 1699 1144 1758 Sic
1158 1697 1272 1757 Christo
1296 1696 1411 1756 adulter

201 1777 315 1855 dicitur,
331 1780 381 1856 qui
394 1779 495 1839 uxoris
509 1781 611 1840 aliena
625 1781 793 1858 pudicitiam
808 1781 900 1840 oculis
913 1780 1024 1840 delibat
1037 1787 1066 1839 et
1080 1776 1245 1858 aspiciendo
1259 1776 1409 1853 concupis-

201 1857 250 1933 cit,
273 1858 378 1919 Matth.
401 1879 431 1918 v.
446 1861 502 1936 28;
525 1869 554 1920 et
574 1861 705 1921 Johsnni
729 1864 747 1894 “
767 1859 914 1920 homicida
933 1869 978 1920 est
999 1861 1050 1938 qui
1074 1860 1137 1919 odit
1157 1859 1274 1918 fratrem
1295 1857 1409 1931 suum,”

204 1940 219 1995 l
231 1938 253 1998 J
254 1959 280 1998 o.
295 1939 337 1998 iii.
350 1941 397 1998 15.
441 1940 473 2000 Si
487 1960 557 2018 ergo
565 1941 639 2000 tales
653 1949 1023 2017 motustantumvetautur,
1038 1940 1112 1999 nihil
1125 1938 1195 1998 novi
1208 1938 1412 2018 praeciperetur

202 2026 253 2076 aut
265 2020 466 2098 prohiberetur
478 2028 623 2098 precepto
643 2021 700 2081 isto
721 2041 808 2099 supra
828 2021 948 2098 relique,
963 2021 1042 2099 quod
1063 2018 1229 2080 absurdum.
1271 2017 1411 2094 Quamvis

202 2097 279 2156 euim
293 2118 351 2158 uon
365 2119 505 2177 negemus
518 2100 575 2159 hoc
588 2109 763 2180 preceptum
777 2101 973 2179 superioribus
994 2101 1124 2160 additum
1139 2119 1203 2158 esse
1223 2119 1275 2176 per
1293 2097 1412 2157 modum

201 2179 311 2255 regulae
326 2180 478 2256 generalis,
493 2179 553 2239 illis
566 2180 597 2238 iu
611 2180 673 2240 foro
687 2181 871 2240 conscientiae
892 2181 1058 2260 expressius
1072 2179 1253 2240 declarandis
1277 2187 1306 2238 ct
1320 2177 1411 2256 appli-

203 2257 312 2334 candis,
328 2259 439 2336 aliquid
451 2267 549 2318 tamen
562 2260 684 2321 ulterius
697 2259 844 2338 designari
858 2261 1007 2320 distinctio
1020 2267 1228 2339 praeceptorum
1249 2259 1412 2318 necessario

202 2339 340 2415 postulat,
355 2339 434 2415 quod
447 2339 521 2397 nihil
540 2340 698 2400 aliudesse
718 2350 821 2419 potest,
838 2361 925 2418 quam
946 2340 1186 2420 concupiscentiae
1206 2339 1323 2398 habitus
1345 2357 1411 2398 cum

202 2417 303 2495 primis
324 2419 389 2497 ejus
408 2419 554 2498 motibus,
579 2429 613 2480 ut
632 2422 673 2481 ita
695 2421 872 2498 ostendatur,
887 2429 1028 2499 quantum
1049 2421 1112 2480 Lex
1133 2419 1235 2478 divina
1248 2418 1361 2480 differat
1374 2419 1411 2477 ab

202 2497 346 2636 humlanis,
361 2519 427 2578 quae
440 2507 536 2559 motus
557 2509 669 2561 tautum
684 2509 820 2561 externos
845 2501 1010 2580 respiciunt,
1025 2521 1079 2561 uec
1099 2499 1138 2560 ad
1160 2499 1270 2560 fontem
1283 2499 1352 2559 mali
1366 2519 1411 2558 es·

200 2597 256 2637 ceu
278 2587 340 2639 unt.

508 2659 587 2721 XII.
610 2661 749 2736 Quamvis
770 2667 797 2722 rt
819 2660 937 2737 ὶκιίκιιι,
961 2661 1040 2739 quod
1061 2669 1106 2721 est
1133 2659 1359 2720 involuntarium
1379 2666 1410 2718 et

467 2739 591 2800 invitum
604 2761 657 2820 per
676 2743 845 2803 nolitiouem
859 2741 1023 2822 positivam,
1040 2761 1098 2801 non
1120 2741 1158 2800 sit
1177 2749 1336 2818 peccatum,
1351 2759 1410 2798 non

465 2821 597 2899 seqnitur
609 2823 682 2881 nihil
695 2823 837 2883 rationem
850 2823 963 2901 peceati
976 2823 1083 2881 habere
1097 2839 1192 2899 posse,
1208 2819 1287 2897 qnod
1299 2839 1357 2878 non
1372 2819 1410 2878 sit

202 2895 306 2956 ἑκούσιοι
320 2905 350 2957 et
362 2899 559 2961 voluntarium
570 2902 729 2963 formaliter
743 2911 772 2962 et
786 2903 885 2963 stricte
906 2923 944 2962 ex
957 2902 1119 2961 deliberato
1130 2908 1211 2960 motu
1224 2907 1254 2959 et
1267 2919 1410 2958 consensu

204 2978 382 3056 voluntatis,
415 2982 457 3041 sic
481 2982 559 3041 enim
582 3003 636 3042 uec
658 2992 809 3060 peccatum
832 2982 981 3061 originale,
1007 3003 1062 3042 nec
1085 2989 1204 3059 peccata
1228 2979 1408 3057 ignorantiae,

201 3067 302 3118 essent
314 3079 384 3119 vera
403 3072 542 3139 peccata:
571 3063 623 3122 sed
637 3063 742 3123 sufficit
755 3073 788 3124 nt
801 3063 998 3123 voluntarium
1012 3062 1125 3122 dicatur
1142 3063 1209 3137 late,
1225 3060 1293 3138 quia
1306 3061 1410 3119 volun-

202 3146 292 3198 tatem
307 3139 402 3218 afficit,
418 3150 448 3202 et
467 3143 512 3200 illi
531 3141 661 3203 inhaeret.
704 3144 786 3204 Licet
806 3163 876 3221 crgo
895 3152 992 3203 motus
1005 3143 1097 3221 primo
1108 3141 1194 3220 primi
1214 3160 1272 3200 uon
1287 3140 1345 3200 sint
1358 3160 1409 3199 vo.

202 3217 323 3278 luntarii
335 3220 424 3297 priori
443 3241 539 3296 seusu,
554 3221 628 3282 bene
648 3231 746 3284 tamen
764 3225 805 3284 ita
816 3231 960 3284 vocantur
972 3223 1134 3302 posteriori,
1149 3222 1217 3300 quia
1229 3221 1411 3280 voluntatem

204 3297 341 3374 afficiunt,
356 3301 429 3358 etin
443 3321 478 3360 ea
492 3302 698 3379 sancctantur.
1403 3323 1406 3328 ’

246 3376 342 3437 ΧΙΙΙ.
366 3379 448 3439 Licet
461 3380 535 3439 tales
548 3389 645 3440 motus
658 3402 717 3441 non
731 3383 832 3443 sintin
846 3391 946 3445 nostre
964 3390 1116 3462 potestate,
1131 3399 1189 3440 non
1202 3379 1298 3438 minus
1312 3385 1408 3438 mmen

206 3465 275 3516 sunt
294 3457 458 3534 inordinati,
480 3458 549 3537 quia
567 3481 621 3520 uec
640 3462 749 3522 bouum
770 3483 843 3541 opus
863 3464 1014 3542 quodlibet
1029 3471 1074 3522 est
1094 3461 1124 3519 in
1137 3467 1237 3520 nostra
1254 3465 1407 3535 potestate,

206 3537 291 3613 cujus
304 3545 401 3608 tamen
415 3540 532 3600 omissio
552 3561 611 3600 non
624 3543 721 3602 minus
740 3553 784 3603 est
805 3545 911 3604 vitiosa
928 3553 958 3604 et
975 3542 1156 3618 inordinata,
1178 3539 1243 3598 Lex
1261 3557 1331 3616 crgo
1348 3559 1410 3598 non

206 3617 331 3676 attendit
344 3618 381 3677 ad
395 3620 473 3679 vires
486 3621 620 3698 hominis,
636 3622 688 3682 sed
701 3621 738 3682 ad
753 3623 897 3702 officium,
912 3623 1052 3702 neuquid
1062 3621 1162 3700 possit,
1173 3619 1222 3679 vel
1235 3639 1294 3678 non
1307 3620 1410 3697 possit,

204 3695 259 3756 sed
279 3697 351 3774 quid
364 3707 496 3760 teneatur
509 3710 645 3779 prestare
659 3703 690 3761 in
704 3704 870 3763 moralibus.

247 3777 337 3836 XIV.
360 3779 460 3840 Motus
481 3781 721 3860 concupiscentiae
741 3788 888 3844 naturales
907 3805 966 3844 non
986 3790 1109 3861 possunt
1123 3782 1182 3841 diei
1201 3780 1258 3840 nisi
1277 3789 1412 3859 respecta

206 3863 317 3918 astura
331 3868 472 3940 corruptae
485 3881 503 3920 a
517 3881 574 3939 qua
587 3861 698 3942 fluunt;
713 3883 772 3923 non
786 3883 856 3924 vero
869 3872 1002 3943 respectu
1016 3872 1126 3924 naturae
1141 3883 1218 3922 sanae
1232 3871 1261 3920 et
1274 3861 1396 3939 integrae
1401 3883 1410 3938 3

206 3956 274 3996 nam
289 3939 314 3997 si
329 3939 461 4001 Adamus
481 3962 629 4020 nunquam
643 3952 800 4022 peccasset,
815 3945 889 4004 tales
910 3953 1006 4005 motus
1024 3963 1173 4022 nunqnam
1190 3949 1328 4022 expertus
1341 3942 1411 4002 luis-

207 4023 260 4092 set,
276 4018 327 4096 qni
340 4021 498 4082 vitiositate
513 4043 610 4083 carere
623 4043 683 4084 non
695 4032 827 4104 possunt

238 2723 329 2794 Fontes
341 2723 408 2772 Solu-

273 2789 377 2829 tronum.
