3192 5206
224 327 283 386 360
655 345 746 386 rocus
760 346 889 388 oacruus
903 345 1047 394 ousnrus.
1251 322 1381 404 [osmer.
1397 343 1444 382 rx.

227 485 264 542 ab
288 483 389 558 officio,
412 495 441 544 ct
463 485 499 542 ab
524 486 685 545 actionibus
699 495 758 545 tam
783 507 920 564 expresse
944 487 1090 545 describit.
1121 487 1148 543 3.
1165 484 1231 542 Non
1254 493 1354 561 posset
1374 483 1436 541 dici

228 565 360 622 Christus
377 565 518 624 Sacerdos
529 567 686 624 secundum
701 567 829 624 ordinem
847 567 1060 638 Melchisedeci,
1073 565 1130 622 nisi
1144 564 1181 622 eb
1195 564 1258 641 ipso
1268 563 1434 639 distingue-

227 653 313 716 retur,
329 663 383 702 nec
393 645 623 704 Melchisedecus
634 647 694 722 ipse
706 646 859 704 duceretur
868 665 935 704 vere
946 647 1020 704 Filio
1029 646 1084 703 Dei
1095 643 1281 719 ὶφυμοωμίιις,
1290 641 1368 700 Heb.
1381 643 1434 700 vii.

228 727 255 797 3,
271 724 328 781 uisi
342 743 359 781 a
374 725 488 783 Christo
504 735 536 783 ut
550 735 637 802 typus
659 745 676 782 a
689 735 844 801 prototypo
854 725 989 783 differret.
1006 726 1066 783 Nec
1077 725 1154 800 quod
1166 723 1271 782 dicitur
1280 722 1389 802 briseg
1404 733 1436 780 et

227 803 441 884 ipisugevincit
451 823 509 862 non
518 805 756 864 fuissehominem
766 804 924 876 mortalem,
932 805 1000 880 quie
1009 805 1064 862 hoc
1075 824 1133 861 non
1144 803 1284 876 absolute,
1292 801 1343 859 sed
1353 821 1433 859 com·

227 893 325 960 parate
335 892 379 941 est
389 883 619 960 intelligendum,
630 903 687 940 non
696 893 754 942 tam
761 885 886 958 positis-e,
897 885 977 960 quasi
985 884 1070 942 fuerit
1079 883 1248 959 simpliciter
1257 881 1332 954 talis,
1343 901 1433 957 quam

226 963 360 1038 acyatim,
376 963 444 1038 quie
458 961 537 1020 deeo
554 963 702 1039 Scriptura
715 963 788 1037 silet,
804 972 837 1020 ut
847 973 947 1040 postea
960 964 1080 1022 dicetur.
1103 963 1164 1020 Nec
1184 962 1242 1019 elia
1261 961 1372 1019 ratione
1386 962 1434 1018 in-

227 1041 501 1118 telligendumquod
509 1041 621 1115 dicitur,
638 1043 712 1100 Heb.
722 1041 772 1101 vii.
784 1045 811 1116 3,
824 1063 938 1100 manere
948 1044 1086 1102 Sacerdos
1096 1043 1126 1098 in
1142 1050 1288 1114 aetcrnum,
1300 1041 1370 1115 quie
1380 1040 1433 1099 uni

227 1141 279 1180 cus
301 1121 363 1195 fuit,
376 1139 428 1178 nec
443 1140 636 1179 successorem
651 1121 759 1196 habuit,
775 1131 804 1180 et
814 1121 891 1197 quod
901 1122 1096 1181 testimonium
1110 1121 1154 1178 illi
1168 1120 1334 1197 perhibetur
1354 1123 1436 1196 quod

226 1201 299 1274 vivit,
314 1220 374 1258 ver.
391 1203 418 1273 8,
442 1200 510 1276 quis
532 1201 631 1259 Moses
651 1220 705 1259 nec
732 1202 843 1259 natales
863 1221 917 1260 nec
933 1203 1044 1261 obitum
1065 1203 1128 1279 ejus
1156 1200 1292 1273 scribens,
1314 1199 1435 1258 videtur

227 1279 439 1357 quodammodo
466 1299 532 1338 eum
553 1300 711 1357 proponere
738 1288 771 1340 ut
798 1281 996 1356 immortalem,
1018 1289 1051 1340 ut
1071 1300 1140 1338 vera
1161 1288 1190 1338 et
1216 1278 1329 1356 proprie
1351 1278 1433 1337 dicte

229 1359 373 1418 aeternitas
388 1367 543 1435 utcumque
557 1359 750 1419 adumbretur.

265 1439 308 1497 X.
333 1438 474 1513 Secundo,
491 1439 552 1498 Nec
572 1439 610 1498 ad
624 1459 673 1498 eos
688 1439 823 1498 accedere
844 1440 996 1517 possimus,
1012 1440 1062 1516 qui
1083 1447 1187 1516 putant
1207 1439 1295 1497 fuisse
1316 1439 1432 1496 Samum

228 1518 339 1577 Noaehi
361 1519 476 1593 Filium,
487 1527 519 1577 ut
534 1519 556 1578 J
558 1518 632 1577 udaei
655 1520 784 1596 plerique
798 1528 927 1594 censent,
943 1529 972 1577 et
985 1521 1081 1578 visum
1096 1529 1140 1578 est
1154 1529 1220 1595 post
1234 1518 1428 1594 Epiphaniam

228 1598 415 1674 Hieronymo,
427 1598 592 1657 etaliisnon
607 1601 714 1676 paucis.
740 1599 878 1672 Quiauon
890 1608 988 1676 posset
1001 1599 1058 1657 dici
1072 1599 1187 1678 ἱκέτας,
1202 1601 1311 1678 ι’μιίτυς,
1327 1597 1429 1673 imna-

226 1678 338 1751 aime,
355 1697 419 1736 cum
434 1679 498 1754 ejus
519 1679 697 1755 genealogia,
713 1687 793 1736 ortus
814 1687 843 1737 et
857 1678 953 1736 obitus
977 1688 1036 1736 tem
1060 1688 1191 1737 accurate
1216 1686 1427 1735 recenseantur.

227 1758 288 1816 Nec
308 1758 369 1816 ulla
382 1759 455 1816 retio
474 1757 535 1815 dsri
554 1768 652 1835 posset
672 1778 724 1816 cur
738 1759 836 1815 Moses
851 1777 955 1816 nomen
969 1765 1116 1816 mutasset.
1140 1757 1253 1815 Deinde
1269 1757 1355 1814 Semo
1369 1777 1427 1814 non

226 1837 313 1896 cessit
328 1838 443 1896 Canaan
454 1839 484 1894 in
495 1837 702 1912 hereditatem,
718 1837 770 1895 sed
781 1837 917 1911 Caneeni,
940 1837 1014 1896 Gen.
1029 1858 1059 1896 x.
1078 1841 1122 1910 15,
1141 1839 1187 1896 19.
1210 1836 1342 1913 Denique
1354 1837 1427 1894 nihil

226 1936 376 1975 commune
398 1916 498 1974 debuit
522 1917 627 1974 habere
650 1916 880 1974 Melchisedecus
905 1937 970 1974 cum
987 1917 1119 1976 Levitico
1134 1936 1259 1993 genere,
1282 1917 1353 1973 alias
1368 1935 1426 1974 non

226 1996 321 2054 minus
341 1996 468 2054 decimas
492 1998 650 2072 accepisset
674 1997 748 2053 Levi
770 1995 799 2052 in
826 1997 919 2070 Semo,
945 2015 1031 2072 quam
1056 1995 1183 2055 dedisset
1203 1996 1233 2053 in
1249 1995 1426 2053 Abrahamo.

226 2076 287 2134 Nec
302 2074 438 2134 credibile
453 2083 497 2132 est
511 2095 596 2132 avum
611 2075 641 2132 in
656 2083 760 2151 nepote
774 2075 901 2134 decimas
914 2085 1106 2152 accepturum,
1118 2077 1166 2134 vel
1179 2076 1209 2132 in
1225 2075 1285 2133 Avi
1294 2075 1387 2152 patrie
1398 2085 1427 2133 et

226 2155 279 2213 sub
294 2155 372 2212 illins
387 2153 478 2211 oculis
498 2154 703 2212 Patriarclriam
727 2155 910 2231 peregrinum
924 2154 981 2213 dici
996 2155 1132 2231 potuisse.
1175 2155 1254 2212 Hinc
1277 2154 1427 2230 Iosephus

225 2243 255 2292 et
270 2233 354 2291 Philo
366 2233 536 2290 sententiam
551 2232 635 2291 istem
651 2253 767 2292 suorum
781 2235 942 2310 gregalium
953 2243 1050 2310 aperte
1064 2235 1206 2311 rejiciunt.

267 2312 327 2369 XI.
349 2312 447 2369 Tertia
460 2331 530 2387 ergo
552 2313 693 2370 sententia
707 2313 791 2370 nobis
812 2314 859 2371 hic
874 2315 935 2372 sole
948 2314 1098 2372 retinenda
1111 2314 1234 2388 videtur,
1246 2331 1310 2390 quae
1326 2312 1427 2371 statuit

225 2389 470 2449 Melchisedccum
485 2411 584 2448 verum
598 2391 743 2449 hominem
758 2392 855 2466 fuisse,
871 2413 908 2450 ex
922 2393 1087 2452 hominibus
1097 2401 1199 2467 satum,
1209 2412 1307 2468 regem
1318 2393 1424 2466 Salem,

223 2471 275 2547 qui
289 2478 416 2545 tempore
428 2469 587 2527 Abrahami
602 2470 684 2545 vixit,
700 2479 730 2529 et
744 2471 853 2546 regium
877 2491 981 2529 munus
1006 2493 1070 2530 cum
1096 2472 1265 2531 sacerdotali
1290 2471 1425 2530 obtinuit.

226 2549 356 2609 Ulterius
372 2568 440 2606 vero
461 2568 596 2624 quaerere,
612 2550 677 2626 quis
691 2550 741 2608 ille
755 2550 848 2624 suerit,
864 2551 951 2609 estin
965 2551 1039 2608 illud
1052 2553 1206 2628 inquirere,
1221 2551 1298 2628 quod
1314 2551 1394 2608 Deus
1408 2570 1427 2609 a

224 2629 307 2688 nobis
323 2628 389 2687 sciri
402 2628 503 2687 noluit.
528 2629 591 2686 Ιιιιο
612 2630 637 2687 si
652 2630 706 2688 hoc
719 2638 819 2688 notum
831 2639 907 2688 esset
918 2639 946 2688 ct
959 2641 1149 2707 perspectum,
1160 2641 1230 2709 typo
1244 2640 1273 2690 et
1287 2631 1426 2706 mysterio

223 2729 282 2767 non
296 2708 398 2766 fuisset
410 2707 501 2784 locus,
517 2708 600 2784 cujus
621 2709 715 2767 omnis
728 2709 801 2767 ratio
822 2709 889 2768 inde
907 2711 1021 2786 pendet,
1038 2711 1116 2787 quod
1138 2712 1218 2770 Deus
1237 2730 1295 2768 non
1320 2709 1426 2768 frustra

224 2789 296 2847 tanti
319 2788 374 2845 viri
399 2807 499 2864 genus,
528 2789 718 2864 nativitatem,
745 2797 774 2847 et
795 2798 915 2848 mortem
931 2789 1077 2866 designari
1100 2791 1232 2864 noluerit,
1258 2790 1337 2866 quod
1350 2789 1426 2847 solet

224 2868 325 2927 sedulo
350 2867 421 2925 alias
436 2867 506 2942 fieri,
521 2869 635 2944 quoties
659 2869 756 2945 egitur
776 2868 812 2926 de
826 2870 957 2946 personis
978 2869 1110 2946 publicis,
1134 2869 1331 2929 sacerdotibus
1344 2877 1423 2945 puta,

223 2956 273 3006 aut
287 2947 414 3024 regibus.
436 2948 462 3004 N
465 2968 497 3006 ec
508 2948 568 3005 ulla
578 2948 634 3007 alia
644 2949 717 3006 rstio
731 2947 813 3006 reddi
823 2957 927 3026 potest,
943 2969 994 3007 cur
1007 2949 1038 3006 id
1046 2949 1153 3008 fectum
1162 2969 1219 3008 nou
1233 2948 1326 3022 fuerit,
1337 2967 1423 3024 quarn

231 3027 364 3104 specialis
392 3028 522 3103 mysterii
545 3028 626 3102 ratio,
643 3048 729 3105 quam
744 3029 847 3104 Apost.
860 3029 890 3086 in
905 3029 997 3105 Epist.
1019 3029 1056 3086 ad
1078 3029 1219 3087 Hebraeos
1233 3028 1423 3105 prosequitur.

264 3107 341 3166 XII.
365 3106 431 3164 Hoc
446 3127 514 3184 ergo
526 3107 588 3184 jam
609 3107 838 3184 expendendum,
854 3116 886 3168 ut
900 3127 970 3166 vere
992 3109 1066 3166 ratio
1082 3109 1167 3167 istius
1187 3108 1287 3184 figurae
1301 3127 1422 3183 cognos-

223 3194 313 3246 catur.
354 3185 405 3244 Ad
429 3189 511 3264 cujus
534 3187 682 3244 clariorem
707 3187 846 3261 notitiam,
875 3187 971 3246 Primo
998 3188 1164 3263 videndum,
1200 3187 1271 3263 quid
1299 3187 1420 3259 Psaltes,

343 3325 348 3336 ,
485 3266 562 3323 Psel.
577 3284 623 3339 cx,
635 3274 665 3324 et
679 3285 715 3322 ex
734 3286 768 3322 eo
780 3267 897 3340 Paulus,
908 3287 970 3343 cap.
985 3268 1034 3325 vii.
1051 3267 1088 3324 ed
1103 3268 1179 3326 Heb.
1194 3266 1359 3343 intelligant
1372 3285 1424 3342 per

233 3323 303 3434 ‘iffi
318 3325 452 3431 hinedff‘
484 3341 728 3428 τιέξιιΜιλχισίὶα.
744 3345 971 3422 1010011000
981 3346 1010 3404 in
1021 3345 1282 3420 Hebraeohabetur,
1292 3344 1424 3403 redditur

282 3401 318 3432 ⁸⁰
335 3401 356 3431 ¹⁵
484 3422 603 3480 el’sulo
618 3443 669 3499 per
682 3423 760 3496 τίξιι,
776 3442 840 3499 quae
854 3425 988 3500 ordiam,
1008 3427 1237 3500 celsaetudinem,
1260 3445 1309 3482 seu
1328 3426 1422 3483 condi·

223 3507 322 3564 tionem
336 3511 426 3575 notat,
437 3510 469 3559 ut
483 3501 529 3558 hic
549 3525 560 3550 ι
575 3502 613 3560 sit
626 3501 840 3578 paragogicum,
856 3522 913 3561 non
923 3504 1049 3579 affixum,
1061 3513 1094 3563 ut
1103 3505 1215 3563 Eccles.
1230 3505 1270 3563 111.
1286 3508 1330 3576 18,
1343 3529 1422 3566 neas

222 3603 285 3642 :aa
315 3603 352 3639 n:
378 3581 497 3638 conditio
512 3601 608 3640 rerum
622 3583 827 3639 humanarum:
841 3583 882 3640 ita
899 3583 969 3654 τέξις
989 3587 1082 3665 Aegis,
1098 3585 1171 3643 nihil
1185 3584 1264 3643 allud
1278 3583 1420 3658 designat,

222 3676 308 3733 quam
329 3659 523 3718 conditionem
545 3660 698 3719 sacerdotii
713 3659 850 3718 Aaronici
865 3662 944 3739 Lege
967 3665 1170 3741 praescriptam,
1190 3673 1224 3723 ut
1245 3684 1284 3722 ex
1297 3683 1357 3721 ver.
1374 3665 1420 3734 16,

223 3735 377 3812 colligitur,
393 3739 443 3796 ubi
458 3741 536 3815 quod
550 3740 664 3798 dixerat
677 3743 748 3798 κατὰ
759 3741 799 3802 ab
812 3741 882 3812 τοίξιι
900 3744 1104 3820 interpretetur·
1124 3747 1152 3801 οὗ
1163 3745 1232 3802 narb
1248 3743 1314 3817 ripas
1329 3744 1421 3806 arna

221 3822 348 3894 vaesanis,
360 3821 510 3877 secundum
524 3823 610 3897 legem
624 3821 754 3878 mandati
770 3824 902 3897 carnale,
918 3831 946 3881 et
961 3824 1038 3900 quod
1053 3824 1135 3899 dixit,
1148 3849 1216 3882 ura
1235 3825 1305 3894 τάξιν
1318 3835 1421 3897 Μελχι-

222 3894 293 3970 aaa,
304 3899 498 3975 exponitur&
506 3897 606 3976 lbrapu
616 3899 677 3977 ζαῖς
687 3900 849 3961 &messim
862 3904 1074 3962 sccundumoim
1083 3904 1146 3961 oitoe
1157 3904 1350 3962 indissolubilis
1375 3903 1422 3960 lte

220 3976 292 4033 nihil
314 3978 393 4037 aliud
407 3989 531 4056 notatur,
550 3999 635 4057 quam
650 3981 776 4040 conditio
791 3983 943 4041 sacerdotii
958 3982 1220 4058 Melchisedeciani,
1243 3993 1272 4042 et
1286 3981 1421 4040 conveni·

221 4056 298 4114 entia
313 4077 346 4115 ac
360 4059 526 4136 similitudo,
543 4081 607 4137 quae
622 4059 728 4118 Christi
742 4062 908 4121 Sacerdotio
922 4063 976 4121 hac
990 4063 1020 4120 in
1037 4071 1117 4138 parte
1132 4062 1283 4121 intercedit
1297 4081 1361 4120 cum
1376 4080 1419 4135 eo,

221 4145 254 4194 ut
269 4135 374 4212 Apost.
390 4158 450 4198 ver.
469 4143 514 4216 15,
530 4139 666 4217 exprimit
678 4146 748 4200 umal
761 4146 802 4205 rb
816 4143 946 4217 &palma
960 4144 1111 4200 secundum
1124 4142 1340 4201 sanctitudinem.

218 4252 462 4302 christucummel-
523 4220 617 4278 XIII.
642 4221 805 4281 Similitudo
820 4231 915 4280 autern
929 4222 985 4278 ista
999 4222 1027 4278 in
1042 4221 1130 4279 variis
1145 4223 1260 4298 ponitur
1274 4222 1310 4280 ab
1326 4221 1420 4297 Apos-

249 4313 374 4358 cutsedcco
404 4329 461 4360 con·
481 4300 559 4360 tolo:
583 4303 609 4358 1.
624 4300 659 4357 In
673 4302 803 4374 Nomine,
827 4301 895 4375 quie
919 4300 1077 4360 vocabatur
1101 4301 1330 4360 lliclchisedecus
1354 4301 1419 4359 llex

251 4373 334 4415 ’ΜΗ
386 4433 391 4444 ,
432 4443 438 4454 ‚
483 4378 587 4454 Salem,
600 4379 686 4456 quod,
697 4380 852 4456 interprete
865 4379 1015 4454 Apostolo,
1029 4381 1172 4456 significat
1181 4384 1285 4457 Regem
1292 4381 1417 4455 justitie,

248 4427 310 4474 1.1n
327 4441 437 4476 ⁰⁰m¹¹¹⁸'
481 4460 718 4534 etReyempacie,
732 4459 807 4514 Heb.
820 4458 869 4515 vii.
885 4463 912 4534 2,
925 4460 1004 4534 quod
1015 4469 1167 4536 utrumque
1180 4461 1293 4519 Christo
1305 4461 1418 4538 proprie

218 4534 362 4610 convenit,
391 4536 442 4612 qui
469 4545 513 4596 est
539 4539 649 4596 Jchooa
667 4537 780 4611 justitia
807 4545 913 4613 nostra,
943 4549 972 4597 et
1006 4541 1142 4615 Iha'aceps
1165 4541 1257 4614 pacis.
1319 4545 1347 4598 2.
1383 4540 1420 4596 In

218 4614 333 4688 orryioc,
349 4614 418 4688 quie
442 4615 672 4674 Melchisedecus
696 4615 780 4672 uobis
795 4615 965 4676 describitur
984 4639 1001 4676 a
1017 4619 1107 4693 Mose,
1124 4627 1156 4678 ut
1169 4620 1284 4699 ἐπαίτης,
1307 4621 1416 4698 ἑρκίτας,
