3108 5198
232 339 270 398 22
687 349 971 393 soocsusnncrucs.
1250 328 1433 411 [onasum.

232 505 262 556 (1
272 497 366 574 proxi
383 494 470 571 msice
485 491 592 553 Ceres
605 499 635 551 st
648 492 865 571 Apostolorum,
880 491 931 570 qui
945 511 1003 552 non
1017 509 1081 550 raro
1099 489 1251 569 jursrunt3
1273 489 1327 550 sad
1338 509 1432 551 secem·

233 580 300 636 dum
314 577 389 652 quid,
406 574 441 632 de
451 573 624 651 jursmsntis
637 572 797 632 temerariis
810 580 840 631 (1
853 572 977 640 levibus,
991 571 1041 630 vel
1054 571 1201 648 conseptis
1213 590 1266 649 per
1279 578 1432 647 creaturas,

232 657 269 716 de
279 656 385 735 quibus
395 654 451 712 hoe
461 653 525 713 loco
539 653 687 730 agebatur.
723 651 808 727 Quod
818 651 917 711 addita
926 651 1061 730 exegesis
1071 651 1148 710 clare
1162 651 1278 728 evincit,
1293 670 1385 730 quum
1395 651 1433 710 sit
1536 673 1537 684 ¹

231 757 289 796 non
302 737 463 810 jurandum
476 753 533 792 esse
547 733 666 808 omnivm,
681 751 734 791 nec
753 751 810 808 per
823 733 928 808 sabens,
943 752 997 792 nec
1012 752 1070 808 per
1084 741 1198 806 terram
1215 730 1269 790 &a
1284 731 1325 791 id.
1339 730 1433 790 nullas
1536 733 1537 796 Τ

232 815 301 875 telis
320 813 477 892 juramenti
497 831 648 892 perversas
662 811 809 888 formulas,
824 830 891 889 quse
903 812 934 870 in
947 831 1003 872 usu
1016 820 1099 872 erent
1112 811 1191 888 epud
1204 811 1227 871 J
1227 811 1336 886 udseos,
1350 830 1432 870 usur·
1536 797 1537 870 i

231 893 343 974 pendas
361 913 433 970 esse,
455 912 528 970 ques
548 893 701 969 complexu
722 891 850 968 generali
871 891 989 951 demnat
1002 891 1142 967 Jacobus,
1157 911 1220 968 cep.
1235 911 1265 949 v.
1282 893 1328 966 12,
1344 910 1432 968 quum

234 975 324 1051 sddit,
345 994 399 1032 nec
412 973 494 1032 eliud
513 973 629 1050 quodvis
639 975 852 1048 jurameutum:
873 970 958 1030 Alias
979 971 1004 1030 si
1025 971 1121 1029 omnis
1134 971 1252 1030 omnino
1270 972 1434 1048 juramenta
1536 975 1537 1030 l

233 1054 394 1132 proscripts
417 1053 566 1126 voluisset,
591 1051 697 1110 addere
721 1049 877 1124 debuisset,
902 1071 1027 1127 uesper
1050 1053 1162 1109 Deum:
1192 1069 1344 1128 perpetem
1365 1069 1433 1126 ergo

233 1133 375 1213 particule
388 1131 560 1192 universalis
574 1139 722 1208 separatur
735 1150 753 1188 s
766 1130 904 1208 medabus
917 1131 1077 1206 juramenti
1087 1131 1220 1206 subjaces,
1236 1131 1285 1188 vel
1299 1129 1336 1188 ed
1348 1149 1434 1206 ysam
1536 1117 1537 1204 i

233 1222 264 1274 (1
283 1213 464 1272 substantiam
483 1211 650 1289 juramenti,
663 1229 722 1269 non
746 1209 784 1268 ed
799 1213 929 1286 somnam
951 1209 1031 1268 illius
1054 1228 1072 1267 a
1095 1210 1236 1269 Mattbaeo
1258 1227 1433 1287 expressum,
1536 1215 1537 1288 l

233 1292 363 1353 refertur.
389 1292 550 1352 Necverbe
563 1289 662 1349 addita
675 1289 827 1364 aGhristo,
841 1289 1356 1366 sitsermoosstsr,stiemsts'um,noe
1369 1309 1432 1363 (οη,
1536 1289 1537 1316 ³

234 1372 409 1434 contrarium
430 1371 569 1449 probent,
590 1371 660 1507 spuis
679 1389 738 1428 non
756 1369 885 1446 loquitur
899 1368 1030 1430 absolute
1043 1377 1074 1428 et
1086 1369 1288 1431 universaliter
1302 1368 1434 1427 Christis
1536 1391 1537 1440 5

234 1453 271 1512 (1(
286 1452 365 1511 omni
378 1470 517 1526 sannone,
532 1457 583 1509 eut

235 1531 390 1609 siquando
404 1530 580 1591 conscientie
598 1527 757 1607 purganda,
778 1528 927 1606 proximus
945 1527 1102 1608 juvandus,
1124 1536 1154 1588 et
1176 1527 1269 1606 gloria
1290 1528 1347 1587 Dei
1367 1547 1433 1605 pro·

235 1612 379 1671 movenda
399 1619 451 1687 est,
472 1609 524 1670 sed
544 1609 673 1687 loquitur
686 1608 722 1667 de
736 1608 943 1668 consuetudine
957 1617 987 1669 et
1006 1607 1091 1686 praxi
1111 1607 1256 1668 ordinarie
1275 1607 1306 1666 in
1320 1607 1434 1666 essibus

234 1692 401 1768 levioribus,
424 1699 454 1750 et
474 1691 509 1750 de
532 1688 665 1748 familiari
686 1687 840 1765 colloquio,
861 1688 892 1746 in
906 1707 963 1766 quo
978 1687 1107 1748 sufficere
1121 1687 1208 1748 debet
1222 1687 1346 1766 simplex
1359 1685 1432 1746 affir-

234 1772 323 1831 matio
337 1772 386 1831 vel
405 1771 531 1848 uegetis,
546 1779 576 1830 et
595 1774 623 1828 el
645 1773 682 1827 ml
703 1773 750 1844 sal,
772 1771 799 1827 st
819 1770 863 1844 ου’,
887 1769 947 1828 Ubi
966 1768 1022 1828 trie
1041 1768 1286 1844 commendentur,
1301 1768 1435 1826 sermones

617 1469 633 1508 e
652 1448 737 1526 proxi
750 1447 986 1525 extraordinarie,
1000 1457 1052 1509 sut
1065 1448 1102 1508 de
1115 1449 1231 1509 casibus
1244 1448 1432 1523 necessitatis,
1536 1459 1537 1520 ζ

235 1853 404 1928 simplicitas,
421 1852 552 1929 opposite
565 1848 603 1908 ad
615 1849 733 1928 jurandi
748 1847 995 1908 consuetudinem.
1020 1851 1048 1906 2.
1064 1847 1205 1924 Ejusdem
1218 1847 1331 1924 veritas,
1347 1865 1433 1924 oppo-
1536 1885 1537 1894 η

235 1931 290 1990 site
304 1931 342 1989 ad
354 1931 534 1990 mendesium
550 1937 579 1988 st
593 1927 845 2006 aequivocationes.
861 1930 889 1986 3.
904 1927 978 2004 Ejus
992 1927 1150 1985 constantia
1163 1935 1193 1988 et
1206 1927 1288 2002 fides,
1304 1926 1435 2003 opposite

236 2011 273 2068 sd
293 2010 441 2070 levitatem
460 2017 492 2068 et
509 2007 741 2068 inconstantiam
782 2005 885 2081 Quoad
898 2011 925 2064 sl
939 2011 1050 2087 negante
1063 2005 1142 2084 quod
1156 2005 1262 2066 dicitur
1275 2025 1339 2065 asse
1353 2007 1379 2064 te
1393 2014 1437 2065 ue
1536 2059 1537 2062 ,

235 2096 344 2170 voment,
359 2109 418 2146 non
431 2097 527 2165 potest
540 2086 659 2146 extendi
672 2087 709 2144 ad
723 2085 885 2146 additiones
898 2087 1075 2146 necessarias
1086 2094 1118 2146 ot
1130 2087 1228 2164 justas
1242 2087 1272 2144 in
1289 2087 1435 2164 juramen-

234 2169 273 2228 tis
288 2168 425 2244 gravibus
439 2175 469 2226 et
482 2166 520 2224 sd
535 2167 591 2225 Dei
605 2165 726 2242 gloriam
740 2164 789 2224 vel
813 2165 937 2242 proximi
952 2166 1073 2226 sulutem
1086 2173 1138 2225 aut
1150 2174 1279 2225 nostram
1291 2165 1436 2242 pertinen-

234 2247 322 2322 tibus,
337 2267 402 2324 quse
416 2265 434 2304 e
448 2245 511 2304 Deo
525 2245 729 2323 permittuntur
741 2251 772 2303 et
784 2244 996 2322 praecipiuntur,
1012 2245 1063 2305 sed
1079 2244 1259 2305 referendum
1274 2253 1386 2304 tentum
1400 2245 1438 2304 ad

236 2325 398 2385 additiones
412 2323 579 2403 superfluas,
601 2343 659 2383 non
673 2320 858 2398 necessariss,
872 2333 1035 2400 pugnantes
1050 2345 1115 2385 cum
1135 2325 1187 2384 ille
1199 2325 1355 2384 verborum
1370 2325 1437 2383 sim·

235 2406 363 2484 plicitate
378 2413 407 2464 et
420 2404 585 2480 veracitate,
601 2423 665 2480 quse
679 2403 709 2461 in
719 2403 892 2481 juramentis
905 2403 1020 2464 levibus
1033 2413 1063 2465 et
1076 2404 1235 2464 temerariis
1249 2413 1413 2464 occurrunt.

277 2485 350 2543 XV.
372 2485 439 2543 Non
452 2484 613 2561 corrigitur,
632 2482 684 2542 sed
696 2481 861 2542 vindicetur
881 2483 1061 2562 Prsseeptum
1082 2492 1197 2544 sextum
1211 2484 1247 2542 de
1267 2482 1435 2561 homicidio,

235 2565 342 2624 Matth.
356 2585 386 2623 v.
401 2567 449 2640 21,
471 2563 549 2657 quod
571 2562 709 2622 Pherisaei
729 2562 914 2640 explicabant
933 2571 1047 2657 tentum
1067 2563 1103 2624 da
1126 2563 1282 2623 homicidio
1304 2571 1435 2639 externo,

235 2643 620 2798 ttttttttttttt
630 2642 812 2782 tttltt
831 2641 1437 2801 tttltttt.¹‚¹ttttttt‘¹qttt

236 2812 366 2880 eternas,
389 2801 441 2862 sed
460 2801 557 2880 quoad
577 2801 699 2880 gundum
720 2801 849 2861 diverses
870 2803 979 2879 stetuit,
1001 2803 1123 2862 sllusive
1148 2803 1186 2862 ad
1205 2802 1302 2862 varios
1327 2803 1436 2879 grsdus

234 2903 384 2961 poensmm
405 2883 570 2961 capitalium
590 2882 667 2961 epud
687 2880 809 2942 Judseos
829 2881 1007 2958 usitatarum,
1030 2882 1193 2960 dequibus
1205 2882 1273 2942 vide
1288 2881 1358 2941 Loc.
1375 2883 1435 2943 IX.

236 2965 270 3039 Q.
292 2967 320 3023 4.
342 2963 396 3023 Th.
420 2967 467 3023 17.
511 2962 559 3022 Sic
577 2962 662 3021 docet
683 2961 815 3021 Christus
834 2962 910 3020 mele
930 2961 1066 3040 restringi
1085 2962 1117 3019 in
1138 2962 1244 3021 Schols
1265 2961 1436 3022 Pherisaics

234 3053 408 3122 pracceptum
422 3043 459 3102 (1(
472 3063 530 3102 non
544 3041 702 3102 occidendo
716 3041 753 3100 ed
771 3040 879 3100 caedem
893 3041 1044 3116 semelem,
1058 3061 1094 3101 eo
1107 3041 1186 3118 quod
1204 3042 1267 3100 hsac
1280 3041 1344 3100 sols
1357 3043 1434 3120 ospi-

234 3124 330 3182 taliter
348 3125 497 3202 punirctur
515 3123 592 3181 inter
610 3121 750 3196 homines,
765 3141 830 3180 cum
844 3121 931 3179 etism
945 3119 1117 3180 extendatur
1130 3121 1160 3178 in
1174 3119 1235 3180 foro
1251 3119 1315 3196 Dei,
1331 3121 1362 3180 in
1376 3142 1436 3199 quo

233 3221 293 3260 non
306 3211 417 3261 tautum
432 3201 581 3274 factorum,
597 3201 648 3259 sed
668 3208 697 3259 et
710 3199 852 3258 dictorum
866 3207 896 3258 st
910 3200 1116 3276 cogitationum
1129 3200 1203 3260 ratio
1216 3208 1262 3260 est
1274 3199 1434 3279 reddends,

234 3280 272 3338 ed
286 3301 320 3339 ee
334 3299 398 3356 quse
412 3281 484 3338 elias
497 3281 591 3356 poenis
604 3279 641 3336 ab
654 3277 819 3336 bominibus
833 3277 927 3354 infligi
941 3279 1033 3338 solitis
1046 3279 1220 3340 eximuntur.

275 3357 366 3418 XVI.
388 3359 471 3417 Licet
489 3357 621 3416 Christus
638 3355 744 3414 referet
756 3357 845 3415 verbs
865 3357 963 3434 Legis,
979 3359 1063 3418 Mett.
1078 3379 1107 3418 v.
1123 3361 1170 3435 38,
1191 3358 1227 3418 de
1241 3359 1352 3436 ἰαῖἰοηε,
1368 3380 1434 3438 quse

234 3445 344 3512 extant,
360 3436 456 3497 Exod.
470 3435 533 3494 xxi.
544 3439 593 3512 24,
605 3438 699 3493 oculus
707 3455 766 3511 pro
776 3439 863 3512 oculo,
876 3439 943 3496 dens
951 3457 1010 3514 pro
1021 3441 1109 3515 dente,
1121 3445 1151 3497 et
1163 3437 1200 3496 iis
1210 3447 1337 3516 opponet
1351 3459 1434 3498 susm

235 3516 407 3577 sententiam
428 3515 464 3574 de
487 3535 545 3574 noe
567 3515 718 3573 resistendo
741 3517 837 3589 mab5
861 3515 927 3574 Non
950 3525 1102 3594 propterea
1125 3517 1175 3576 ills
1195 3518 1322 3595 corrigit,
1349 3519 1435 3596 qussi

234 3616 349 3656 omnem
362 3595 521 3653 vindictam
542 3593 663 3671 simplic.
677 3592 767 3653 vellet
787 3594 919 3655 abolere:
940 3601 1008 3654 ‘rtem
1029 3597 1091 3674 ipse
1113 3616 1171 3673 qua
1192 3596 1273 3656 Deus
1287 3597 1435 3658 ordinavit

234 3675 447 3754 Magistratum,
470 3692 593 3750 eumque
616 3672 714 3750 gladio
734 3675 857 3734 armavit
877 3675 914 3734 ed
934 3683 1072 3734 terrorem
1095 3685 1124 3735 et
1146 3695 1260 3754 poensrn
1281 3677 1435 3752 melorum,

234 3756 356 3815 Roman.
371 3753 442 3828 xiii,
458 3761 488 3812 et
501 3753 563 3830 ipse
584 3769 736 3829 percussus
758 3753 788 3812 in
809 3754 958 3814 maxillam
971 3773 1066 3830 unsm,
1088 3773 1147 3814 non
1167 3755 1291 3833 prebuit
1303 3756 1435 3833 elterem,

233 3835 284 3895 sed
298 3834 375 3893 mslo
389 3833 503 3907 restitit,
523 3832 714 3891 innocentiam
729 3851 810 3892 suam
824 3833 941 3910 tuendo,
956 3841 986 3893 ot
1006 3835 1176 3911 injustitiam
1191 3833 1436 3895 Adversariorum

231 3912 440 3990 redarguendo,
463 3911 571 3971 Johsn.
592 3911 674 3970 xviii.
688 3915 737 3986 23,
759 3913 837 3989 quod
857 3921 887 3972 (1
908 3913 1017 3972 Paulus
1040 3913 1177 3990 imitetur,
1199 3913 1268 3973 Act.
1288 3914 1374 3975 xxiii.
1396 3919 1435 3975 3:

235 3993 294 4053 Sed
315 3993 420 4050 refellit
440 3999 552 4050 tantum
573 3991 699 4068 glossam
714 3992 933 4068 Pharisaei-um,
950 3992 1008 4068 qui,
1024 3992 1103 4070 quod
1123 3993 1160 4052 de
1173 3992 1303 4052 vindicte
1315 3994 1436 4071 publica

232 4071 423 4148 Magistratus
437 4071 516 4147 Lege
532 4071 624 4129 Mosis
638 4071 779 4131 sancitum
793 4079 862 4148 eret,
878 4071 915 4130 ed
929 4071 1087 4132 vindictum
1125 4073 1248 4132 rivetem
1261 4073 1434 4150 trahebant3

231 4150 434 4228 aqualonga
455 4169 523 4224 suos
543 4149 644 4208 abesse
658 4151 723 4209 vult
744 4151 883 4226 Christus,
905 4158 939 4209 ut
959 4151 1045 4211 malls
1066 4093 1190 4212 debeant
1211 4151 1352 4230 duplicari
1377 4153 1434 4212 sibi

230 4229 360 4307 injurias,
376 4248 462 4306 quam
483 4229 598 4306 ipsimet
618 4249 667 4288 eas
681 4229 847 4306 vindicere3
871 4229 955 4305 Quod
978 4231 1077 4292 Moses
1096 4232 1158 4310 jem
1179 4231 1319 4308 edixerut,
1336 4232 1433 4292 Lavit

229 4311 292 4369 xix.
307 4311 351 4382 18,
366 4310 385 4341 “
395 4308 439 4367 Ne
449 4308 625 4384 ulciscitur,’'
640 4309 742 4385 inquit,
759 4311 777 4342 “
788 4328 882 4385 nsque
895 4309 968 4367 irem
982 4320 1130 4371 asservato
1142 4311 1174 4369 in
1187 4311 1342 4389 populares
1355 4319 1431 4387 tuos,
1536 4349 1537 4374 ;

229 4390 281 4449 sed
295 4389 399 4465 diligas
419 4388 583 4465 proximum
603 4395 686 4447 tuum
707 4389 782 4446 sicut
795 4388 948 4465 teipsum,”
963 4389 1097 4449 nimirum
1111 4391 1181 4470 quie
1196 4391 1345 4449 “Domini
1359 4391 1432 4450 ultio

228 4479 258 4529 et
278 4467 428 4528 retributio
449 4469 522 4542 est,”
544 4475 577 4527 ut
597 4467 667 4526 nlibi
687 4467 822 4546 loquitur,
839 4467 926 4527 Dant.
945 4469 1040 4528 xxxii.
1055 4472 1104 4529 35.
1146 4469 1209 4528 Lex
1222 4489 1293 4530 vcro
1314 4470 1432 4529 talionis
1536 4473 1537 4504 ³

226 4556 323 4628 potest
336 4548 430 4606 adhrm
444 4567 497 4606 suo
512 4566 599 4605 sensu
611 4547 707 4604 locum
727 4547 842 4623 bebere,
865 4567 923 4605 non
943 4549 1062 4625 precisa
1079 4557 1110 4608 et
1130 4548 1297 4624 formaliter,
1313 4549 1365 4608 ssd
1386 4569 1430 4608 rs·
1536 4559 1537 4620 j

226 4629 305 4688 tione
318 4626 434 4685 morulis
449 4625 655 4685 estimationis.
1536 4623 1537 4652 r
