3202 5194
256 315 297 373 94
705 331 796 374 rocus
811 329 990 373 usnacrnus.
1256 309 1381 391 [onear.
1396 334 1459 376 xvr.

295 474 352 532 VI.
374 469 481 549 Tertio,
504 471 579 548 Quia
591 474 645 532 filii
665 465 723 532 non
737 481 805 532 sunt
819 473 864 532 sui
880 469 974 550 juris;
995 471 1075 548 Ergo
1089 489 1148 530 non
1168 479 1291 549 possunt
1305 471 1342 532 de
1356 475 1460 552 scipsis

254 553 356 612 invitis
379 554 547 631 parentibus
569 555 712 614 statuere:
734 554 814 614 Hinc
835 553 921 612 Num.
943 572 1015 611 xxx.
1037 555 1065 627 4,
1089 551 1153 610 Lex
1167 552 1232 611 vult
1245 552 1358 612 irritum
1376 556 1459 614 reddi

254 643 364 709 votum,
380 633 459 710 quod
473 634 568 711 Virgo
592 635 623 692 in
644 633 730 693 domo
745 634 840 692 Patris
855 632 900 692 sui
920 631 990 692 dum
1011 631 1107 691 adhuc
1121 640 1199 691 esset
1219 632 1250 689 in
1264 633 1459 696 adolescentia

255 734 308 773 sua
322 721 452 788 voverat,
469 713 494 772 si
516 715 602 774 Pater
616 713 848 773 contradixisset.
890 713 952 770 Nec
973 711 1052 770 valet
1065 713 1199 789 exceptio
1221 713 1271 790 agi
1288 721 1401 772 tantum
1416 716 1459 775 de

253 793 369 870 puellis,
396 813 460 870 quae
475 813 566 852 annos
588 795 749 872 pubertatis
763 814 822 852 non
842 792 1000 869 attigerint,
1024 791 1093 868 quia
1107 793 1171 850 Lex
1193 792 1249 851 hoc
1263 813 1322 852 non
1343 794 1457 872 limitat,

254 873 307 932 aed
321 873 451 950 loquitur.
463 873 493 932 in
508 893 613 950 genere
627 874 663 933 de
677 873 849 951 Virginibus
868 892 933 949 quae
947 871 1059 931 suntin
1073 870 1159 932 domo
1175 872 1278 950 Patris,
1301 881 1330 932 et
1344 883 1459 934 constat

254 952 285 1010 in
299 953 321 1012 J
324 973 374 1012 ure
388 953 475 1012 talem
489 954 653 1015 libertatem
666 974 725 1013 non
735 955 799 1012 dari
812 953 926 1031 puellis.

294 1031 367 1092 VII.
390 1033 507 1109 Quarto,
531 1035 606 1108 Quia
618 1036 681 1094 baec
696 1034 845 1108 sententis,
861 1030 991 1092 tollendo
1004 1029 1161 1090 liberorum
1182 1031 1382 1109 obedientiam,
1404 1053 1455 1092 na·

253 1120 348 1171 turam
362 1114 454 1190 Ipsam
476 1115 588 1191 evertit,
611 1125 640 1175 et
654 1133 769 1173 omnem
789 1115 864 1172 inter
882 1113 1014 1171 homines
1035 1111 1202 1170 societatem
1223 1111 1362 1171 destnrit:
1385 1112 1458 1186 Quis

253 1192 330 1251 enim
344 1193 452 1252 liberos
465 1193 542 1252 alere
557 1202 586 1252 ct
599 1194 713 1254 erudire
727 1203 850 1272 satagat,
865 1193 890 1252 si
903 1199 1056 1270 postquam
1071 1191 1150 1250 omni
1163 1191 1293 1268 impensa
1306 1200 1336 1250 et
1350 1193 1457 1252 sollici·

252 1271 353 1331 tudine
367 1271 398 1329 id
418 1273 533 1349 sactum,
556 1275 643 1333 alieni
657 1281 733 1350 sunt,
755 1292 814 1332 non
836 1274 889 1348 sui,
913 1280 942 1331 et
958 1273 1025 1349 jure
1039 1270 1165 1347 quodam
1179 1271 1227 1329 vel
1247 1272 1344 1348 potius
1358 1280 1455 1348 tyran-

252 1350 321 1410 nide
344 1352 514 1411 Saracenica
528 1355 693 1413 avelluntur
707 1373 724 1412 a
743 1352 919 1430 parentibus,
934 1370 971 1410 ne
991 1351 1093 1410 solatio
1108 1359 1138 1409 et
1158 1351 1305 1428 obsequio,
1321 1352 1402 1428 quod
1419 1353 1456 1412 ab

253 1431 312 1489 illis
326 1431 519 1510 expectabant
538 1435 664 1493 maxime
677 1434 709 1492 in
729 1441 853 1508 senecta,
868 1431 921 1491 ubi
934 1432 998 1489 baec
1011 1423 1105 1490 officia
1124 1431 1220 1508 magis
1233 1431 1304 1507 ipsis
1319 1440 1386 1490 sunt
1406 1451 1455 1491 ne-

254 1512 387 1586 cessaria,
402 1512 459 1570 frui
472 1514 593 1590 possint.
979 1561 982 1568 .

294 1591 385 1650 VIII.
408 1591 524 1667 Quinto,
549 1594 648 1652 Canon
672 1595 719 1652 16.
742 1591 864 1651 Concilii
887 1590 1068 1667 Gangrensis
1089 1589 1158 1648 huic
1182 1589 1325 1667 impietati
1353 1591 1456 1650 adver-

253 1677 342 1728 satur.
386 1672 404 1703 “
419 1671 620 1748 Quicunque,'’
642 1673 744 1749 inquit,
769 1674 786 1706 “
800 1671 853 1728 filii
867 1690 885 1728 a
904 1670 1072 1747 parentibus
1093 1677 1237 1746 praetextu
1250 1670 1343 1728 divini
1360 1672 1456 1731 cultus

253 1747 421 1824 abscedunt,
432 1769 485 1808 nec
496 1750 623 1810 debitam
633 1751 825 1811 reverentiam
836 1750 894 1808 illis
905 1749 1081 1826 dependunt,
1095 1751 1248 1808 anathema
1262 1749 1347 1808 sint.''
1371 1749 1458 1824 Quod

253 1829 360 1888 frustm
374 1830 511 1888 Bellarm.
531 1832 596 1890 vult
609 1831 745 1908 restringi
759 1829 796 1888 ad
810 1849 860 1889 eos
874 1830 925 1905 qui
945 1838 1079 1905 parentes
1092 1828 1217 1906 indigos,
1240 1837 1268 1888 et
1282 1829 1312 1887 in
1327 1837 1458 1890 exbema

253 1909 426 1968 necessitate
447 1910 621 1971 constitutos
636 1911 780 1984 deserunt,
803 1905 896 1986 iisque
917 1908 1018 1968 invitis
1032 1915 1102 1966 vota
1115 1909 1251 1968 emittunt
1271 1909 1308 1967 de
1322 1909 1459 1986 religioso

252 1988 350 2065 aliquo
364 1989 433 2048 vitae
447 1989 563 2067 ordine;
586 1990 654 2068 quia
667 1989 799 2050 absolute
814 1997 843 2048 et
863 1989 926 2046 sine
940 1988 1001 2047 ulla
1013 1987 1184 2047 limitatione
1204 1989 1333 2065 loquitur
1347 1990 1455 2066 Canon,

252 2086 306 2125 nec
320 2068 389 2126 licet
409 2068 603 2128 obedientiam
623 2069 790 2147 perentibus
809 2067 936 2126 debitam
957 2067 995 2126 ad
1015 2075 1176 2126 extremam
1195 2069 1398 2128 necessitatem
1411 2091 1456 2129 re·

254 2146 404 2223 stringere.

579 2229 639 2288 IX.
662 2229 837 2306 Exemplum
856 2227 1018 2286 Abrahami
1032 2228 1145 2287 evocati
1158 2248 1176 2287 a
1198 2228 1261 2287 Deo
1275 2228 1312 2287 de
1326 2229 1412 2288 domo
1426 2239 1457 2289 et

313 2304 357 2391 οἳ,
371 2305 382 2334 ⁸
394 2289 425 2336 ⁵⁰
453 2317 461 2327 '
518 2309 689 2386 cognatione
704 2329 764 2382 sue,
787 2309 861 2368 Gen.
876 2307 927 2366 xii.
944 2310 970 2383 1,
985 2328 1044 2366 non
1062 2317 1158 2386 potest
1174 2309 1278 2385 juvare
1292 2309 1341 2367 vel
1355 2310 1455 2386 impie-

516 2395 606 2447 tatem
620 2389 775 2447 liberorum
790 2388 895 2446 Patriae
915 2387 1052 2466 potestati
1070 2407 1134 2447 sese
1154 2388 1385 2462 subducentium,
1408 2391 1457 2449 rel

253 2465 382 2544 plagium
406 2467 597 2542 Jesuitarum,
621 2468 672 2545 qui
685 2469 802 2545 impune
815 2468 853 2526 ab
875 2487 974 2528 eorum
997 2468 1062 2526 sinu
1083 2487 1133 2527 eos
1155 2468 1294 2528 avellunt.
1338 2469 1413 2544 Qrda
1427 2473 1455 2528 1.

253 2546 439 2606 Abrahamus
450 2548 513 2624 jam
534 2555 596 2606 erat
617 2549 791 2625 conjugatus
814 2556 843 2607 et
864 2567 923 2606 non
945 2548 1068 2625 amplius
1087 2548 1141 2607 sub
1163 2548 1256 2607 tutela
1281 2549 1383 2607 Patria
1425 2553 1455 2609 2.

254 2626 368 2685 Habuit
382 2627 506 2704 speciale
521 2627 688 2687 mandatum
703 2627 842 2702 divinum,
858 2627 937 2705 quod
949 2628 997 2685 hic
1017 2647 1076 2686 non
1090 2628 1209 2688 obtinet.
1232 2631 1260 2688 3.
1278 2628 1405 2688 Secessit
1417 2628 1456 2688 ab

254 2705 429 2781 Idololatria,
445 2708 561 2766 sedisti
575 2708 773 2785 aparentibus
788 2707 967 2767 Christianis.
989 2710 1018 2765 4.
1034 2707 1100 2766 Nou
1114 2709 1197 2766 vovit
1211 2707 1377 2767 coelibatum
1406 2709 1456 2768 vel

253 2785 446 2846 obedientiam
467 2787 554 2846 alicui
576 2787 695 2863 homini,
719 2807 784 2865 quae
805 2795 977 2865 potestatem
999 2795 1147 2864 paternam
1168 2788 1367 2864 imminueret;
1390 2788 1456 2847 Imo

253 2886 312 2924 non
326 2866 427 2940 invito,
439 2867 491 2926 sed
505 2868 701 2927 consentiente
715 2876 745 2926 et
758 2867 913 2926 comitante
925 2867 1019 2940 Patre,
1033 2867 1125 2926 exivit
1139 2887 1155 2925 e
1169 2867 1255 2926 domo
1270 2888 1331 2927 sua.

294 2945 336 3004 X.
359 2948 454 3021 Quum
470 2947 589 3024 Levita,
610 2947 697 3006 Dent.
718 2947 823 3005 xxxiii.
843 2949 870 3021 9,
892 2946 1080 3023 perhibentur
1101 2947 1215 3006 “Patri
1236 2967 1296 3023 suo,
1319 2954 1349 3006 et
1368 2947 1456 3008 matri

253 3043 313 3086 suae
327 3026 445 3102 dhisse,
457 3027 562 3087 NescIo
571 3047 633 3104 ros,
643 3035 673 3086 et
686 3026 822 3086 trabibus
836 3026 904 3100 suis,
921 3027 1029 3103 Ignoto
1043 3023 1209 3102 illos,''&c.,
1220 3026 1382 3086 ostenditur
1390 3028 1455 3105 qui·

252 3106 318 3164 dem
332 3107 418 3166 laude
439 3108 607 3184 dignosces
622 3127 693 3183 esse,
716 3107 774 3183 qui,
790 3115 822 3165 ut
843 3105 979 3165 obediant
1000 3106 1064 3164 Deo
1085 3125 1221 3183 expresse
1241 3106 1353 3183 aliquid
1372 3127 1454 3166 man·

252 3185 341 3260 denti,
357 3207 451 3263 neque
466 3187 667 3264 cognationem
681 3206 774 3262 neque
789 3185 941 3244 affinitates
961 3185 1127 3262 respiciunt,
1142 3185 1222 3262 quod
1234 3195 1330 3264 potest
1344 3187 1454 3264 referri,

252 3264 300 3322 vel
314 3265 352 3322 ad
365 3267 469 3341 legem,
486 3265 557 3324 Lev.
573 3266 634 3323 xxi.
652 3268 697 3340 10,
715 3268 761 3340 11,
783 3265 833 3324 ubi
850 3265 991 3324 Sacerdos
1008 3273 1124 3324 vetatur
1136 3264 1275 3326 interesse
1289 3265 1390 3325 funeri
1402 3287 1454 3344 pa-

252 3342 305 3400 tris
320 3352 348 3401 et
362 3344 471 3418 matris,
482 3343 545 3420 Sto,
562 3363 595 3402 ac
610 3344 635 3402 si
648 3363 698 3402 eos
712 3363 770 3402 non
783 3345 921 3419 novisset,
934 3345 982 3402 vel
992 3344 1030 3402 ad
1043 3343 1151 3405 factum
1163 3345 1339 3422 levitarum,
1356 3346 1454 3406 Exod.

253 3422 356 3497 xxxii,
371 3423 423 3480 ubi
436 3441 501 3481 reos
515 3442 645 3500 quosque
659 3423 731 3482 citra
748 3443 934 3500 personarum
949 3424 1093 3483 delectum
1106 3424 1266 3485 interficere
1281 3425 1454 3502 debuerunt,

252 3501 301 3559 vel
315 3501 353 3559 ad
369 3501 488 3578 judicie,
504 3523 569 3580 quse
583 3502 727 3561 debebant
746 3505 874 3562 exerceri
893 3504 955 3562 sine
969 3523 1155 3582 personarum
1175 3505 1351 3583 acceptione.
1396 3506 1457 3564 Sed

252 3581 308 3639 hoc
322 3600 380 3640 non
395 3589 506 3659 spectat
519 3582 557 3641 ad
570 3601 629 3658 eos,
650 3584 700 3659 qui
714 3592 814 3643 contra
829 3583 885 3642 Dei
898 3583 1066 3643 mandatum
1080 3584 1116 3643 de
1130 3585 1306 3644 honorandis
1326 3585 1455 3662 parenti·

251 3659 307 3720 bus
321 3681 370 3720 eos
385 3661 529 3738 deserunt,
544 3671 577 3722 ut
592 3681 622 3721 se
636 3663 701 3722 aliis
714 3663 879 3723 hominibus
893 3664 1066 3742 mancipent.
1233 3701 1235 3706 ,

293 3741 353 3800 XI.
377 3743 409 3800 Si
424 3742 544 3819 Sponsa,
562 3743 639 3802 Psal.
655 3744 716 3802 xlv.
733 3747 779 3819 10,
792 3744 912 3820 jubetur
926 3744 1059 3804 oblivisci
1072 3743 1172 3821 populi
1185 3744 1232 3804 sui
1242 3752 1272 3804 et
1284 3743 1389 3804 domus
1402 3765 1454 3822 pa-

250 3826 348 3897 temae,
364 3841 422 3880 nou
437 3843 471 3880 eo
491 3823 624 3899 pertinet,
646 3831 679 3882 ut
696 3823 823 3883 debitam
845 3824 1017 3883 Parentibus
1038 3822 1231 3882 obedientiam
1251 3823 1385 3901 deneget,
1402 3826 1456 3884 sed

251 3909 284 3959 ut
297 3901 441 3980 intelligat
455 3921 492 3961 ex
512 3903 577 3980 Iege
598 3903 726 3980 conjugii
746 3923 764 3961 a
785 3905 850 3962 Deo
870 3904 907 3962 ab
928 3903 1009 3962 initio
1032 3904 1142 3962 sancita
1161 3903 1367 3984 relinquendos
1388 3923 1454 3964 esse

250 3991 392 4056 parentes,
414 3991 447 4041 ut
468 3983 613 4041 adhereat
632 3983 705 4042 viro.
749 3983 798 4042 Sic
817 3985 939 4060 mystice
960 3991 1077 4042 notatur
1095 3983 1220 4042 officium
1240 3983 1380 4059 fidelium,
1402 3985 1455 4061 qui

250 4061 367 4136 mundo,
383 4061 470 4137 carni,
486 4071 516 4121 et
529 4063 621 4122 veteri
635 4062 750 4122 Adamo
769 4064 936 4122 renunciare
957 4071 1099 4138 terrenum,
1114 4072 1147 4122 ut
1162 4064 1276 4123 Christo
1295 4063 1454 4124 indissolu-

250 4139 303 4201 bili
317 4139 434 4199 vinculo
448 4141 592 4202 uniantur.

291 4219 368 4278 XII.
391 4221 487 4296 Quum
502 4223 642 4297 Christus,
666 4221 736 4281 Luc.
751 4221 813 4280 xiv.
828 4225 876 4298 26,
895 4223 981 4299 jubet
994 4222 1090 4282 odisse
1112 4222 1251 4282 Parentes
1271 4229 1390 4299 propter
1411 4243 1452 4299 se,

248 4318 307 4358 non
321 4301 386 4359 vult
405 4301 464 4359 illis
478 4301 615 4380 denegari
629 4302 727 4362 debita
747 4302 863 4379 pietatis
882 4302 982 4377 officia,
1005 4321 1070 4380 quaa
1084 4303 1114 4360 in
1127 4310 1232 4362 natura
1251 4300 1411 4362 hmdentur
1425 4311 1455 4362 et

249 4389 317 4440 sunt
330 4380 586 4458 indispensabilia3
610 4382 662 4442 ssd
681 4381 737 4441 hoo
758 4390 921 4460 comparate
941 4381 1163 4460 intelligendum
1178 4389 1230 4455 est,
1251 4389 1286 4439 ut
1299 4401 1381 4440 amor
1397 4383 1453 4440 Pa·

248 4468 362 4518 rentum
377 4460 461 4520 cedat
475 4463 565 4520 amori
579 4463 688 4537 divino,
711 4470 743 4520 ut
757 4481 845 4538 quum
860 4461 938 4521 dicta
952 4463 1108 4522 Parentum
1122 4481 1189 4522 cum
1207 4459 1374 4520 obedientia
1389 4461 1454 4520 Deo

249 4537 348 4598 debita
360 4549 499 4618 pugnant,
515 4561 550 4600 ee
563 4541 788 4619 posthabeamus
803 4541 859 4600 Dei
872 4541 1033 4619 preceptis.

290 4619 384 4676 XIII.
408 4620 549 4695 Quamvis
563 4621 703 4697 Christus,
720 4621 791 4680 Luc.
805 4621 847 4680 ix.
858 4625 906 4699 59,
923 4624 971 4697 60,
987 4641 1045 4682 non
1058 4620 1207 4700 permittat
1220 4619 1255 4696 ei,
1268 4615 1355 4696 quem
1366 4620 1453 4698 jube·
