3146 5210
212 341 271 398 tas
615 356 706 397 noeirs
722 355 850 398 unctura
865 357 1010 406 euetnrus.
1187 335 1320 417 [Qumsr.
1337 355 1424 396 artat.

215 507 343 558 creatum
357 507 401 557 est
418 519 469 576 per
489 519 519 557 se
541 498 701 576 adorabile,
720 501 783 558 solo
803 501 939 559 Essentia
960 499 1059 557 divina
1079 498 1200 572 infinita,
1223 497 1375 570 omniseia,
1397 505 1426 554 et

217 580 407 656 omnipotens,
423 599 456 638 ae
471 587 586 654 aeterna,
602 599 667 655 quae
689 599 800 639 summa
820 581 909 639 habet
923 600 1010 657 snper
1033 580 1129 638 omnia
1144 581 1264 658 impexis
1277 585 1308 635 et
1322 580 1426 653 majes-

216 669 314 734 tatem,
330 668 425 736 potest
438 659 558 718 fundare
569 659 729 735 legitimam
740 661 945 735 adorationem,
958 660 1027 737 quia
1037 669 1082 718 est
1096 658 1239 717 confessio
1253 667 1283 716 et
1298 657 1425 715 eelebre-

216 739 257 797 tio
267 741 481 815 omniscientiae,
497 739 745 816 omnipraesentioe,
756 750 785 798 et
799 741 1023 817 omnipotentiae,
1038 759 1104 798 eum
1118 739 1199 798 solus
1214 739 1296 796 Deus
1311 738 1383 795 seint
1397 749 1425 794 et

218 819 317 878 audiat
330 820 437 898 ubique
452 840 560 899 preces,
576 829 605 878 et
619 829 735 878 orantes
751 821 856 897 juvare
877 820 969 897 possit
987 829 1017 879 et
1030 819 1109 894 velit,
1125 827 1213 895 atque
1227 818 1269 876 ita
1283 818 1322 875 sit
1335 813 1426 892 ἱὶίιμι

218 909 247 959 et
261 921 440 978 consequens
461 900 653 958 necessarium
677 899 856 959 Divinitatis.
899 899 984 974 Quod
1004 919 1069 958 eum
1083 919 1141 958 non
1156 907 1303 974 competat
1316 907 1427 956 natura

217 981 360 1056 humanae,
375 1001 440 1058 quat
455 987 551 1039 ereata
564 987 609 1036 est
623 988 652 1038 et
665 979 754 1054 finita,
771 1000 822 1057 per
844 999 875 1038 se
897 989 927 1038 et
948 989 1065 1057 propter
1082 999 1112 1038 se
1126 977 1283 1036 adorabilis
1297 995 1358 1035 non
1372 987 1426 1035 est.

220 1060 298 1118 Hine
316 1060 481 1118 Nestoriani
501 1059 654 1118 adorantes
676 1060 831 1135 Christum,
852 1069 886 1118 ut
907 1060 943 1118 B.
965 1060 1097 1136 Virginis
1119 1059 1237 1132 Filium,
1259 1077 1345 1133 quem
1367 1056 1424 1114 dis·

217 1140 389 1218 tinguebant
403 1140 440 1197 ab
462 1147 568 1197 aeterno
592 1139 647 1198 Dei
669 1140 754 1215 Filio,
770 1139 899 1199 damnati
920 1149 987 1198 sunt
1011 1149 1044 1199 ut
1065 1140 1297 1214 Anthropolotroe
1320 1136 1426 1196 Codice

218 1219 327 1278 Justin.
343 1220 363 1276 l.
379 1222 407 1293 5,
423 1218 529 1277 &ede
545 1219 740 1278 S.T1·initate.
784 1220 872 1279 Unde
893 1220 1027 1278 assentiri
1049 1220 1085 1276 iis
1108 1239 1166 1277 non
1190 1237 1354 1295 possumus,
1375 1217 1425 1293 qni

218 1299 426 1358 humanitatem
441 1299 548 1357 Christi
562 1300 603 1359 ita
616 1320 668 1376 per
689 1320 720 1358 se
734 1299 911 1358 adorandam
926 1300 1037 1372 volunt,
1049 1307 1087 1366 ¹ut
1106 1300 1170 1376 ipsa
1188 1298 1225 1356 sit
1240 1297 1382 1355 terminus
1394 1306 1424 1354 et

219 1379 364 1456 objectum
379 1379 554 1438 adorationis
566 1402 573 1454 ;
596 1390 629 1438 ut
643 1400 680 1438 ex
695 1399 729 1438 eo
744 1380 884 1457 colligent
894 1380 1083 1458 proprietates
1092 1379 1208 1436 divinas
1216 1377 1332 1436 realiter
1346 1395 1423 1434 eom·

219 1460 380 1518 manicatas
394 1479 457 1518 esse
471 1467 581 1518 naturas
600 1461 732 1518 humanae
755 1460 870 1518 Christi.
914 1461 996 1518 Idem
1011 1459 1046 1516 de
1062 1458 1162 1518 Officio
1178 1457 1352 1515 Mediatorio
1367 1455 1423 1514 diei

219 1539 315 1599 debet·
358 1540 430 1600 Cum
445 1540 521 1598 enim
537 1561 609 1617 opus
624 1540 662 1598 sit
673 1540 730 1598 Dei
743 1540 774 1596 in
799 1540 960 1614 Creatores,
976 1560 993 1598 a
1007 1559 1065 1616 quo
1079 1549 1197 1598 externe
1212 1537 1422 1608 denominatur,

219 1629 247 1679 et
262 1619 430 1697 adjunctam
452 1620 624 1696 contingens
645 1629 674 1678 et
692 1620 905 1696 temporarium,
921 1619 999 1696 qnod
1021 1629 1133 1696 poterat
1154 1637 1216 1677 esse
1235 1627 1264 1676 et
1277 1637 1337 1675 non
1350 1636 1426 1688 esse,

220 1719 278 1758 non
303 1710 397 1777 potest
419 1701 577 1776 legitimam
601 1699 721 1758 fundere
744 1700 949 1758 adorationem.
994 1699 1079 1758 Unde
1105 1698 1233 1756 adoratio
1255 1696 1425 1756 Mediatoris

220 1801 278 1838 non
300 1782 455 1839 resolvitur
478 1781 509 1838 in
533 1780 748 1854 Medietionem,
775 1780 878 1837 sedin
905 1780 1058 1838 Deitatem.
1102 1779 1176 1836 Nam
1199 1779 1224 1836 si
1237 1797 1344 1854 quaere,
1368 1776 1426 1834 Cur

220 1861 310 1918 Jesus
327 1861 486 1919 adoretur?
507 1869 536 1919 et
550 1859 765 1936 respondeatur,
800 1861 857 1917 luia
879 1860 1042 1935 llediator3
1067 1859 1197 1918 Ulterius
1216 1857 1306 1934 quaeri
1319 1865 1424 1933 potest,

222 1941 281 1999 Cur
295 1941 440 1998 Mediator
454 1940 612 1998 adoretur?
631 1940 657 1996 N
660 1960 692 1997 ee
707 1940 791 1998 aliter
804 1939 1033 2016 respondebitur,
1044 1959 1130 2015 quam
1146 1939 1215 1996 olim
1226 1958 1243 1995 a
1254 1937 1425 1995 Christianis

220 2029 320 2079 eontra
334 2021 469 2093 Arianos,
494 2021 568 2093 Quia
582 2029 626 2078 est
652 2019 773 2096 ὅμωὺσως
789 2040 853 2078 eum
870 2021 955 2078 Patre
973 2020 1069 2095 Deus;
1091 2019 1138 2077 hie
1152 2018 1271 2076 ultimus
1285 2017 1427 2075 terminus

220 2109 272 2176 est,
288 2103 364 2160 ultra
378 2121 464 2177 quam
478 2119 536 2158 non
550 2101 635 2158 datur
648 2120 829 2177 progressus.

263 2181 323 2238 IX.
345 2181 462 2238 Tertia:
480 2181 615 2246 Quamvis
628 2182 766 2240 Mediotio
787 2201 842 2238 aon
862 2181 898 2237 sit
913 2181 1132 2254 fundamentum
1146 2177 1330 2250 adorationis,
1346 2178 1427 2234 habu

222 2269 314 2317 tamen
328 2261 466 2317 rationem
479 2261 580 2334 matini,
593 2264 801 2337 propterquod
812 2260 1059 2320 Christoexhibera'
1071 2261 1155 2318 debet.
1199 2258 1268 2316 Cum
1285 2257 1360 2316 enim
1377 2257 1426 2316 be-

222 2339 325 2396 neficia
336 2339 392 2395 Dei
402 2358 455 2394 nos
464 2349 600 2397 moveant
611 2341 649 2397 ad
659 2341 753 2398 Deum
765 2340 916 2399 colendum
929 2349 958 2399 et
967 2339 1196 2416 glorificandum,
1214 2345 1243 2396 et
1257 2337 1428 2414 redemptio,

222 2438 287 2494 quae
301 2437 352 2494 per
367 2417 573 2474 Medietionem
600 2419 707 2477 Christi
729 2421 813 2478 nobis
836 2421 928 2494 datur,
953 2419 1080 2478 omnium
1095 2421 1133 2477 sit
1147 2418 1426 2495 praestentissimum,

221 2497 407 2574 praecaeteris
431 2495 518 2554 debat
539 2517 592 2556 nos
614 2499 762 2575 impellere
786 2500 823 2557 ad
849 2501 1071 2576 Redemptorem
1094 2507 1223 2558 nostrum
1238 2497 1427 2556 adorandum.

224 2578 290 2636 Hoc
300 2597 386 2636 sensu
399 2576 502 2635 Petrus
513 2597 537 2635 e.
549 2578 588 2636 iv.
603 2581 645 2652 1⁰,
656 2599 715 2636 ver.
727 2579 773 2654 19,
784 2580 915 2639 hortatur
921 2582 1166 2660 fidelaspotientes
1177 2581 1218 2636 od
1230 2579 1427 2636 commarcien-

224 2662 277 2719 das
285 2660 349 2718 Deo
360 2658 470 2716 animoa
478 2678 553 2732 satos,
565 2659 595 2723 ὣς
603 2663 687 2736 πει-τᾷ
694 2663 793 2740 arari,
804 2662 917 2739 atfideli
929 2661 1068 2735 Creatori,
1075 2661 1126 2719 uhi
1136 2659 1249 2718 Creatio
1257 2657 1430 2734 proponitur

223 2739 830 2799 utmotivumcommendationisanimarum
840 2741 869 2798 in
879 2761 981 2800 manus
992 2741 1056 2799 Dei.
1070 2741 1117 2800 Ita
1124 2739 1215 2816 Apoo.
1227 2739 1265 2796 iv.
1278 2741 1346 2812 ll,“
1354 2737 1427 2814 Dig-

224 2841 279 2879 nus
289 2822 305 2847 ''
322 2820 428 2878 dieitur
444 2822 460 2852 ‘¹
469 2819 611 2878 Dominus
622 2820 751 2898 accipere
763 2821 884 2897 gloriam
895 2831 925 2879 et
935 2822 1082 2896 honorem,
1098 2820 1166 2896 quia
1180 2819 1275 2877 omnia
1286 2818 1428 2892 creavit,”

225 2899 278 2960 dte.
303 2901 341 2959 Et
350 2921 411 2977 cap.
422 2920 451 2957 v.
467 2902 494 2975 9,
519 2903 536 2933 “
547 2901 572 2958 A
577 2903 670 2978 gnus'’
682 2902 787 2960 dieitur
797 2905 814 2933 “
826 2901 933 2976 dignus
944 2901 1073 2978 aoeipere
1083 2901 1186 2958 librum
1200 2908 1229 2957 et
1243 2897 1353 2975 aperire
1364 2899 1431 2974 ejus

225 2980 329 3057 sigilla,
346 2982 414 3058 quia
423 2989 566 3040 mactatus
580 2991 632 3056 est,
649 2991 677 3041 et
692 2981 812 3040 redemit
824 2981 923 3038 fideles
940 2981 1003 3038 Deo
1018 2981 1157 3056 sanguine
1169 2999 1221 3037 suo
1233 2999 1270 3036 ex
1284 2977 1363 3036 omni
1377 2979 1428 3036 tri·

224 3061 272 3135 hu,
284 3061 413 3138 lingua‚''
425 3057 479 3121 &a
503 3061 580 3120 Hine
597 3063 621 3120 si
636 3062 774 3139 quaeritur
784 3060 856 3118 ratio
868 3071 1078 3137 propterquam
1089 3060 1220 3118 Christus
1231 3058 1343 3132 colitur,
1353 3057 1431 3116 bene

224 3142 422 3218 respondetur,
438 3141 507 3217 quia
518 3142 670 3216 Mediator,
683 3151 726 3201 tot
736 3142 811 3200 enim
824 3149 852 3199 et
863 3149 943 3199 tenta
956 3161 994 3198 ox
1010 3141 1187 3198 Mediatione
1202 3139 1308 3196 Christi
1322 3137 1361 3195 ad
1374 3158 1431 3196 nos

224 3219 496 3293 manantbenefioia,
506 3229 538 3280 ut
552 3242 610 3279 non
619 3224 710 3298 possit
719 3223 772 3280 nisi
785 3221 923 3296 sacrilege
933 3220 1069 3296 denegari
1082 3221 1137 3297 ipsi
1147 3220 1242 3278 eultus
1251 3227 1280 3276 et
1288 3218 1431 3276 adoratio.

266 3300 308 3357 X.
331 3300 457 3372 Quarta:
475 3301 554 3358 Licet
567 3304 704 3359 Humana
721 3303 827 3360 Christi
847 3311 953 3358 παίωνα
975 3322 1030 3359 non
1044 3301 1080 3358 ait
1093 3302 1225 3375 objectum
1242 3298 1429 3372 adorationis,

225 3381 303 3455 quod
315 3397 376 3435 eam
392 3379 525 3453 terminet,
541 3390 683 3438 esttamen
697 3385 858 3454 achrrnetorn
869 3382 1054 3456 aaseporabile
1067 3381 1125 3439 eine
1136 3401 1190 3456 quo
1205 3399 1261 3437 aaa
1267 3379 1307 3454 fit
1320 3380 1429 3435 adora·

226 3459 272 3528 tio,
289 3466 315 3513 et
329 3460 405 3531 quod
417 3461 559 3515 adoratur·
572 3479 634 3517 cam
654 3462 751 3518 Verbo.
795 3460 837 3519 Ut
851 3461 927 3518 enim
938 3460 1099 3536 ingreditur
1113 3458 1348 3518 constitutionem
1363 3457 1428 3516 hla-

226 3535 345 3594 diatoris
358 3535 520 3615 drartgolmo,
536 3557 594 3594 non
608 3547 703 3615 potest
717 3538 847 3598 adoratio
862 3540 966 3598 deferri
983 3541 1146 3614 hlediatori,
1163 3539 1232 3615 quin
1247 3539 1284 3598 ad
1297 3545 1431 3596 naturam

226 3617 380 3673 humanam
395 3615 579 3691 aliquomodo
594 3617 774 3692 extendatur,
790 3639 854 3695 quae
875 3641 927 3697 per
947 3621 1082 3678 unionem
1104 3619 1315 3696 hypostaticam
1329 3618 1432 3676 intime

225 3695 308 3754 unita
322 3693 390 3770 alep
398 3714 461 3752 eam
476 3696 660 3755 eminentiam
672 3698 776 3775 adepta
787 3708 838 3773 est,
851 3709 883 3758 ut
894 3719 960 3758 oum
970 3720 1004 3758 eo
1016 3699 1158 3758 adoretur.
1202 3698 1286 3773 Quod
1299 3697 1431 3773 August.

226 3785 293 3835 tom.
312 3778 357 3851 10,
375 3795 476 3834 sermo.
493 3777 539 3850 58,
556 3775 592 3834 de
607 3777 714 3836 Verbis
735 3779 861 3852 Domini,
877 3779 1003 3838 illustrat
1018 3780 1104 3838 simili
1118 3779 1204 3856 regis,
1220 3779 1268 3854 qui
1285 3797 1350 3837 eum
1365 3777 1429 3836 dia-

227 3857 339 3916 demate
355 3865 383 3916 et
398 3875 523 3934 purpma
537 3856 680 3916 adoratur.
723 3859 795 3917 Cum
812 3879 881 3918 rero
896 3860 983 3935 louge
997 3860 1102 3918 metior
1116 3861 1154 3917 sit
1169 3858 1246 3918 Unio
1261 3857 1352 3916 Verbi
1364 3877 1431 3914 eum

228 3939 329 4012 Carne,
345 3957 430 4014 quam
441 3937 532 4014 Regis
544 3957 608 3996 enm
620 3947 710 4013 veste,
721 3939 792 3997 nihil
805 3940 909 4014 obstat,
922 3939 1075 4016 quominus
1089 3939 1219 3997 dieamus
1233 3937 1431 3996 adorationem

226 4018 318 4076 Verbi
332 4019 370 4076 ad
393 4018 513 4077 Carnem
539 4018 623 4076 etiam
649 4039 700 4077 suo
722 4019 808 4078 modo
831 4019 958 4078 extendi.
1001 4019 1086 4093 Quod
1108 4039 1165 4076 non
1180 4017 1254 4076 male
1268 4017 1433 4094 explicatur

227 4099 263 4155 ab
280 4098 441 4156 Athanasio
456 4098 494 4156 ad
508 4096 677 4176 Adelphum
692 4109 792 4159 eontra
806 4098 941 4157 Arianos.
974 4099 1068 4157 “Non
1076 4098 1229 4157 adoramus
1245 4097 1430 4174 Creatnram;

227 4177 324 4235 Absit.
347 4178 536 4236 Ethnieorum
550 4181 627 4236 enim
641 4188 670 4237 et
683 4179 855 4237 Arianorum
870 4179 1032 4237 istiusmodi
1047 4187 1115 4237 sunt
1129 4197 1238 4238 errores
1250 4199 1258 4252 ;
1273 4177 1325 4236 sed
1339 4177 1432 4236 domi·

226 4277 296 4316 num
311 4258 463 4331 Cmntnrae,
476 4257 655 4318 inoametum
669 4259 723 4316 Dei
735 4259 873 4333 Verbum,
886 4257 1048 4317 adoremus.
1067 4259 1143 4316 Nam
1154 4257 1269 4316 tametsi
1281 4257 1354 4316 Caro
1369 4257 1433 4333 ipsa

226 4357 278 4415 per
292 4357 322 4395 se
336 4355 404 4413 pars
420 4337 458 4395 sit
471 4356 566 4395 rernm
589 4347 756 4412 creatarum,
779 4346 905 4396 attamen
920 4337 975 4396 Dei
990 4357 1093 4414 eorpus
1108 4337 1210 4396 effecta
1223 4345 1286 4412 est3
1301 4357 1356 4396 nee
1370 4335 1433 4394 isti·

227 4416 342 4476 usmodi
356 4417 467 4494 Corpus
491 4417 611 4475 seorsim
636 4417 863 4475 discriminatum
888 4437 906 4474 a
920 4417 1019 4475 Verbo
1040 4418 1206 4476 adoratione
1221 4416 1431 4493 prosequimur,

227 4517 281 4555 nee
292 4497 422 4554 Verbum
437 4495 590 4570 adoraturi,
601 4497 731 4556 Verbum
741 4517 758 4554 a
768 4497 859 4556 Cerne
870 4497 957 4572 longe
973 4498 1146 4574 seponimus,
1159 4498 1209 4557 sed
1222 4517 1285 4556 eum
1297 4497 1432 4580 sciamus,

230 4584 262 4634 ut
276 4576 386 4633 dictum
400 4584 452 4649 est,
469 4576 571 4647 o'Ao'yaf
582 4577 645 4656 σᾶςξ
659 4577 753 4650 inimo,
768 4583 851 4634 sabroe
864 4581 910 4635 καὶ
924 4578 944 4635 ir
955 4582 1029 4657 mgni
1039 4577 1352 4656 mrdprrorirspe'mmpau
1366 4587 1438 4652 Θω,

226 4654 303 4713 hune
317 4654 403 4712 etiam
418 4655 447 4711 in
463 4655 554 4712 Carne
569 4657 753 4732 agnoscimus
768 4655 892 4714 Deum.''
