3150 5206
101 369 214 418 ousssr.
230 347 287 430 vn]
535 367 574 406 ns
589 369 714 410 111111
729 369 859 410 enarra.
1251 357 1308 413 191

102 508 280 582 credentium,
296 506 369 566 citra
392 505 547 568 discrimen
572 509 677 585 gentis,
694 527 791 584 sexus,
806 509 963 568 antetatis
978 508 1214 586 etconditionis;
1236 512 1314 571 ande

103 588 212 666 saepius
225 585 429 646 universalitas
450 586 506 646 ista
519 587 704 665 restringitur
716 588 755 647 ad
768 587 918 648 eredentes
932 608 970 650 ex
984 589 1006 648 J
1007 588 1098 648 udaia
1112 596 1142 646 et
1155 589 1310 666 Gentibus,

104 669 188 727 Rom.
202 666 244 725 iii.
260 669 308 740 22,
326 668 374 741 23,
397 673 427 724 et
440 686 471 725 x.
487 669 534 743 12,
550 666 620 726 Act.
635 687 665 726 x.
680 670 729 744 43,
741 676 771 727 et
784 667 846 726 xiii.
861 671 910 744 43,
935 667 1043 728 Joban.
1058 668 1099 727 iii
1117 670 1163 728 16.
1206 670 1246 728 Ε1
1260 689 1310 728 na·

102 757 167 806 tura
180 745 405 823 promissionum
418 745 473 805 boc
487 746 624 823 postulat,
640 766 705 824 quse
718 745 776 806 fide
790 755 902 807 tantum
917 747 1009 826 accipi
1018 757 1148 825 possunt,
1163 747 1259 808 Galat.
1269 748 1309 808 iii.

105 830 151 901 11,
168 826 253 884 Rom.
274 825 315 883 iv.
332 827 387 884 13:
408 831 439 883 at
459 825 532 885 fides
556 846 615 884 non
637 835 682 886 est
703 827 839 902 omnium,
863 827 999 886 2Thess.
1024 826 1065 885 iii.
1080 831 1109 902 2,
1132 827 1183 886 sed
1197 835 1309 887 tantum

104 905 270 980 electomm,
287 904 344 964 Tit.
359 905 378 963 i.
395 908 421 980 l,
437 907 466 964 2.
507 904 608 983 Atque
622 905 671 968 isti
684 915 752 966 sunt
765 925 867 966 verum
880 915 910 966 et
922 906 1069 984 proprium
1083 907 1197 966 illamm
1212 907 1308 986 objec-

102 995 174 1060 tum,
190 984 241 1062 qui
255 984 327 1042 Filii
332 985 527 1061 pomarum
539 993 691 1063 propterea
705 985 848 1060 dicuutur,
864 985 949 1046 Rom.
964 985 1004 1044 ix.
1020 987 1047 1061 6,
1064 991 1091 1061 7,
1108 983 1162 1045 dac.

145 1062 258 1122 XXX.
281 1063 342 1121 Nec
356 1062 414 1121 dici
427 1071 522 1141 potest
547 1065 757 1124 Promissiones
781 1065 898 1141 quidem
919 1063 1098 1124 universales
1118 1085 1182 1125 esse
1195 1085 1247 1142 per
1268 1085 1307 1142 se,

104 1151 132 1202 01
147 1163 186 1204 ex
199 1143 358 1202 intentione
373 1143 438 1218 Dei,
463 1153 605 1220 quatenus
629 1145 710 1204 Deus
724 1145 788 1204 vult
809 1145 883 1204 serio
897 1163 997 1204 omnes
1011 1144 1120 1204 servari
1134 1153 1164 1204 11
1177 1145 1215 1203 ad
1229 1146 1309 1222 agni·

104 1223 212 1282 tionem
227 1221 357 1281 veritatis
371 1223 488 1298 venire,
513 1223 571 1282 Sed
594 1223 674 1301 quod
697 1243 755 1282 non
779 1243 879 1282 omnes
893 1244 942 1282 eas
957 1223 1114 1300 obtineant,
1129 1223 1161 1284 id
1174 1223 1237 1282 fieri
1257 1243 1309 1302 per

105 1301 248 1376 accidens,
274 1309 390 1378 propter
410 1301 550 1360 malitiam
573 1310 604 1362 et
624 1302 853 1362 incredulitatem
867 1303 1024 1376 hominum,
1039 1303 1090 1380 qui
1104 1305 1311 1364 contumaciter

104 1381 245 1442 resistunt
262 1380 382 1457 Spiritui
398 1381 427 1440 S.
443 1389 472 1440 et
487 1382 550 1459 ejus
564 1382 758 1460 operationem
773 1382 941 1460 impediunt.
964 1382 1038 1456 Quia
1051 1382 1124 1441 11110
1139 1383 1310 1460 supponitur

106 1459 202 1520 Deum
227 1460 301 1518 serio
315 1459 463 1520 intendere
477 1460 605 1520 omnium
619 1461 749 1536 salutem,
776 1461 855 1538 quod
879 1461 936 1520 dici
958 1463 1058 1538 nequit
1079 1461 1115 1520 de
1128 1461 1164 1520 iis
1178 1481 1252 1538 quos
1272 1461 1309 1522 ab

105 1548 214 1600 eterno
236 1539 410 1617 reprobavit,
434 1547 463 1598 01
486 1540 592 1617 quibus
615 1560 669 1599 nac
684 1541 886 1618 Evangelium,
902 1561 955 1600 nec
969 1541 1055 1600 fidem
1070 1542 1134 1600 vult
1148 1540 1307 1617 indulgere,

105 1619 165 1680 sine
180 1617 288 1696 quibus
301 1637 355 1678 nee
368 1619 519 1695 promissio
532 1629 628 1697 potest
642 1621 786 1697 cognosci,
802 1641 855 1678 nee
868 1621 967 1697 recipi.
1008 1625 1036 1680 2.
1060 1621 1141 1679 Licet
1156 1640 1255 1678 verum
1270 1620 1308 1678 sit

104 1699 237 1758 homines
250 1698 383 1759 resistere
406 1698 526 1775 Spiritui
548 1699 663 1774 Sancto,
685 1700 791 1776 atejus
805 1719 878 1776 opus
891 1699 1046 1776 impedire;
1070 1699 1136 1758 Non
1149 1699 1244 1758 minus
1258 1718 1307 1756 ve·

105 1797 167 1838 rum
191 1785 245 1852 est,
269 1777 349 1854 quod
371 1796 429 1836 non
453 1778 586 1838 omnibus
612 1779 691 1837 Deus
705 1787 822 1855 prestet
836 1779 915 1836 illam
929 1779 1060 1856 gratiam,
1076 1797 1133 1855 qua
1147 1777 1309 1836 resistentia

105 1857 201 1922 cordis
216 1856 342 1931 tollatur,
357 1864 387 1916 ct
400 1857 455 1915 hoo
468 1876 532 1916 esse
546 1858 653 1916 donum
668 1857 791 1934 speciale
806 1858 871 1931 Dei,
887 1857 972 1918 Matt.
987 1858 1049 1917 xiii.
1066 1860 1112 1932 ll,
1129 1857 1306 1932 11011117,

103 1936 181 2013 quod
196 1935 318 2013 proinde
332 1935 529 2012 promissionis
543 1936 789 1995 universalitatem
803 1937 888 1995 tollit.

144 2015 277 2073 XXXI.
299 2014 438 2088 Quamvis
452 2015 655 2092 promissiones
669 2014 821 2074 ioederales
833 2035 892 2074 non
907 2015 964 2076 sint
978 2014 1109 2074 absolute
1120 2014 1306 2090 universales,

103 2113 160 2152 non
174 2093 318 2164 evertitur
331 2101 480 2170 propterea
492 2093 711 2153 fundamentum
725 2095 937 2168 consolationis,
953 2103 982 2154 et
996 2094 1096 2154 salutis
1107 2093 1258 2170 certitud0,
1274 2114 1308 2153 00

103 2172 182 2249 quod
207 2193 226 2230 a
247 2173 413 2249 particulari
435 2173 515 2230 nulla
537 2174 574 2231 sit
598 2173 680 2231 firma
694 2173 835 2234 collectio.
877 2173 951 2248 Quia
965 2194 1047 2233 suam
1059 2173 1307 2233 universalitatem

103 2271 220 2329 semper
239 2251 347 2312 babent
370 2259 502 2330 respectu
526 2252 654 2312 omnium
675 2254 869 2328 credentium
891 2274 949 2329 quo
962 2263 1095 2330 respectu
1109 2253 1200 2310 solido
1214 2261 1310 2329 potest

103 2339 308 2407 argumentum
320 2331 387 2390 duci
398 2331 436 2390 ad
446 2331 671 2391 consolationem
682 2331 859 2391 credentium
871 2352 922 2409 per
931 2332 1131 2409 syllogismum
1142 2332 1309 2409 practicam,

104 2411 188 2486 eujus
202 2409 298 2486 major
311 2409 447 2470 frmdatur
459 2411 490 2469 in
507 2411 662 2488 Scriptura,
677 2411 770 2470 minor
784 2411 885 2470 nititur
898 2411 1063 2470 testimonio
1078 2409 1179 2470 Cordis
1194 2409 1312 2469 creden·

104 2489 150 2562 tis,
166 2489 227 2547 hoo
240 2496 339 2566 pacto:
356 2489 564 2549 Promissiones
573 2491 728 2567 Evangelii
742 2490 779 2548 ad
790 2509 889 2550 omnes
900 2501 929 2549 01
941 2490 1072 2567 singulos
1085 2489 1235 2550 eredentes
1248 2509 1311 2566 per·

103 2568 218 2642 tinent;
254 2566 297 2626 At
310 2587 365 2645 ego
379 2569 482 2645 credo,
519 2569 599 2646 Ergo
612 2569 650 2628 ad
669 2589 715 2630 me
736 2569 823 2628 etiam
836 2570 989 2646 pertinent.
1031 2573 1060 2627 2.
1081 2570 1206 2628 Tantum
1220 2569 1311 2642 abest,

103 2655 136 2706 ut
150 2667 203 2724 per
216 2647 439 2724 promissionum
454 2648 616 2708 absolutam
630 2648 885 2721 universalitatem,
897 2648 1056 2707 consolatio
1064 2647 1201 2722 firmetur,
1216 2656 1250 2706 ut
1262 2666 1312 2724 po-

103 2726 162 2785 tius
176 2733 335 2786 enervetur
347 2735 382 2786 01·
390 2727 586 2786 labefactetur.
629 2727 703 2802 Quia
723 2747 789 2786 cum
803 2747 841 2785 ex
865 2727 915 2785 illa
935 2726 1089 2804 hypothesi
1109 2725 1313 2804 promissiones

103 2805 271 2882 pertineant
280 2805 319 2863 ad
331 2803 432 2866 fideles
446 2813 475 2866 et
489 2805 620 2865 infideles
631 2806 801 2883 promiscue,
813 2805 977 2879 salvandos,
993 2815 1022 2864 et
1035 2805 1222 2878 damnandos,
1233 2803 1313 2861 nulla

104 2884 315 2944 consolationis
329 2885 467 2960 soliditas,
483 2892 514 2944 et
527 2885 628 2944 salutis
642 2885 784 2945 certitudo
798 2885 846 2942 hic
857 2905 920 2942 esse
933 2891 1038 2961 potest.
1070 2883 1222 2957 Quodnam
1236 2882 1313 2939 enim

104 2964 314 3024 consolationis
328 2963 617 3026 fundamentumesse
631 2971 727 3041 potest
740 2965 771 3022 in
784 2983 828 3040 00,
843 2963 922 3040 qnod
936 2961 1086 3022 servandis
1100 2969 1130 3020 et
1143 2960 1314 3020 damnandis

104 3051 148 3102 est
163 3045 342 3103 commuue?

144 3122 298 3182 XXXII.
321 3121 436 3180 calvini
456 3141 515 3182 non
535 3123 621 3182 aliam
642 3142 660 3180 a
681 3120 826 3181 communi
845 3129 874 3180 et
894 3127 1011 3198 recepta
1025 3119 1168 3178 sententia
1188 3125 1313 3176 11011011

104 3201 194 3262 fuisse
208 3201 371 3260 clarissime
396 3219 433 3260 ex
448 3201 536 3259 variis
560 3202 623 3279 ejus
645 3200 759 3276 scriptis
781 3199 935 3276 colligitur,
957 3207 990 3258 ut
1011 3205 1111 3256 contra
1128 3196 1224 3274 Pighi,
1246 3215 1313 3274 pag.

104 3283 172 3340 307.
217 3285 236 3314 “
252 3279 282 3340 N
285 3299 339 3338 unc
349 3281 441 3356 jactat
452 3280 574 3356 Pighius
589 3280 683 3338 Deum
697 3279 774 3337 velle
785 3297 884 3338 omnes
899 3279 996 3337 salvos
1009 3277 1081 3352 fieri,
1093 3296 1158 3335 cum
1172 3283 1314 3334 1111101-

104 3360 278 3437 nequidem
293 3357 431 3417 doctrinm
444 3358 619 3435 pradicatio,
642 3378 707 3434 quae
730 3357 854 3434 Spiritus
874 3356 1084 3416 illuminatione
1098 3357 1185 3432 longe
1199 3352 1316 3412 11101101

105 3445 157 3512 est,
173 3438 314 3498 omnibus
329 3438 367 3497 sit
387 3437 576 3496 communia.''
620 3437 660 3495 Et
680 3455 748 3514 pag.
773 3439 841 3496 706.
885 3439 903 3469 “
919 3435 951 3496 Si
974 3435 1108 3494 omnibus
1131 3442 1229 3494 notam
1250 3451 1313 3491 esse

104 3517 231 3576 voluerit
246 3536 331 3575 suam
346 3515 533 3589 voluntatem,
555 3535 607 3574 cur
621 3515 730 3592 Legem
751 3534 832 3574 suam
845 3534 905 3573 non
924 3515 1085 3593 publicavit
1099 3513 1243 3590 gentibus,
1265 3531 1316 3569 cur

104 3593 248 3654 inclusam
263 3594 357 3654 tenuit
371 3595 401 3652 in
415 3595 558 3671 augustiis
578 3593 646 3652 vitae
666 3594 809 3653 lucem?''
851 3595 890 3652 Et
903 3614 932 3671 p.
948 3595 1016 3651 719.
1060 3594 1165 3651 “Dum
1180 3589 1314 3650 omnibus

104 3673 373 3733 reconciliationem
393 3671 488 3732 offeni
512 3673 586 3747 dico,
610 3691 669 3732 101
692 3671 733 3731 ita
747 3672 865 3750 accipio,
890 3673 972 3749 quasi
986 3672 1024 3730 ad
1038 3691 1137 3730 omnes
1151 3671 1245 3748 gratia
1265 3667 1316 3726 illa

106 3753 282 3826 pervenerit,
306 3771 365 3828 qua
388 3752 527 3810 mundum
552 3751 609 3810 sibi
630 3751 795 3810 reconciliet
819 3751 929 3826 Deus,’'
954 3751 1009 3811 Sec.
1060 3751 1100 3810 Et
1126 3751 1213 3826 paulo
1240 3757 1314 3824 post.

106 3833 124 3862 “
139 3831 198 3891 Cur
222 3851 286 3890 non
308 3829 442 3890 omnibus
463 3829 659 3888 indifferenter
676 3830 826 3906 praedicari
847 3831 1040 3906 Evangelium
1060 3831 1097 3888 ab
1111 3830 1193 3887 initio
1213 3825 1315 3884 mnndi

105 3910 225 3970 voluit?
254 3911 316 3968 Cur
325 3917 369 3968 tot
383 3909 488 3968 seculis
502 3918 561 3968 tam
574 3910 680 3968 multas
695 3917 797 3986 gentes
806 3929 900 3968 errare
915 3910 946 3966 11
959 3909 1059 3968 mortis
1072 3906 1199 3968 tenebris
1212 3922 1315 3981 passus

106 3995 150 4046 est
160 3991 199 4048 7”
244 3987 333 4062 Quod
347 3987 496 4048 confirmat
509 4007 584 4065 resp.
606 3987 643 4047 ad
657 3987 737 4047 artic.
755 3991 780 4062 1,
797 3989 914 4048 Gaetuli.
957 3986 1140 4063 “Quomodo
1156 3985 1237 4042 Deus
1251 3981 1315 4040 vult

106 4086 206 4126 omnes
221 4068 324 4126 salvos
333 4066 405 4142 lieri,
416 4087 475 4126 non
486 4067 572 4128 anxie
583 4066 797 4144 disputandum,
808 4067 876 4143 quia
888 4068 951 4125 hreo
962 4065 1019 4125 duo
1030 4066 1105 4122 inter
1115 4082 1146 4121 se
1161 4062 1314 4133 cobserent,

106 4145 194 4217 salus,
210 4154 242 4205 01
257 4146 387 4221 cognitio
400 4147 531 4206 veritatis
544 4168 551 4206 ε
566 4164 642 4204 1110
653 4145 803 4223 responde,
821 4147 853 4206 si
866 4146 960 4205 voluit
975 4145 1055 4204 Deus
1069 4161 1150 4200 arram
1166 4141 1315 4198 veritatem

107 4225 243 4283 omnibus
258 4225 457 4300 innotescere;
481 4227 539 4285 Cur
559 4225 597 4283 ad
609 4232 653 4284 tot
673 4234 775 4301 gentes
796 4245 833 4284 ex
847 4245 904 4301 quo
918 4222 1094 4301 promulgari
1115 4220 1199 4296 caepit
1219 4219 1315 4275 Evan·

108 4303 226 4377 gelium,
243 4318 394 4379 nunquam
408 4304 572 4380 pervenerit
585 4323 657 4381 pura
670 4304 735 4380 ejus
749 4303 878 4362 veritas?
925 4299 1036 4360 Deinde
1050 4320 1102 4358 cur
1114 4319 1173 4357 non
1187 4295 1315 4355 omnium

108 4382 209 4442 oculos
222 4401 360 4460 peraeque
374 4383 526 4459 aperuerit,
541 4383 657 4459 quando
672 4383 791 4442 interior
806 4381 930 4458 Spiritus
940 4378 1121 4452 illuminatio,
1131 4396 1189 4453 qua
1200 4374 1317 4432 nonnisi

110 4479 218 4535 paucos
232 4461 381 4537 dignatur,
396 4461 434 4520 ed
444 4462 531 4520 fidem
545 4463 708 4522 necessaria
721 4470 766 4522 est
776 4462 809 4520 ?’'
834 4460 910 4519 Vide
925 4460 997 4518 Inst.
1013 4459 1033 4517 l.
1048 4457 1087 4515 iii.
1103 4477 1127 4515 c.
1143 4459 1190 4530 22,
1207 4473 1229 4513 1.
1245 4457 1273 4526 2,
1289 4461 1318 4510 01

110 4557 134 4595 1.
149 4543 197 4614 21,
214 4560 238 4600 1.
259 4543 307 4613 15,
324 4548 352 4599 01
366 4539 396 4598 in
412 4543 426 4598 1
443 4539 517 4600 Tim.
532 4541 562 4599 ii.
