3192 5206
207 342 265 401 311
611 353 701 396 umus
716 354 845 397 uscrnus
859 353 1003 405 esserra.
1241 335 1370 420 [eumer.
1386 358 1416 399 v.

249 499 374 558 XVIII.
398 498 475 556 Loca
488 495 559 556 ι111).
575 516 603 554 v.
620 500 646 572 1,
661 505 690 556 et
705 497 766 556 xix.
795 502 843 572 21,
869 507 898 558 et
922 497 1027 557 xxxiii.
1050 501 1099 573 23,
1124 497 1221 558 Exod.
1246 499 1341 558 xxxii.
1368 503 1417 575 13,

208 581 295 638 Zach.
310 580 330 638 i.
348 583 393 654 12,
410 577 503 654 Apoc.
520 577 580 636 viii.
606 581 633 652 3,
659 577 731 636 Tob.
758 577 819 652 xii,
831 598 896 655 quae
907 578 954 636 hie
965 577 1185 655 afferunturpro
1205 579 1417 639 Intercessioue

210 663 389 734 Sanctorum,
420 656 496 718 Vide
511 657 641 715 discussa
653 656 722 714 Loc.
737 677 765 714 v.
780 656 816 715 de
832 658 964 734 Angelis,
981 659 1015 732 Q.
1030 658 1071 716 ix.
1087 666 1116 716 et
1130 657 1200 716 Loc.
1212 659 1241 717 ii.
1257 659 1291 734 Q.
1307 663 1335 718 t.

249 739 344 798 XIX.
365 737 458 797 Aliud
467 745 510 796 est
521 756 602 795 orare
610 735 641 794 in
652 757 757 813 genere
765 757 817 813 pro
828 738 967 812 Ecclesia,
991 737 1081 797 Allud
1092 758 1144 815 pro
1156 738 1287 816 singulis.
1310 739 1418 814 Quam·

207 820 253 878 vis
270 819 369 878 Sancti
383 825 497 877 orarent
510 817 541 874 in
563 835 668 893 genere
692 836 744 892 pro
768 817 899 876 Ecclesia
922 817 1074 893 militante,
1097 837 1184 896 quam
1207 819 1302 877 sciunt
1323 819 1421 878 adhuc

206 899 299 977 premi
313 899 349 958 ab
364 896 559 968 Adversariis,
575 905 603 954 et
618 895 725 972 exponi
738 897 827 954 variis
836 898 1048 972 certaminibus,
1066 897 1131 956 Non
1142 907 1309 974 sequeretur
1320 899 1421 958 statim

208 980 256 1039 vel
269 999 351 1039 orare
365 998 417 1055 pro
432 976 562 1054 singulis,
578 995 699 1052 quornm
712 977 899 1036 necessitates
913 987 942 1035 et
955 997 1055 1054 preces
1068 997 1126 1036 nou
1140 986 1254 1054 norunt,
1282 978 1330 1037 vel
1355 998 1421 1038 esse

207 1059 336 1137 ipsorum
351 1057 536 1132 Mediatores,
552 1056 602 1133 qui
615 1063 644 1114 et
657 1055 791 1132 precibus
805 1064 834 1115 et
847 1056 957 1116 mcritia
971 1056 1031 1116 suis
1045 1058 1168 1134 gratiam
1183 1058 1241 1117 Dei
1263 1057 1322 1117 illis
1344 1058 1421 1117 obti-

208 1147 305 1198 neunt.

152 1240 157 1246 ·
249 1219 327 1278 XX.
350 1218 455 1293 Locus,
470 1219 487 1274 2
504 1215 636 1274 Maccab.
651 1233 713 1293 cap.
728 1235 778 1274 xv.
793 1235 853 1274 ver.
877 1219 923 1292 14,
945 1215 996 1274 ubi
1019 1216 1115 1276 Judas
1139 1215 1245 1276 dicitur
1264 1216 1374 1276 vidisse
1387 1217 1422 1276 11

208 1298 321 1358 visione
335 1297 439 1358 Ouiam
454 1295 624 1356 Pontificem
638 1303 667 1354 et
681 1295 847 1370 Jeremiam,
863 1297 913 1372 qui
924 1297 987 1374 jam
1001 1295 1140 1370 obierant,
1156 1306 1270 1356 orantes
1290 1316 1343 1373 pro
1367 1317 1420 1375 po-

208 1379 277 1456 pulo
292 1377 471 1452 Iudaeorum,
494 1395 552 1436 111
565 1383 661 1453 petest
680 1376 785 1453 juvare
810 1373 1012 1435 Adversarios.
1036 1380 1062 1435 l.
1095 1377 1170 1452 Quia
1195 1376 1282 1435 Liber
1304 1377 1360 1436 iste
1374 1385 1422 1436 est

212 1457 416 1536 Apocrypbus,
432 1465 461 1516 et
482 1455 589 1516 fabulis
612 1453 743 1530 refertus,
768 1455 891 1515 testibus
905 1455 976 1533 ipsis
1001 1455 1171 1530 Pontificiis,
1196 1465 1225 1516 et
1248 1457 1421 1515 nominatim

210 1539 328 1598 Gelasio
344 1539 431 1615 Pspa,
448 1536 524 1596 Dist.
536 1555 586 1594 xv.
597 1534 715 1609 Canon,
727 1535 834 1594 Sancta
843 1538 986 1610 11111111,
996 1536 1047 1594 ubi
1055 1535 1182 1595 admittit
1193 1536 1286 1594 solum
1294 1537 1421 1614 prImum

209 1618 350 1693 Macceb,
361 1626 390 1677 et
398 1617 491 1693 rejicit
504 1615 671 1676 secundum.
687 1619 714 1672 2.
730 1614 934 1692 Locusprobat
944 1624 1056 1676 tuntum
1067 1635 1148 1674 orare
1161 1617 1282 1676 Sanctos
1292 1616 1323 1674 iu
1331 1637 1421 1693 geue-

208 1717 248 1773 re,
264 1718 321 1758 111
337 1697 486 1776 sigillatim
500 1695 668 1756 admodum
684 1695 888 1754 Mediatorum.
910 1700 938 1756 3.
954 1694 1100 1754 Pontificii
1113 1695 1169 1772 ipsi
1192 1696 1296 1755 volunt
1317 1697 1421 1756 Patres

208 1787 276 1838 ante
290 1787 411 1838 mortem
426 1777 534 1836 Christi
547 1776 635 1834 fuisse
649 1774 744 1834 adhuc
758 1775 788 1832 in
803 1775 907 1833 Limbo
921 1775 1055 1836 exclusos
1069 1796 1086 1834 a
1100 1774 1172 1835 fecie
1188 1775 1251 1851 Dei,
1277 1795 1347 1853 ergo
1360 1796 1422 1836 111

208 1857 328 1917 idoneos
341 1859 380 1917 ad
393 1856 533 1916 orandum
547 1877 599 1933 pro
613 1855 687 1914 aliis.

250 1937 345 1996 XXI.
369 1938 489 1998 Cbmor
501 1937 671 2009 animarum,
687 1953 750 2011 quoe
762 1944 827 1994 sunt
836 1936 885 1993 neb
896 1935 1002 2010 Altare',
1012 1934 1107 2012 Apoc.
1122 1935 1162 1994 vi.
1175 1937 1202 2010 9,
1220 1937 1266 2009 10,
1282 1953 1339 1994 111
1354 1955 1419 2012 per·

208 2017 282 2076 tinet
295 2017 333 2076 ad
348 2017 588 2076 intercessionem
608 2034 661 2091 pro
683 2013 756 2088 aliis,
773 2014 824 2072 sed
839 2014 876 2072 ad
890 2034 991 2091 preces
1004 2034 1057 2091 pro
1072 2015 1185 2091 seipsis.
1228 2015 1294 2073 Nou
1306 2015 1416 2091 dicunt,

209 2096 304 2172 Quare
318 2117 377 2156 nen
390 2096 497 2154 liberas
511 2095 613 2152 fratres
627 2104 741 2152 nostros
754 2096 769 2151 Ρ
783 2093 843 2168 sed,
862 2095 961 2161 Quare
975 2095 1167 2153 nonvindr'caa
1179 2096 1344 2170 sanquinem
1354 2115 1418 2154 noe·

211 2179 312 2235 mm!
354 2177 414 2234 Nec
437 2175 551 2252 proprie
566 2172 652 2232 debet
666 2171 799 2249 intelligi,
820 2193 887 2232 cum
909 2173 1069 2232 animarum
1091 2194 1150 2232 non
1165 2174 1203 2234 sit
1216 2175 1349 2251 clamare,
1365 2174 1419 2234 sed

211 2256 376 2332 allegorice,
392 2264 424 2312 ut
438 2262 554 2312 notetur
568 2252 742 2311 desiderium
756 2253 879 2311 extremi
889 2251 993 2328 judicii
1004 2261 1033 2312 et
1043 2254 1268 2329 resurrectionis,
1278 2265 1312 2314 ut
1325 2255 1420 2314 voluit

210 2334 349 2393 Ambros.
366 2343 395 2393 et
410 2334 496 2390 Beru.
514 2333 605 2391 Serm.
621 2335 648 2406 3,
667 2332 698 2390 in
714 2332 801 2390 Festo
816 2332 944 2391 omnium
967 2332 1147 2408 Sanctorum,
1163 2335 1211 2392 vel
1224 2333 1419 2394 manifestatio

209 2413 349 2491 nequities
364 2421 584 2490 tyrannoruma
613 2412 676 2469 Deo
697 2411 799 2469 merito
820 2411 983 2488 punienda,
1009 2420 1039 2471 et
1062 2413 1234 2473 innocentie
1256 2414 1419 2490 Martyrum

210 2492 405 2572 praemiandea
420 2500 453 2550 ut
467 2491 536 2550 alibi
551 2511 611 2548 vox
625 2489 775 2565 sanguinis
796 2490 900 2549 Abelis
921 2491 1044 2550 clamare
1066 2491 1171 2552 dicitur
1185 2493 1221 2552 de
1235 2502 1319 2568 terra,
1342 2493 1418 2552 Gen.

211 2573 262 2648 iv,
278 2573 347 2650 quie
361 2591 438 2631 mors
452 2580 482 2630 et
496 2570 589 2629 caedes
604 2570 767 2646 Martyrum
788 2589 902 2648 semper
924 2590 1025 2630 recens
1042 2592 1137 2630 coram
1153 2573 1225 2648 Deo,
1238 2573 1360 2651 justitie
1374 2573 1418 2632 di-

213 2653 291 2712 vinae
306 2651 465 2710 vindictam
479 2649 601 2727 flagitat,
616 2657 649 2708 ut
664 2649 797 2726 Lyranus
812 2649 956 2709 observat.

252 2733 365 2792 XXII.
387 2731 416 2790 A
427 2731 562 2808 precibus
572 2729 680 2788 mutuis
692 2729 861 2804 viventium,
876 2729 914 2789 ed
927 2749 1027 2807 preces
1042 2730 1243 2791 defunctorum
1252 2751 1305 2810 pro
1316 2731 1418 2791 viven-

211 2815 290 2873 tibus
304 2833 363 2872 non
377 2811 456 2870 valet
470 2812 593 2887 Conseq.
636 2809 710 2884 Quia
724 2809 799 2869 inter
813 2810 878 2869 illos
892 2810 977 2869 dabir
991 2819 1091 2870 mutua
1104 2811 1261 2870 officiorum
1276 2821 1305 2871 et
1319 2830 1417 2871 ueces-

211 2894 329 2953 sitatum
338 2891 509 2967 commuuio,
522 2891 597 2950 inter
610 2897 739 2949 mortuos
748 2898 777 2948 et
792 2890 924 2950 viventes
939 2889 1027 2949 nulle.
1071 2891 1135 2950 Illoe
1145 2891 1175 2950 in
1188 2891 1336 2968 Scriptura
1345 2913 1418 2970 prae·

211 2973 359 3050 cipiuntur
380 2981 410 3032 et
433 2971 606 3047 laudantur3
628 2970 681 3030 sed
699 2969 762 3028 ista
785 2989 976 3046 nequequam.
1019 2969 1080 3029 Nec
1102 2970 1239 3048 perfectio
1260 2971 1417 3045 charitatis,

212 3073 270 3130 qua
285 3052 384 3112 Sancti
398 3052 498 3112 donati
512 3060 587 3128 sunt,
603 3050 672 3111 facit
686 3059 718 3110 ut
732 3059 814 3110 orent
828 3049 979 3128 sigillatim
993 3068 1045 3126 pro
1059 3049 1151 3127 nobis,
1167 3051 1236 3127 quia
1249 3050 1281 3109 id
1293 3071 1352 3110 uou
1366 3051 1421 3110 lert

212 3132 276 3210 ejus
287 3133 356 3192 vites
370 3131 507 3192 conditio.

690 3371 884 3444 QUAESTIO
906 3372 943 3431 V.

583 3547 621 3586 un
642 3547 770 3587 11111111
791 3546 908 3588 1111111
928 3548 1054 3588 cunrsrr.

357 3687 418 3746 Oui·
434 3685 561 3745 Odrrstns
574 3685 721 3746 Medt'ator
734 3687 839 3763 tripleoe
852 3689 958 3746 Munus
969 3688 1106 3748 sustinere
1119 3689 1272 3748 ntuetr!

218 3885 284 3938 Qun
311 3887 343 3931 ⁸„
363 3885 457 3932 Munus
520 3845 544 3904 Ι.
567 3845 676 3904 Munus
691 3843 798 3904 Christi
811 3844 885 3904 nibil
903 3846 981 3905 aliud
1003 3855 1055 3922 est,
1078 3865 1165 3923 quam
1186 3847 1327 3907 Mediatio
1347 3848 1423 3908 inter

243 3945 418 3991 necatorium
478 3925 572 3985 Deum
587 3933 617 3984 et
629 3923 770 3998 homines,
780 3924 818 3982 ad
831 3944 918 4002 quam
932 3925 1125 4003 peragendam
1139 3926 1246 3986 missus
1259 3947 1278 3986 a
1291 3925 1377 3986 Patre
1391 3928 1422 3987 in

243 4001 358 4050 christi?
478 4005 627 4080 mundum,
643 4013 673 4064 et
685 4024 737 4082 per
750 4004 888 4082 Spiritum
902 4003 1040 4064 Sanctum
1048 4013 1152 4064 unctus
1166 4006 1229 4066 fuit.
1272 4005 1421 4084 Complec-

213 4081 285 4142 titur
303 4101 387 4142 omne
401 4082 431 4141 id
445 4085 523 4162 quod
544 4086 676 4146 Christus
697 4104 735 4143 ex
756 4103 808 4142 sua
829 4083 969 4143 Missione
984 4092 1013 4144 et
1025 4085 1187 4145 Vocatioue
1208 4085 1309 4145 debuit
1329 4087 1422 4148 facere

214 4180 284 4254 erga
299 4161 396 4256 Deum
407 4163 557 4258 offensum,
572 4174 602 4225 et
612 4165 743 4225 homines
757 4163 944 4240 offendentes,
960 4164 1018 4223 illis
1031 4165 1258 4242 reconciliandis,
1274 4167 1423 4228 etiterum

214 4244 490 4416 ἒιθὶοἰθέιῗίῖῖῗω·
515 4324 558 4383 II.
581 4322 729 4384 Institutio
743 4322 827 4383 istius
842 4323 972 4383 Muneris
986 4324 1079 4384 tribus
1089 4323 1270 4402 potissimum
1284 4325 1424 4404 gradibus

259 4371 405 4462 11111111
470 4403 639 4464 acervum.
656 4405 680 4462 r.
702 4404 1125 4480 senseresensere.
1147 4405 1222 4482 ujus
1237 4405 1380 4480 111011,
1393 4407 1422 4464 s.

231 4479 251 4518 ¹·
266 4473 423 4578 P'ffltfflm·
477 4485 634 4543 Vocott'one.
656 4482 771 4543 Primus
781 4484 889 4560 gradus
900 4493 945 4544 est
955 4485 984 4542 in
996 4493 1102 4544 aeterua
1110 4485 1279 4543 Medzbtons
1290 4483 1422 4544 Prcdcs-

371 4565 378 4590 '
469 4564 610 4639 amnone,
631 4582 684 4641 per
703 4581 789 4639 quam
807 4564 887 4623 Deus
902 4564 1009 4623 Filium
1025 4565 1153 4624 suumin
1165 4563 1356 4624 Mediatorem
1376 4584 1422 4624 se-
