3186 5210
217 339 275 396 558
616 353 706 394 rocus
728 353 857 393 necinus
879 350 1001 391 esurus.
1252 333 1378 405 [eumer.
1394 345 1413 383 r.

214 503 247 554 ut
256 515 344 573 quum
359 494 499 553 Pharisaei
509 495 644 554 dicuntur
658 493 769 571 scipsos
779 493 947 571 justificare,
963 492 1034 550 Luc.
1046 491 1107 550 xvi.
1121 493 1167 550 15.
1178 491 1348 567 improprie,
1360 485 1416 545 Vel

216 575 441 634 ministerialiter
459 584 612 651 usurpetur
631 593 683 651 pro
700 573 842 632 adducere
851 572 1045 650 adjustitiam,
1056 571 1129 630 Dan
1136 570 1188 630 xii.
1196 574 1223 645 3,
1234 571 1286 628 ubi
1295 577 1321 624 et
1328 583 1415 637 *penae

216 654 332 712 videtur
347 655 477 715 ὶξκνητκὶν
493 656 533 701 eet
554 653 678 711 est-sese
699 653 767 729 quie
789 652 858 711 dum
870 671 1017 729 praecones
1043 651 1198 728 Evangelii
1211 649 1368 707 instituunt
1388 654 1417 704 et

217 733 322 792 docent
335 733 443 808 fideles,
459 752 493 791 eo
515 733 577 809 ipso
602 752 651 792 eos
669 733 831 811 justificant
851 730 1084 807 ministerialiter,
1100 731 1210 789 scilicet
1224 727 1355 787 docendo
1370 745 1418 785 eos

215 831 317 871 verum
330 813 456 888 modum,
473 831 529 889 quo
544 821 664 887 possunt
675 812 837 890 justificari,
852 812 954 870 eodem
973 830 1060 869 sensu
1074 831 1131 887 quo
1146 829 1261 868 servare
1276 808 1417 880 dicuntur,

220 897 236 950 1
262 893 336 951 Tim.
358 894 397 952 iv.
422 895 468 950 16.
521 891 579 949 Vel
607 891 735 968 synecd,
761 891 949 951 antecedente
963 891 1058 969 posito
1072 910 1123 968 pro
1138 886 1335 966 consequenti,
1367 904 1418 962 pro

217 973 347 1048 liberare,
388 973 472 1028 Rom.
493 969 533 1028 vi.
562 974 590 1045 7,
613 975 631 1004 “
646 971 696 1048 qui
723 980 854 1030 mortuus
881 979 934 1046 est,
953 970 1129 1048 justificatus
1156 978 1201 1028 est
1227 989 1245 1026 a
1272 966 1419 1044 peccato,’'

215 1052 255 1110 id.
279 1061 323 1110 est
342 1053 489 1110 liberatus.
531 1050 588 1108 Vel
600 1061 772 1129 comparate,
796 1052 881 1110 Erec.
905 1050 966 1108 xvi.
990 1053 1037 1126 51,
1054 1053 1101 1124 52,
1117 1050 1167 1108 nbi
1187 1055 1305 1126 propter
1332 1045 1418 1102 colle-

215 1131 323 1188 tionem
349 1136 532 1209 peccatorum
557 1130 675 1190 Israelis
699 1139 728 1190 et
757 1131 902 1206 Samaria,
923 1131 1015 1188 Isra'el
1029 1129 1134 1188 dicitur
1147 1129 1304 1208 justificare
1317 1127 1419 1184 Sanm-

217 1210 299 1284 re'am,
317 1219 353 1282 et,
377 1209 573 1269 crescentibus
591 1211 613 1270 J
617 1211 681 1270 udae
696 1211 831 1288 peccatis,
855 1212 938 1269 Jeda
965 1209 1071 1268 dicitnr
1083 1209 1251 1286 justificasse
1274 1209 1419 1279 Israelem,

215 1289 278 1348 Jer.
294 1289 333 1348 iii.
351 1294 396 1364 11,
419 1290 487 1366 quia
507 1289 597 1349 Isra'e'l
608 1292 715 1368 justior
735 1299 796 1350 eret
810 1291 898 1366 Juda,
924 1289 963 1348 id.
988 1299 1108 1366 peccata
1128 1290 1191 1367 ejus
1214 1287 1326 1346 minore
1340 1293 1422 1344 erant

216 1370 450 1445 peccatis-Iudae.

519 1449 558 1508 V.
581 1449 659 1509 Hinc
673 1469 743 1509 vero
757 1449 848 1508 oritur
859 1449 986 1524 Quaestio
998 1469 1063 1507 eum
1079 1447 1247 1522 Pontificiis,
1261 1447 1306 1504 De
1319 1464 1422 1522 accep-

478 1528 556 1588 tione
571 1529 654 1588 istius
668 1530 758 1605 vocis,
774 1530 824 1587 An
849 1549 935 1588 sensu
956 1528 1062 1587 lorensi
1084 1529 1199 1586 demum
1222 1524 1363 1585 sumenda
1385 1525 1424 1582 sit

479 1607 509 1665 in
523 1609 578 1667 hoc
592 1610 726 1686 negoti0;
750 1609 859 1668 Annon
870 1609 956 1668 etiam
969 1629 1055 1668 sensu
1064 1608 1185 1685 physico
1196 1615 1225 1666 et
1235 1605 1337 1665 morali
1348 1605 1424 1663 sumi

218 1689 322 1748 debeat
336 1707 387 1765 pro
410 1685 552 1746 infusione
574 1689 695 1764 justitiae
717 1697 746 1747 et
766 1689 990 1764 Justificatione,
1007 1689 1032 1746 si
1055 1689 1096 1747 ita
1109 1687 1190 1764 loqui
1203 1687 1279 1761 licet,
1295 1684 1345 1743 vel
1372 1703 1425 1761 per

218 1768 445 1844 acquisitionem,
461 1767 510 1825 vel
527 1787 579 1844 per
592 1769 656 1845 ejus
669 1769 901 1827 incrementum?
922 1768 996 1826 Nam
1020 1768 1146 1826 illinon
1173 1775 1281 1844 negant
1305 1764 1425 1842 quidem

219 1849 240 1907 J
243 1847 443 1907 ustificetionis
457 1867 567 1923 vocem,
583 1857 612 1906 et
626 1849 744 1906 verbum
760 1847 940 1926 justificandi
953 1848 1060 1906 forensi
1082 1867 1169 1907 sensu
1191 1865 1267 1924 saepe
1295 1845 1380 1920 sumi,
1397 1853 1427 1902 at

219 1929 250 1986 in
264 1929 319 1985 hoc
333 1927 418 1985 etiam
434 1934 612 2004 argumento,
628 1936 661 1987 ut
676 1928 822 2003 Bellarm,
834 1928 884 1987 lib.
899 1928 918 1986 i.
934 1928 969 1986 de
984 1929 1006 1987 J
1008 1928 1103 2003 ustifi,
1119 1947 1181 2003 cap.
1196 1927 1225 2000 i,
1241 1925 1331 1983 Tirin.
1348 1925 1426 1983 Con·

218 2016 272 2067 tro,
290 2009 335 2080 15,
352 2026 400 2065 nn.
424 2010 449 2082 1,
463 2006 556 2065 Tolet.
571 2007 608 2065 ad
623 2009 707 2066 Rom.
723 2009 761 2082 ii,
785 2008 881 2066 Anno.
899 2010 945 2082 13,
961 2015 990 2066 et
1012 2007 1061 2066 alii
1075 2027 1134 2065 non
1157 2006 1251 2084 pauci.
1295 2005 1355 2062 Sed
1368 2005 1425 2062 hoc

219 2107 278 2146 non
297 2086 399 2145 volunt
419 2106 482 2146 csse
497 2094 674 2164 perpetuum,
687 2087 739 2147 sed
753 2107 828 2164 saepe
843 2087 1004 2164 significare
1023 2107 1121 2146 veram
1134 2084 1361 2164 productionem,
1378 2104 1427 2142 ee-

220 2167 415 2244 quisitionem,
437 2165 485 2225 vel
509 2177 696 2243 augmentum
721 2167 869 2244 Justitiae;
898 2175 928 2226 et
951 2167 1005 2224 hoc
1029 2166 1169 2245 imprimis
1190 2165 1285 2224 locum
1308 2164 1427 2231 habere,

219 2245 335 2320 quando
350 2245 446 2319 egitur
459 2245 495 2302 de
516 2246 642 2306 hominis
661 2247 867 2324 justificatione
895 2265 991 2305 coram
1019 2247 1091 2305 Deo.
1135 2246 1221 2306 Unde
1242 2244 1430 2320 distinguunt

219 2323 463 2382 Justificationem
482 2325 512 2381 in
525 2327 652 2398 primam
666 2335 695 2385 et
716 2329 875 2386 secundam.
917 2327 1019 2386 Prima
1043 2335 1087 2384 cst
1101 2345 1152 2403 per
1172 2345 1258 2404 quam
1272 2325 1360 2383 homo
1389 2343 1430 2382 ex

221 2402 329 2479 injusto
338 2401 371 2459 fit
382 2401 487 2476 justus,
500 2403 637 2478 Secundo,
650 2425 702 2482 per
712 2425 798 2482 quam
808 2425 845 2463 ex
855 2407 935 2482 justo
944 2407 977 2464 fit
987 2407 1101 2483 justior.
1123 2405 1209 2466 Unde
1221 2403 1428 2479 Bellarminus,

223 2482 273 2540 lib.
289 2481 318 2539 ii.
344 2501 406 2558 cap.
432 2485 459 2554 2,
482 2483 500 2512 ‘⁴
512 2481 533 2540 J
535 2481 689 2542 ustificatio
712 2485 773 2542 sine
789 2485 876 2542 dubio
896 2486 1013 2561 quidem
1028 2495 1123 2544 motus
1138 2495 1182 2545 est
1203 2486 1239 2543 dc
1254 2483 1409 2562 peccatod

220 2563 241 2623 J
244 2561 379 2634 ustitiam,
396 2569 424 2620 et
442 2581 547 2619 nomen
561 2561 666 2640 accipit
679 2583 696 2621 a
709 2563 831 2621 termino
846 2563 883 2621 ad
897 2585 983 2641 quem
998 2566 1085 2641 ducit,
1107 2573 1140 2624 ut
1154 2585 1253 2624 omnes
1267 2564 1318 2621 alii
1330 2572 1430 2621 motus

222 2643 339 2717 similes,
362 2641 542 2717 illuminatio,
559 2642 725 2720 calefactio;
742 2663 800 2702 non
815 2643 905 2720 igitur
918 2654 1013 2721 potest
1027 2645 1154 2722 intelligi
1167 2665 1237 2703 vere
1263 2643 1428 2722 justificati,

221 2723 278 2780 nisi
292 2723 389 2799 aliqua
402 2730 506 2798 praeter
516 2722 712 2782 remissionem
726 2722 836 2800 peccati
849 2724 963 2801 justitia
976 2726 1141 2801 acquiretur
1151 2726 1178 2800 ;”
1191 2725 1293 2782 Thom.
1311 2727 1336 2798 l,
1354 2727 1381 2796 2,
1398 2743 1428 2800 q.

226 2805 291 2872 113,
306 2804 324 2834 “
333 2803 355 2861 J
356 2801 511 2861 ustificatio
521 2803 636 2879 passive
647 2811 765 2883 accepta
775 2803 911 2882 importat
921 2813 1030 2863 motum
1042 2805 1079 2862 ad
1090 2804 1334 2882 justificationem,
1351 2803 1429 2862 sicut

224 2881 373 2940 calefactio
384 2890 493 2941 motum
503 2881 540 2940 ad
551 2883 702 2942 calorem.''
744 2884 805 2942 Nos
816 2903 885 2942 vero
894 2883 962 2943 licet
972 2905 1030 2943 non
1041 2905 1180 2962 negemus
1190 2904 1247 2943 non
1261 2903 1349 2942 unam
1364 2903 1429 2941 esse

222 2961 306 3020 istius
318 2961 398 3020 vocis
410 2961 658 3038 significationem,
669 2972 698 3022 et
708 2963 901 3022 diversimode
914 2965 988 3022 sumi
997 2965 1026 3022 in
1040 2965 1196 3042 Scriptura,
1208 2963 1294 3022 modo
1303 2963 1429 3040 proprie,

222 3039 308 3100 modo
323 3041 484 3118 improprie,
497 3050 529 3100 ut
539 3042 600 3118 jam
612 3043 730 3117 dictum,
740 3043 936 3122 pertendimus
947 3053 1043 3102 tamen
1056 3065 1204 3122 nunquam
1218 3064 1270 3122 pro
1284 3042 1430 3101 infusione

221 3121 342 3197 justitiae
358 3123 440 3195 sumi,
457 3121 507 3180 sed
522 3141 635 3199 semper
643 3125 756 3200 quoties
773 3124 920 3200 Scriptura
934 3124 970 3182 de
978 3124 1185 3200 justificatione
1199 3131 1295 3182 nostra
1311 3143 1348 3181 ex
1364 3141 1430 3200 pro·

223 3199 299 3258 fesso
318 3201 453 3278 loquitur,
477 3209 505 3259 et
520 3208 656 3279 tanquam
675 3204 705 3260 in
727 3204 863 3276 suasede,
879 3202 985 3262 forensi
1007 3204 1116 3262 ratione
1142 3224 1203 3262 esse
1219 3201 1430 3281 exponendam.

521 3279 580 3338 VI.
608 3281 750 3340 Rationes
768 3289 858 3341 sunt:
887 3283 913 3339 l.
937 3281 1018 3349 Quia
1036 3283 1110 3353 loca,
1130 3302 1197 3358 quae
1220 3283 1258 3339 de
1279 3281 1432 3340 Justifica'-

223 3342 331 3445 Vffffi
350 3343 461 3446 ⁶2:¹⁰⁸ssss
480 3357 561 3414 tione
572 3367 745 3432 agunt‚non
757 3361 850 3418 elium
862 3361 1108 3436 quemforensem
1123 3379 1240 3418 sensum
1256 3359 1431 3433 admittunt,

256 3461 458 3515 rcnseprobatur.
481 3433 501 3490 J
504 3435 551 3492 ob.
566 3437 606 3493 ix.
622 3437 649 3508 3,
666 3437 743 3494 Psal.
759 3439 848 3496 cxliii.
864 3439 891 3509 2,
907 3439 995 3495 Rom.
1010 3439 1050 3495 iii.
1072 3437 1119 3508 28,
1134 3446 1164 3496 et
1177 3439 1215 3494 iv.
1233 3439 1258 3508 l,
1274 3439 1301 3508 2,
1317 3438 1344 3508 3,
1361 3439 1431 3497 Act.

481 3511 542 3567 xiii.
565 3514 612 3584 39,
634 3522 664 3573 et
683 3515 764 3585 alibi,
779 3517 831 3573 ubi
852 3535 1004 3591 processus
1020 3515 1172 3590 judicialis
1193 3517 1380 3591 proponitur,
1400 3526 1434 3575 et

225 3582 336 3643 mentio
350 3584 384 3640 fit
395 3583 481 3659 Lapis
493 3593 657 3648 accusantis
669 3615 675 3666 3
689 3593 826 3664 Rcorum,
839 3596 971 3670 quisunt
986 3603 1092 3666 testem,
1107 3595 1194 3652 Rom.
1206 3595 1247 3652 iii.
1260 3594 1312 3668 19;
1328 3593 1432 3654 Chiro·

226 3661 334 3739 paophi
345 3663 561 3738 obstringentis‚
576 3667 638 3726 Col.
654 3670 683 3727 ii.
696 3671 745 3745 14;
762 3671 890 3730 Justa’tioe
899 3673 1007 3731 divinae
1016 3691 1133 3748 poenam
1143 3674 1332 3748 postulantis,
1342 3673 1430 3732 Rom.

226 3743 266 3801 iii.
281 3742 327 3815 24,
340 3745 396 3819 263
412 3741 561 3800 Advocati
569 3765 688 3804 causam
699 3750 823 3822 agentis,
837 3751 851 3806 l
865 3751 886 3810 J
888 3753 936 3808 eh.
948 3752 978 3808 ii.
992 3757 1005 3809 1
1020 3775 1027 3827 3
1044 3750 1294 3828 Satisfoctioniset
1303 3752 1432 3825 justitiae

226 3824 390 3897 imputatne,
406 3821 493 3878 Rom.
508 3822 556 3897 iv,
572 3833 602 3882 et
615 3843 662 3900 v.;
689 3827 796 3884 Tin-oni
813 3831 918 3905 pretioe
932 3849 1032 3888 coram
1052 3849 1114 3906 quo
1135 3831 1326 3904 absolvimur,
1350 3830 1431 3889 Heb.

227 3902 265 3957 iv.
285 3901 338 4034 1123
362 3899 478 4037 Jode'cg's
491 3903 668 3962 sententiam
681 3905 812 3979 serentis,
828 3908 914 3965 Rom.
929 3909 969 3967 iii.
986 3911 1032 3980 20,
1048 3915 1078 3966 et
1090 3916 1258 3982 peccatores
1276 3909 1434 3968 absolven-

228 3979 274 4046 tis,
320 3999 378 4037 om.
393 3981 431 4038 iv.
469 4027 475 4039 .

268 4055 346 4115 VII.
369 4059 395 4115 2.
420 4059 690 4126 QuiaJustificetio
714 4063 745 4120 in
772 4065 830 4122 hoe
853 4067 973 4138 negotio
994 4066 1155 4142 opponitur
1171 4065 1435 4146 condemnationi,

229 4142 246 4168 “
261 4133 334 4200 Quis
348 4137 508 4197 intentabit
521 4141 646 4197 crimina
658 4143 799 4199 adversus
814 4143 932 4200 Electos
946 4143 1023 4202 Dete
1065 4143 1146 4202 Deus
1160 4145 1265 4220 estqui
1275 4145 1434 4221 justificat,

228 4214 296 4287 quis
312 4222 356 4270 est
369 4215 423 4288 qui
436 4219 614 4274 condemnet
626 4221 656 4276 t'’
678 4220 765 4277 Rom.
780 4221 841 4279 viii.
857 4221 904 4278 33.
947 4219 991 4278 Ut
1007 4241 1078 4296 ergo
1092 4224 1240 4281 accusatio
1251 4231 1281 4280 et
1295 4224 1436 4282 cendem-

228 4291 309 4348 natio
324 4309 383 4348 non
398 4294 432 4349 fit
444 4294 500 4351 nisi
515 4296 546 4351 in
556 4296 689 4370 judicio;
706 4297 756 4354 Ita
769 4315 823 4354 nec
832 4299 1014 4371 justificatio.
1045 4299 1076 4358 N
1078 4295 1111 4358 ee
1119 4301 1233 4377 concipi
1247 4309 1345 4377 potest
1358 4321 1435 4380 quo-

228 4371 317 4426 modo
333 4369 414 4426 Deus
428 4372 520 4445 possit
539 4373 597 4429 dici
611 4375 808 4432 condemnare
822 4384 876 4433 eut
894 4376 1066 4450 justificare,
1089 4380 1146 4436 nisi
1160 4381 1208 4436 vel
1230 4381 1434 4454 adjudicando

226 4449 264 4503 ed
279 4465 404 4520 poenam,
418 4449 467 4504 vel
481 4451 519 4506 ab
533 4467 568 4507 ee
577 4450 761 4523 judicialiter
775 4470 829 4509 noa
843 4454 1035 4526 absolvendo,
1050 4459 1132 4530 quod
1146 4457 1271 4516 Toletus
1284 4458 1372 4516 fateri
1386 4479 1436 4517 ec-

226 4524 308 4612 gitur
322 4525 352 4579 in
367 4525 395 4580 h.
410 4525 430 4580 l.
444 4547 450 4598 ;
474 4533 491 4559 “
500 4526 522 4582 J
524 4528 689 4584 ustificandi
703 4529 827 4585 verbum
841 4531 872 4586 in
886 4533 944 4589 hoc
958 4534 1023 4590 loco
1037 4534 1069 4590 in
1082 4553 1119 4592 ea
1131 4535 1346 4608 significatione
1360 4540 1436 4596 acci-

227 4606 315 4670 pitur,
331 4619 397 4671 quae
412 4609 457 4658 est
470 4605 605 4675 opposita
618 4606 772 4678 antitheto,
788 4606 929 4666 nutrirem
944 4611 1192 4684 condemnationi,
1205 4621 1240 4670 ut
1252 4615 1331 4672 idem
1353 4617 1393 4674 sit
1404 4617 1436 4674 in

243 1507 331 1582 Status
352 1509 438 1582 ,Quies-

304 1577 385 1614 tronis.
