<?xml version="1.0" encoding="UTF-8"?>
<!DOCTYPE html PUBLIC "-//W3C//DTD XHTML 1.0 Transitional//EN"
    "http://www.w3.org/TR/xhtml1/DTD/xhtml1-transitional.dtd">
<html xmlns="http://www.w3.org/1999/xhtml" xml:lang="en" lang="en">
 <head>
  <title>
</title>
<meta http-equiv="Content-Type" content="text/html;charset=utf-8" />
  <meta name='ocr-system' content='tesseract 3.04.00' />
  <meta name='ocr-capabilities' content='ocr_page ocr_carea ocr_par ocr_line ocrx_word'/>
</head>
<body>
  <div class='ocr_page' id='page_1' title='image "./francisciturret00pictgoog_0387.png"; bbox 0 0 3192 5206; ppageno 0'>
   <div class='ocr_carea' id='block_1_1' title="bbox 257 310 1474 394">
    <p class='ocr_par' dir='ltr' id='par_1_1' title="bbox 257 310 1474 394">
     <span class='ocr_line' id='line_1_1' title="bbox 257 310 1474 394; baseline -0.003 -20"><span class='ocrx_word' id='word_1_1' title='bbox 257 316 315 374; x_wconf 81' lang='lat'>356</span> <span class='ocrx_word' id='word_1_2' title='bbox 661 331 753 371; x_wconf 81' lang='lat' dir='ltr'>nocua</span> <span class='ocrx_word' id='word_1_3' title='bbox 768 330 897 372; x_wconf 80' lang='lat' dir='ltr'>nacmua</span> <span class='ocrx_word' id='word_1_4' title='bbox 911 329 1057 379; x_wconf 75' lang='lat' dir='ltr'>cusanus.</span> <span class='ocrx_word' id='word_1_5' title='bbox 1259 310 1387 394; x_wconf 70' lang='lat' dir='ltr'>[ouran.</span> <span class='ocrx_word' id='word_1_6' title='bbox 1404 329 1474 371; x_wconf 78' lang='grc' dir='ltr'>ιιιιι.</span> 
     </span>
    </p>
   </div>
   <div class='ocr_carea' id='block_1_2' title="bbox 257 469 1476 1408">
    <p class='ocr_par' dir='ltr' id='par_1_2' title="bbox 257 469 1476 1347">
     <span class='ocr_line' id='line_1_2' title="bbox 261 469 1473 549; baseline -0.002 -16"><span class='ocrx_word' id='word_1_7' title='bbox 261 473 378 533; x_wconf 88' lang='lat' dir='ltr'>Smalci.</span> <span class='ocrx_word' id='word_1_8' title='bbox 400 471 451 531; x_wconf 86' lang='lat' dir='ltr'>lib.</span> <span class='ocrx_word' id='word_1_9' title='bbox 476 469 513 530; x_wconf 91' lang='lat' dir='ltr'>de</span> <span class='ocrx_word' id='word_1_10' title='bbox 536 470 697 530; x_wconf 86' lang='lat' dir='ltr'>Divinitate</span> <span class='ocrx_word' id='word_1_11' title='bbox 717 471 833 546; x_wconf 79' lang='lat' dir='ltr'>Christi,</span> <span class='ocrx_word' id='word_1_12' title='bbox 858 491 922 549; x_wconf 89' lang='lat' dir='ltr'>cap.</span> <span class='ocrx_word' id='word_1_13' title='bbox 942 473 989 546; x_wconf 89' lang='grc'>23,</span> <span class='ocrx_word' id='word_1_14' title='bbox 1014 470 1131 530; x_wconf 85' lang='lat' dir='ltr'>Volkel.</span> <span class='ocrx_word' id='word_1_15' title='bbox 1145 471 1196 530; x_wconf 91' lang='lat' dir='ltr'>lib.</span> <span class='ocrx_word' id='word_1_16' title='bbox 1221 472 1262 530; x_wconf 91' lang='grc' dir='ltr'>ιιι.</span> <span class='ocrx_word' id='word_1_17' title='bbox 1285 477 1335 531; x_wconf 83' lang='grc'>37.</span> <span class='ocrx_word' id='word_1_18' title='bbox 1359 472 1473 547; x_wconf 84' lang='grc' dir='ltr'>Ριιιιιο,</span> 
     </span>
     <span class='ocr_line' id='line_1_3' title="bbox 258 549 1475 631; baseline -0.002 -19"><span class='ocrx_word' id='word_1_19' title='bbox 258 561 366 631; x_wconf 88' lang='lat' dir='ltr'>negant</span> <span class='ocrx_word' id='word_1_20' title='bbox 391 553 537 610; x_wconf 76' lang='lat' dir='ltr'>Christum</span> <span class='ocrx_word' id='word_1_21' title='bbox 550 551 664 628; x_wconf 82' lang='lat' dir='ltr'>proprie</span> <span class='ocrx_word' id='word_1_22' title='bbox 678 550 767 609; x_wconf 85' lang='lat' dir='ltr'>fuisse</span> <span class='ocrx_word' id='word_1_23' title='bbox 783 551 976 625; x_wconf 78' lang='lat' dir='ltr'>Sacerdotem,</span> <span class='ocrx_word' id='word_1_24' title='bbox 999 549 1051 609; x_wconf 89' lang='lat' dir='ltr'>sed</span> <span class='ocrx_word' id='word_1_25' title='bbox 1074 559 1185 610; x_wconf 87' lang='lat' dir='ltr'>tantum</span> <span class='ocrx_word' id='word_1_26' title='bbox 1208 551 1250 610; x_wconf 90' lang='lat' dir='ltr'>ita</span> <span class='ocrx_word' id='word_1_27' title='bbox 1273 551 1331 610; x_wconf 89' lang='lat' dir='ltr'>dici</span> <span class='ocrx_word' id='word_1_28' title='bbox 1345 551 1475 628; x_wconf 87' lang='lat' dir='ltr'>figurate</span> 
     </span>
     <span class='ocr_line' id='line_1_4' title="bbox 258 629 1476 709; baseline -0.002 -17"><span class='ocrx_word' id='word_1_29' title='bbox 258 642 287 692; x_wconf 92' lang='lat' dir='ltr'>et</span> <span class='ocrx_word' id='word_1_30' title='bbox 301 632 469 709; x_wconf 84' lang='lat' dir='ltr'>analogice;</span> <span class='ocrx_word' id='word_1_31' title='bbox 493 631 554 690; x_wconf 88' lang='lat' dir='ltr'>Nec</span> <span class='ocrx_word' id='word_1_32' title='bbox 567 631 652 689; x_wconf 87' lang='lat' dir='ltr'>aliter</span> <span class='ocrx_word' id='word_1_33' title='bbox 665 629 778 688; x_wconf 83' lang='lat' dir='ltr'>differre</span> <span class='ocrx_word' id='word_1_34' title='bbox 792 631 848 689; x_wconf 93' lang='lat' dir='ltr'>hoc</span> <span class='ocrx_word' id='word_1_35' title='bbox 863 649 967 689; x_wconf 90' lang='lat' dir='ltr'>munus</span> <span class='ocrx_word' id='word_1_36' title='bbox 987 650 1006 687; x_wconf 92' lang='lat' dir='ltr'>a</span> <span class='ocrx_word' id='word_1_37' title='bbox 1020 631 1132 708; x_wconf 85' lang='lat' dir='ltr'>Regno,</span> <span class='ocrx_word' id='word_1_38' title='bbox 1147 651 1234 708; x_wconf 88' lang='lat' dir='ltr'>quam</span> <span class='ocrx_word' id='word_1_39' title='bbox 1247 630 1327 708; x_wconf 92' lang='lat' dir='ltr'>quod</span> <span class='ocrx_word' id='word_1_40' title='bbox 1338 631 1420 690; x_wconf 90' lang='lat' dir='ltr'>istud</span> <span class='ocrx_word' id='word_1_41' title='bbox 1434 633 1476 690; x_wconf 90' lang='lat' dir='ltr'>sit</span> 
     </span>
     <span class='ocr_line' id='line_1_5' title="bbox 257 709 1474 788; baseline -0.001 -17"><span class='ocrx_word' id='word_1_42' title='bbox 257 712 389 785; x_wconf 77' lang='lat' dir='ltr'><strong>facultas,</strong></span> <span class='ocrx_word' id='word_1_43' title='bbox 405 711 479 769; x_wconf 90' lang='lat' dir='ltr'>illud</span> <span class='ocrx_word' id='word_1_44' title='bbox 498 730 568 768; x_wconf 82' lang='lat' dir='ltr'>vero</span> <span class='ocrx_word' id='word_1_45' title='bbox 582 710 718 768; x_wconf 83' lang='lat' dir='ltr'>voluntas</span> <span class='ocrx_word' id='word_1_46' title='bbox 740 709 825 768; x_wconf 89' lang='lat' dir='ltr'>nobis</span> <span class='ocrx_word' id='word_1_47' title='bbox 852 709 1051 784; x_wconf 84' lang='lat' dir='ltr'>subveniendi,</span> <span class='ocrx_word' id='word_1_48' title='bbox 1074 710 1154 787; x_wconf 91' lang='lat' dir='ltr'>quod</span> <span class='ocrx_word' id='word_1_49' title='bbox 1175 721 1209 770; x_wconf 91' lang='lat' dir='ltr'>ut</span> <span class='ocrx_word' id='word_1_50' title='bbox 1235 731 1288 769; x_wconf 86' lang='lat' dir='ltr'>rex</span> <span class='ocrx_word' id='word_1_51' title='bbox 1308 711 1413 788; x_wconf 81' lang='lat' dir='ltr'>possit,</span> <span class='ocrx_word' id='word_1_52' title='bbox 1439 721 1474 770; x_wconf 89' lang='lat' dir='ltr'>ut</span> 
     </span>
     <span class='ocr_line' id='line_1_6' title="bbox 257 788 1475 866; baseline -0.002 -15"><span class='ocrx_word' id='word_1_53' title='bbox 257 790 393 851; x_wconf 77' lang='lat' dir='ltr'>sacerdos</span> <span class='ocrx_word' id='word_1_54' title='bbox 407 791 479 848; x_wconf 84' lang='lat' dir='ltr'>velit</span> <span class='ocrx_word' id='word_1_55' title='bbox 492 790 579 848; x_wconf 87' lang='lat' dir='ltr'>etiam</span> <span class='ocrx_word' id='word_1_56' title='bbox 600 789 684 847; x_wconf 88' lang='lat' dir='ltr'>nobis</span> <span class='ocrx_word' id='word_1_57' title='bbox 698 788 842 866; x_wconf 87' lang='lat' dir='ltr'>opitulari.</span> <span class='ocrx_word' id='word_1_58' title='bbox 886 789 1028 864; x_wconf 90' lang='lat' dir='ltr'>Secundo,</span> <span class='ocrx_word' id='word_1_59' title='bbox 1044 798 1175 849; x_wconf 85' lang='lat' dir='ltr'>statuunt</span> <span class='ocrx_word' id='word_1_60' title='bbox 1206 790 1386 849; x_wconf 84' lang='lat' dir='ltr'>sacerdotem</span> <span class='ocrx_word' id='word_1_61' title='bbox 1411 811 1475 850; x_wconf 90' lang='lat' dir='ltr'>non</span> 
     </span>
     <span class='ocr_line' id='line_1_7' title="bbox 258 868 1473 947; baseline -0.001 -18"><span class='ocrx_word' id='word_1_62' title='bbox 258 872 347 930; x_wconf 83' lang='lat' dir='ltr'>fuisse</span> <span class='ocrx_word' id='word_1_63' title='bbox 361 871 392 928; x_wconf 90' lang='lat' dir='ltr'>in</span> <span class='ocrx_word' id='word_1_64' title='bbox 405 878 489 944; x_wconf 86' lang='lat' dir='ltr'>terra,</span> <span class='ocrx_word' id='word_1_65' title='bbox 506 869 558 927; x_wconf 89' lang='lat' dir='ltr'>sed</span> <span class='ocrx_word' id='word_1_66' title='bbox 571 869 679 929; x_wconf 87' lang='lat' dir='ltr'>factum</span> <span class='ocrx_word' id='word_1_67' title='bbox 693 868 808 928; x_wconf 89' lang='lat' dir='ltr'>demum</span> <span class='ocrx_word' id='word_1_68' title='bbox 823 888 886 927; x_wconf 82' lang='lat' dir='ltr'>esse</span> <span class='ocrx_word' id='word_1_69' title='bbox 900 870 930 927; x_wconf 91' lang='grc' dir='ltr'>ιιι</span> <span class='ocrx_word' id='word_1_70' title='bbox 941 869 1030 944; x_wconf 83' lang='lat' dir='ltr'>coelis,</span> <span class='ocrx_word' id='word_1_71' title='bbox 1046 878 1076 928; x_wconf 90' lang='lat' dir='ltr'>et</span> <span class='ocrx_word' id='word_1_72' title='bbox 1094 877 1215 928; x_wconf 91' lang='lat' dir='ltr'>mortem</span> <span class='ocrx_word' id='word_1_73' title='bbox 1230 871 1293 947; x_wconf 88' lang='lat' dir='ltr'>ejus</span> <span class='ocrx_word' id='word_1_74' title='bbox 1306 889 1366 930; x_wconf 87' lang='lat' dir='ltr'>non</span> <span class='ocrx_word' id='word_1_75' title='bbox 1379 870 1473 928; x_wconf 82' lang='lat' dir='ltr'>luisse</span> 
     </span>
     <span class='ocr_line' id='line_1_8' title="bbox 258 948 1473 1026; baseline 0 -16"><span class='ocrx_word' id='word_1_76' title='bbox 258 951 434 1010; x_wconf 85' lang='lat' dir='ltr'>oblationem</span> <span class='ocrx_word' id='word_1_77' title='bbox 445 969 497 1008; x_wconf 89' lang='lat' dir='ltr'>seu</span> <span class='ocrx_word' id='word_1_78' title='bbox 511 949 682 1007; x_wconf 87' lang='lat' dir='ltr'>sacrificium</span> <span class='ocrx_word' id='word_1_79' title='bbox 693 948 755 1006; x_wconf 88' lang='lat' dir='ltr'>vari</span> <span class='ocrx_word' id='word_1_80' title='bbox 769 948 901 1022; x_wconf 86' lang='lat' dir='ltr'>nominis,</span> <span class='ocrx_word' id='word_1_81' title='bbox 914 949 966 1006; x_wconf 86' lang='lat' dir='ltr'>sed</span> <span class='ocrx_word' id='word_1_82' title='bbox 975 949 1213 1025; x_wconf 75' lang='lat' dir='ltr'>praeparationem</span> <span class='ocrx_word' id='word_1_83' title='bbox 1227 949 1374 1026; x_wconf 87' lang='lat' dir='ltr'>quandam</span> <span class='ocrx_word' id='word_1_84' title='bbox 1385 951 1473 1009; x_wconf 81' lang='lat' dir='ltr'>istius</span> 
     </span>
     <span class='ocr_line' id='line_1_9' title="bbox 259 1027 1473 1105; baseline -0.002 -15"><span class='ocrx_word' id='word_1_85' title='bbox 259 1030 413 1090; x_wconf 87' lang='lat' dir='ltr'>sacerdotii</span> <span class='ocrx_word' id='word_1_86' title='bbox 440 1028 573 1086; x_wconf 72' lang='lat' dir='ltr'>incudis</span> <span class='ocrx_word' id='word_1_87' title='bbox 601 1027 716 1086; x_wconf 92' lang='lat' dir='ltr'>demum</span> <span class='ocrx_word' id='word_1_88' title='bbox 731 1027 960 1086; x_wconf 86' lang='lat' dir='ltr'>administrandi.</span> <span class='ocrx_word' id='word_1_89' title='bbox 1002 1028 1108 1104; x_wconf 87' lang='lat' dir='ltr'>Tertio,</span> <span class='ocrx_word' id='word_1_90' title='bbox 1138 1029 1248 1086; x_wconf 90' lang='lat' dir='ltr'>nullam</span> <span class='ocrx_word' id='word_1_91' title='bbox 1271 1030 1473 1105; x_wconf 68' lang='lat' dir='ltr'>expiationem</span> 
     </span>
     <span class='ocr_line' id='line_1_10' title="bbox 257 1105 1473 1188; baseline -0.001 -19"><span class='ocrx_word' id='word_1_92' title='bbox 257 1119 439 1188; x_wconf 88' lang='lat' dir='ltr'>peccatorum</span> <span class='ocrx_word' id='word_1_93' title='bbox 458 1108 560 1167; x_wconf 86' lang='lat' dir='ltr'>fecisse</span> <span class='ocrx_word' id='word_1_94' title='bbox 578 1126 630 1184; x_wconf 89' lang='lat' dir='ltr'>per</span> <span class='ocrx_word' id='word_1_95' title='bbox 650 1107 821 1166; x_wconf 85' lang='lat' dir='ltr'>sacrificium</span> <span class='ocrx_word' id='word_1_96' title='bbox 842 1105 960 1183; x_wconf 87' lang='lat' dir='ltr'>aliquod</span> <span class='ocrx_word' id='word_1_97' title='bbox 974 1107 1004 1164; x_wconf 88' lang='grc' dir='ltr'>ιιι</span> <span class='ocrx_word' id='word_1_98' title='bbox 1018 1117 1094 1166; x_wconf 90' lang='lat' dir='ltr'>terra</span> <span class='ocrx_word' id='word_1_99' title='bbox 1107 1107 1244 1184; x_wconf 90' lang='lat' dir='ltr'>oblatum,</span> <span class='ocrx_word' id='word_1_100' title='bbox 1260 1108 1312 1166; x_wconf 83' lang='lat' dir='ltr'>aad</span> <span class='ocrx_word' id='word_1_101' title='bbox 1326 1108 1473 1186; x_wconf 85' lang='lat' dir='ltr'>expiatio·</span> 
     </span>
     <span class='ocr_line' id='line_1_11' title="bbox 258 1186 1473 1267; baseline -0.001 -19"><span class='ocrx_word' id='word_1_102' title='bbox 258 1210 333 1264; x_wconf 89' lang='lat' dir='ltr'>nem,</span> <span class='ocrx_word' id='word_1_103' title='bbox 350 1209 414 1267; x_wconf 91' lang='lat' dir='ltr'>quae</span> <span class='ocrx_word' id='word_1_104' title='bbox 428 1189 459 1246; x_wconf 90' lang='lat' dir='ltr'>iu</span> <span class='ocrx_word' id='word_1_105' title='bbox 483 1187 564 1245; x_wconf 90' lang='lat' dir='ltr'>coelis</span> <span class='ocrx_word' id='word_1_106' title='bbox 586 1186 741 1263; x_wconf 74' lang='lat' dir='ltr'>peragitur,</span> <span class='ocrx_word' id='word_1_107' title='bbox 765 1205 829 1244; x_wconf 84' lang='lat' dir='ltr'>esse</span> <span class='ocrx_word' id='word_1_108' title='bbox 850 1186 941 1245; x_wconf 82' lang='lat' dir='ltr'>nostri</span> <span class='ocrx_word' id='word_1_109' title='bbox 954 1186 1162 1262; x_wconf 79' lang='lat' dir='ltr'>liberationem,</span> <span class='ocrx_word' id='word_1_110' title='bbox 1178 1195 1239 1245; x_wconf 92' lang='lat' dir='ltr'>tum</span> <span class='ocrx_word' id='word_1_111' title='bbox 1264 1207 1281 1246; x_wconf 93' lang='lat' dir='ltr'>a</span> <span class='ocrx_word' id='word_1_112' title='bbox 1302 1189 1408 1264; x_wconf 87' lang='lat' dir='ltr'>poenis,</span> <span class='ocrx_word' id='word_1_113' title='bbox 1435 1209 1473 1248; x_wconf 89' lang='lat' dir='ltr'>ne</span> 
     </span>
     <span class='ocr_line' id='line_1_12' title="bbox 258 1266 1225 1347; baseline -0.003 -19"><span class='ocrx_word' id='word_1_114' title='bbox 258 1277 375 1347; x_wconf 88' lang='lat' dir='ltr'>propter</span> <span class='ocrx_word' id='word_1_115' title='bbox 389 1275 507 1344; x_wconf 88' lang='lat' dir='ltr'>peccata</span> <span class='ocrx_word' id='word_1_116' title='bbox 521 1266 698 1339; x_wconf 88' lang='lat' dir='ltr'>damnemur,</span> <span class='ocrx_word' id='word_1_117' title='bbox 714 1273 775 1324; x_wconf 91' lang='lat' dir='ltr'>tum</span> <span class='ocrx_word' id='word_1_118' title='bbox 787 1285 804 1322; x_wconf 92' lang='lat' dir='ltr'>a</span> <span class='ocrx_word' id='word_1_119' title='bbox 817 1266 944 1342; x_wconf 88' lang='lat' dir='ltr'>peccatis</span> <span class='ocrx_word' id='word_1_120' title='bbox 958 1286 994 1324; x_wconf 90' lang='lat' dir='ltr'>ne</span> <span class='ocrx_word' id='word_1_121' title='bbox 1005 1266 1041 1324; x_wconf 94' lang='lat' dir='ltr'>iis</span> <span class='ocrx_word' id='word_1_122' title='bbox 1055 1268 1225 1326; x_wconf 86' lang='lat' dir='ltr'>serviamus.</span> 
     </span>
    </p>

    <p class='ocr_par' dir='ltr' id='par_1_3' title="bbox 300 1345 1472 1408">
     <span class='ocr_line' id='line_1_13' title="bbox 300 1345 1472 1408; baseline -0.001 -2"><span class='ocrx_word' id='word_1_123' title='bbox 300 1349 355 1406; x_wconf 86' lang='lat' dir='ltr'>IV.</span> <span class='ocrx_word' id='word_1_124' title='bbox 378 1345 541 1408; x_wconf 88' lang='lat' dir='ltr'>Orthodoxi</span> <span class='ocrx_word' id='word_1_125' title='bbox 556 1364 625 1404; x_wconf 90' lang='lat' dir='ltr'>vero</span> <span class='ocrx_word' id='word_1_126' title='bbox 649 1354 815 1404; x_wconf 74' lang='lat' dir='ltr'>constanter</span> <span class='ocrx_word' id='word_1_127' title='bbox 828 1345 970 1404; x_wconf 91' lang='lat' dir='ltr'>affirmant</span> <span class='ocrx_word' id='word_1_128' title='bbox 996 1345 1142 1404; x_wconf 80' lang='lat' dir='ltr'>Christum</span> <span class='ocrx_word' id='word_1_129' title='bbox 1168 1366 1233 1404; x_wconf 88' lang='lat' dir='ltr'>esse</span> <span class='ocrx_word' id='word_1_130' title='bbox 1255 1345 1318 1404; x_wconf 80' lang='lat' dir='ltr'>veri</span> <span class='ocrx_word' id='word_1_131' title='bbox 1341 1346 1472 1405; x_wconf 89' lang='lat' dir='ltr'>nominis</span> 
     </span>
    </p>
   </div>
   <div class='ocr_carea' id='block_1_3' title="bbox 258 1423 1570 1584">
    <p class='ocr_par' dir='ltr' id='par_1_4' title="bbox 258 1423 1570 1584">
     <span class='ocr_line' id='line_1_14' title="bbox 261 1423 1570 1502; baseline -0.005 -14"><span class='ocrx_word' id='word_1_132' title='bbox 261 1427 454 1501; x_wconf 74' lang='lat' dir='ltr'>Sacerdotem,</span> <span class='ocrx_word' id='word_1_133' title='bbox 470 1435 500 1483; x_wconf 88' lang='lat' dir='ltr'>et</span> <span class='ocrx_word' id='word_1_134' title='bbox 514 1426 576 1500; x_wconf 87' lang='lat' dir='ltr'>ejus</span> <span class='ocrx_word' id='word_1_135' title='bbox 593 1423 790 1482; x_wconf 77' lang='lat' dir='ltr'>Sacerdotium</span> <span class='ocrx_word' id='word_1_136' title='bbox 805 1424 919 1501; x_wconf 89' lang='lat' dir='ltr'>proprie</span> <span class='ocrx_word' id='word_1_137' title='bbox 939 1424 1047 1483; x_wconf 88' lang='lat' dir='ltr'>dictum</span> <span class='ocrx_word' id='word_1_138' title='bbox 1057 1425 1258 1500; x_wconf 88' lang='lat' dir='ltr'>sacerdotium,</span> <span class='ocrx_word' id='word_1_139' title='bbox 1270 1425 1349 1502; x_wconf 92' lang='lat' dir='ltr'>quod</span> <span class='ocrx_word' id='word_1_140' title='bbox 1362 1427 1472 1502; x_wconf 86' lang='lat' dir='ltr'>partim</span> <span class='ocrx_word' id='word_1_141' title='bbox 1569 1445 1570 1482; x_wconf 78' lang='grc' dir='ltr'>ι</span> 
     </span>
     <span class='ocr_line' id='line_1_15' title="bbox 258 1504 1570 1584; baseline -0.004 -17"><span class='ocrx_word' id='word_1_142' title='bbox 258 1508 289 1566; x_wconf 91' lang='grc' dir='ltr'>ιιι</span> <span class='ocrx_word' id='word_1_143' title='bbox 303 1508 387 1567; x_wconf 88' lang='lat' dir='ltr'>terris</span> <span class='ocrx_word' id='word_1_144' title='bbox 401 1505 514 1584; x_wconf 82' lang='lat' dir='ltr'>peregit</span> <span class='ocrx_word' id='word_1_145' title='bbox 527 1523 579 1580; x_wconf 91' lang='lat' dir='ltr'>per</span> <span class='ocrx_word' id='word_1_146' title='bbox 592 1504 768 1562; x_wconf 89' lang='lat' dir='ltr'>oblationem</span> <span class='ocrx_word' id='word_1_147' title='bbox 781 1504 915 1580; x_wconf 88' lang='lat' dir='ltr'>Corporis</span> <span class='ocrx_word' id='word_1_148' title='bbox 930 1504 983 1578; x_wconf 87' lang='lat' dir='ltr'>sui,</span> <span class='ocrx_word' id='word_1_149' title='bbox 999 1513 1029 1563; x_wconf 90' lang='lat' dir='ltr'>et</span> <span class='ocrx_word' id='word_1_150' title='bbox 1042 1525 1143 1564; x_wconf 82' lang='lat' dir='ltr'>rerum</span> <span class='ocrx_word' id='word_1_151' title='bbox 1157 1524 1191 1562; x_wconf 88' lang='lat' dir='ltr'>ac</span> <span class='ocrx_word' id='word_1_152' title='bbox 1205 1505 1282 1563; x_wconf 86' lang='lat' dir='ltr'>reale</span> <span class='ocrx_word' id='word_1_153' title='bbox 1296 1505 1471 1564; x_wconf 89' lang='lat' dir='ltr'>sacrificium</span> <span class='ocrx_word' id='word_1_154' title='bbox 1569 1511 1570 1546; x_wconf 68' lang='lat'><em>³</em></span> 
     </span>
    </p>
   </div>
   <div class='ocr_carea' id='block_1_4' title="bbox 258 1583 1473 1744">
    <p class='ocr_par' dir='ltr' id='par_1_5' title="bbox 258 1583 1473 1744">
     <span class='ocr_line' id='line_1_16' title="bbox 258 1583 1471 1665; baseline -0.003 -18"><span class='ocrx_word' id='word_1_155' title='bbox 258 1587 296 1646; x_wconf 88' lang='lat' dir='ltr'>ad</span> <span class='ocrx_word' id='word_1_156' title='bbox 309 1587 504 1665; x_wconf 84' lang='lat' dir='ltr'>expiationem</span> <span class='ocrx_word' id='word_1_157' title='bbox 524 1591 707 1660; x_wconf 91' lang='lat' dir='ltr'>peccatorum</span> <span class='ocrx_word' id='word_1_158' title='bbox 726 1592 897 1658; x_wconf 88' lang='lat' dir='ltr'>nostrorum,</span> <span class='ocrx_word' id='word_1_159' title='bbox 923 1583 1076 1660; x_wconf 87' lang='lat' dir='ltr'>partimin</span> <span class='ocrx_word' id='word_1_160' title='bbox 1101 1584 1192 1650; x_wconf 75' lang='lat' dir='ltr'>coelis,</span> <span class='ocrx_word' id='word_1_161' title='bbox 1206 1584 1319 1661; x_wconf 89' lang='lat' dir='ltr'>peragit</span> <span class='ocrx_word' id='word_1_162' title='bbox 1345 1585 1471 1644; x_wconf 86' lang='lat' dir='ltr'>interce-</span> 
     </span>
     <span class='ocr_line' id='line_1_17' title="bbox 258 1661 1473 1744; baseline -0.002 -18"><span class='ocrx_word' id='word_1_163' title='bbox 258 1666 353 1726; x_wconf 89' lang='lat' dir='ltr'>dendo</span> <span class='ocrx_word' id='word_1_164' title='bbox 367 1687 419 1744; x_wconf 93' lang='lat' dir='ltr'>pro</span> <span class='ocrx_word' id='word_1_165' title='bbox 433 1665 525 1737; x_wconf 87' lang='lat' dir='ltr'>nobis,</span> <span class='ocrx_word' id='word_1_166' title='bbox 541 1672 574 1722; x_wconf 91' lang='lat' dir='ltr'>ut</span> <span class='ocrx_word' id='word_1_167' title='bbox 587 1663 628 1721; x_wconf 85' lang='lat' dir='ltr'>ita</span> <span class='ocrx_word' id='word_1_168' title='bbox 644 1662 842 1721; x_wconf 84' lang='lat' dir='ltr'>Sacerdotium</span> <span class='ocrx_word' id='word_1_169' title='bbox 856 1683 874 1721; x_wconf 91' lang='lat' dir='ltr'>a</span> <span class='ocrx_word' id='word_1_170' title='bbox 888 1663 992 1740; x_wconf 89' lang='lat' dir='ltr'>Regno</span> <span class='ocrx_word' id='word_1_171' title='bbox 1006 1662 1201 1740; x_wconf 86' lang='lat' dir='ltr'>distinguatur</span> <span class='ocrx_word' id='word_1_172' title='bbox 1214 1661 1381 1738; x_wconf 83' lang='lat' dir='ltr'>formaliter,</span> <span class='ocrx_word' id='word_1_173' title='bbox 1397 1664 1473 1723; x_wconf 90' lang='lat' dir='ltr'>illud</span> 
     </span>
    </p>
   </div>
   <div class='ocr_carea' id='block_1_5' title="bbox 258 1742 1569 1824">
    <p class='ocr_par' dir='ltr' id='par_1_6' title="bbox 258 1742 1569 1824">
     <span class='ocr_line' id='line_1_18' title="bbox 258 1742 1569 1824; baseline -0.002 -19"><span class='ocrx_word' id='word_1_174' title='bbox 258 1747 404 1806; x_wconf 88' lang='lat' dir='ltr'>oblatione</span> <span class='ocrx_word' id='word_1_175' title='bbox 415 1743 548 1805; x_wconf 87' lang='lat' dir='ltr'>sacrificii</span> <span class='ocrx_word' id='word_1_176' title='bbox 562 1751 591 1801; x_wconf 89' lang='lat' dir='ltr'>at</span> <span class='ocrx_word' id='word_1_177' title='bbox 601 1743 806 1801; x_wconf 88' lang='lat' dir='ltr'>intercessione</span> <span class='ocrx_word' id='word_1_178' title='bbox 820 1751 964 1815; x_wconf 83' lang='lat' dir='ltr'>constans,</span> <span class='ocrx_word' id='word_1_179' title='bbox 974 1742 1029 1800; x_wconf 93' lang='lat' dir='ltr'>hoc</span> <span class='ocrx_word' id='word_1_180' title='bbox 1044 1742 1251 1819; x_wconf 86' lang='lat' dir='ltr'>gubernatione</span> <span class='ocrx_word' id='word_1_181' title='bbox 1261 1752 1290 1802; x_wconf 92' lang='lat' dir='ltr'>et</span> <span class='ocrx_word' id='word_1_182' title='bbox 1301 1742 1470 1802; x_wconf 82' lang='lat' dir='ltr'>defensione</span> <span class='ocrx_word' id='word_1_183' title='bbox 1562 1776 1569 1824; x_wconf 80' lang='lat'>¹.</span> 
     </span>
    </p>
   </div>
   <div class='ocr_carea' id='block_1_6' title="bbox 191 1821 1474 4277">
    <p class='ocr_par' dir='ltr' id='par_1_7' title="bbox 257 1821 1471 2058">
     <span class='ocr_line' id='line_1_19' title="bbox 258 1821 1175 1905; baseline -0.007 -20"><span class='ocrx_word' id='word_1_184' title='bbox 258 1826 358 1905; x_wconf 88' lang='lat' dir='ltr'>populi</span> <span class='ocrx_word' id='word_1_185' title='bbox 372 1845 423 1903; x_wconf 89' lang='lat' dir='ltr'>per</span> <span class='ocrx_word' id='word_1_186' title='bbox 437 1822 612 1884; x_wconf 88' lang='lat' dir='ltr'>oblationem</span> <span class='ocrx_word' id='word_1_187' title='bbox 626 1822 769 1899; x_wconf 87' lang='lat' dir='ltr'>acquisiti,</span> <span class='ocrx_word' id='word_1_188' title='bbox 786 1822 864 1898; x_wconf 91' lang='lat' dir='ltr'>quod</span> <span class='ocrx_word' id='word_1_189' title='bbox 878 1821 1014 1880; x_wconf 86' lang='lat' dir='ltr'>distincte</span> <span class='ocrx_word' id='word_1_190' title='bbox 1028 1822 1175 1898; x_wconf 90' lang='lat' dir='ltr'>probatur.</span> 
     </span>
     <span class='ocr_line' id='line_1_20' title="bbox 257 1944 1471 2058; baseline -0.007 -10"><span class='ocrx_word' id='word_1_191' title='bbox 257 1944 501 2048; x_wconf 51' lang='lat' dir='ltr'>lpplrspetaffipp</span> <span class='ocrx_word' id='word_1_192' title='bbox 521 1981 572 2058; x_wconf 92' lang='lat' dir='ltr'>qui</span> <span class='ocrx_word' id='word_1_193' title='bbox 585 1981 698 2057; x_wconf 90' lang='lat' dir='ltr'>proprie</span> <span class='ocrx_word' id='word_1_194' title='bbox 713 1979 820 2039; x_wconf 90' lang='lat' dir='ltr'>dictum</span> <span class='ocrx_word' id='word_1_195' title='bbox 836 1981 1007 2039; x_wconf 82' lang='lat' dir='ltr'>sacrificium</span> <span class='ocrx_word' id='word_1_196' title='bbox 1018 1981 1162 2053; x_wconf 83' lang='lat' dir='ltr'>obtulerit,</span> <span class='ocrx_word' id='word_1_197' title='bbox 1178 1987 1277 2057; x_wconf 85' lang='lat' dir='ltr'>patet:</span> <span class='ocrx_word' id='word_1_198' title='bbox 1293 1983 1320 2039; x_wconf 92' lang='lat'>1.</span> <span class='ocrx_word' id='word_1_199' title='bbox 1333 1981 1409 2055; x_wconf 87' lang='lat' dir='ltr'>Quia</span> <span class='ocrx_word' id='word_1_200' title='bbox 1417 2000 1471 2039; x_wconf 83' lang='lat' dir='ltr'>vo-</span> 
     </span>
    </p>

    <p class='ocr_par' dir='ltr' id='par_1_8' title="bbox 191 2059 1474 3309">
     <span class='ocr_line' id='line_1_21' title="bbox 287 2059 1472 2138; baseline 0.002 -20"><span class='ocrx_word' id='word_1_201' title='bbox 287 2067 337 2106; x_wconf 73' lang='lat' dir='ltr'>aem</span> <span class='ocrx_word' id='word_1_202' title='bbox 353 2062 487 2118; x_wconf 62' lang='lat' dir='ltr'>pronatum</span> <span class='ocrx_word' id='word_1_203' title='bbox 522 2068 604 2119; x_wconf 86' lang='lat' dir='ltr'>catur</span> <span class='ocrx_word' id='word_1_204' title='bbox 613 2079 672 2117; x_wconf 90' lang='lat' dir='ltr'>non</span> <span class='ocrx_word' id='word_1_205' title='bbox 686 2059 775 2118; x_wconf 87' lang='lat' dir='ltr'>semel</span> <span class='ocrx_word' id='word_1_206' title='bbox 791 2059 940 2135; x_wconf 84' lang='lat' dir='ltr'>Sacerdos,</span> <span class='ocrx_word' id='word_1_207' title='bbox 958 2059 1092 2118; x_wconf 85' lang='lat' dir='ltr'>Paelex.</span> <span class='ocrx_word' id='word_1_208' title='bbox 1104 2063 1132 2134; x_wconf 82' lang='lat'>4,</span> <span class='ocrx_word' id='word_1_209' title='bbox 1146 2059 1222 2118; x_wconf 89' lang='lat' dir='ltr'>ch.</span> <span class='ocrx_word' id='word_1_210' title='bbox 1237 2080 1267 2118; x_wconf 87' lang='lat' dir='ltr'>v.</span> <span class='ocrx_word' id='word_1_211' title='bbox 1282 2063 1309 2133; x_wconf 81' lang='lat'>5,</span> <span class='ocrx_word' id='word_1_212' title='bbox 1320 2069 1350 2119; x_wconf 87' lang='lat' dir='ltr'>et</span> <span class='ocrx_word' id='word_1_213' title='bbox 1360 2061 1472 2138; x_wconf 79' lang='lat' dir='ltr'>passim</span> 
     </span>
     <span class='ocr_line' id='line_1_22' title="bbox 191 2137 1472 2216; baseline -0.001 -17"><span class='ocrx_word' id='word_1_214' title='bbox 191 2171 194 2180; x_wconf 89' lang='lat'>·</span> <span class='ocrx_word' id='word_1_215' title='bbox 257 2159 320 2216; x_wconf 86' lang='lat' dir='ltr'>cap.</span> <span class='ocrx_word' id='word_1_216' title='bbox 332 2137 392 2213; x_wconf 85' lang='lat' dir='ltr'>vii,</span> <span class='ocrx_word' id='word_1_217' title='bbox 404 2139 474 2212; x_wconf 81' lang='lat' dir='ltr'>viii,</span> <span class='ocrx_word' id='word_1_218' title='bbox 487 2137 538 2213; x_wconf 76' lang='lat' dir='ltr'>ix,</span> <span class='ocrx_word' id='word_1_219' title='bbox 548 2159 587 2214; x_wconf 89' lang='lat' dir='ltr'>x.,</span> <span class='ocrx_word' id='word_1_220' title='bbox 598 2147 627 2197; x_wconf 93' lang='lat' dir='ltr'>et</span> <span class='ocrx_word' id='word_1_221' title='bbox 640 2146 808 2198; x_wconf 88' lang='lat' dir='ltr'>accensetur</span> <span class='ocrx_word' id='word_1_222' title='bbox 819 2139 1187 2216; x_wconf 87' lang='lat' dir='ltr'>Sacerdotibuspropriesic</span> <span class='ocrx_word' id='word_1_223' title='bbox 1201 2138 1295 2213; x_wconf 86' lang='lat' dir='ltr'>dictis,</span> <span class='ocrx_word' id='word_1_224' title='bbox 1307 2139 1385 2198; x_wconf 88' lang='lat' dir='ltr'>Heb.</span> <span class='ocrx_word' id='word_1_225' title='bbox 1396 2159 1425 2196; x_wconf 85' lang='lat' dir='ltr'>v.</span> <span class='ocrx_word' id='word_1_226' title='bbox 1445 2143 1472 2216; x_wconf 92' lang='lat' dir='ltr'>l,</span> 
     </span>
     <span class='ocr_line' id='line_1_23' title="bbox 257 2217 1472 2295; baseline 0.002 -19"><span class='ocrx_word' id='word_1_227' title='bbox 257 2217 734 2294; x_wconf 86' lang='lat' dir='ltr'>quiconstituunturadofferenda</span> <span class='ocrx_word' id='word_1_228' title='bbox 757 2217 884 2292; x_wconf 89' lang='lat' dir='ltr'>donaria,</span> <span class='ocrx_word' id='word_1_229' title='bbox 909 2227 938 2277; x_wconf 87' lang='lat' dir='ltr'>et</span> <span class='ocrx_word' id='word_1_230' title='bbox 964 2217 1003 2276; x_wconf 94' lang='lat' dir='ltr'>ad</span> <span class='ocrx_word' id='word_1_231' title='bbox 1024 2217 1188 2295; x_wconf 89' lang='lat' dir='ltr'>peragenda</span> <span class='ocrx_word' id='word_1_232' title='bbox 1208 2238 1320 2294; x_wconf 84' lang='lat' dir='ltr'>eaquae</span> <span class='ocrx_word' id='word_1_233' title='bbox 1342 2219 1406 2277; x_wconf 88' lang='lat' dir='ltr'>fieri</span> <span class='ocrx_word' id='word_1_234' title='bbox 1434 2219 1472 2279; x_wconf 91' lang='lat' dir='ltr'>de</span> 
     </span>
     <span class='ocr_line' id='line_1_24' title="bbox 256 2295 1470 2374; baseline 0 -19"><span class='ocrx_word' id='word_1_235' title='bbox 256 2297 328 2355; x_wconf 92' lang='lat' dir='ltr'>bent</span> <span class='ocrx_word' id='word_1_236' title='bbox 336 2296 413 2372; x_wconf 89' lang='lat' dir='ltr'>apud</span> <span class='ocrx_word' id='word_1_237' title='bbox 422 2295 526 2354; x_wconf 90' lang='lat' dir='ltr'>Deum.</span> <span class='ocrx_word' id='word_1_238' title='bbox 539 2297 600 2354; x_wconf 90' lang='lat' dir='ltr'>Nec</span> <span class='ocrx_word' id='word_1_239' title='bbox 610 2297 790 2372; x_wconf 87' lang='lat' dir='ltr'>obstatquod</span> <span class='ocrx_word' id='word_1_240' title='bbox 798 2297 1093 2373; x_wconf 82' lang='lat' dir='ltr'>contradictinguatur</span> <span class='ocrx_word' id='word_1_241' title='bbox 1104 2297 1308 2356; x_wconf 87' lang='lat' dir='ltr'>Sacerdotibus</span> <span class='ocrx_word' id='word_1_242' title='bbox 1319 2297 1470 2374; x_wconf 83' lang='lat' dir='ltr'>Leviticia,</span> 
     </span>
     <span class='ocr_line' id='line_1_25' title="bbox 260 2370 1474 2453; baseline 0.001 -20"><span class='ocrx_word' id='word_1_243' title='bbox 260 2375 338 2433; x_wconf 91' lang='lat' dir='ltr'>Heb.</span> <span class='ocrx_word' id='word_1_244' title='bbox 349 2374 409 2448; x_wconf 75' lang='lat' dir='ltr'>vii,</span> <span class='ocrx_word' id='word_1_245' title='bbox 417 2375 521 2447; x_wconf 77' lang='lat' dir='ltr'>etviii,</span> <span class='ocrx_word' id='word_1_246' title='bbox 528 2375 619 2451; x_wconf 92' lang='lat' dir='ltr'>quiaa</span> <span class='ocrx_word' id='word_1_247' title='bbox 629 2370 781 2452; x_wconf 83' lang='lat' dir='ltr'>negatioire</span> <span class='ocrx_word' id='word_1_248' title='bbox 788 2375 1122 2453; x_wconf 84' lang='lat' dir='ltr'>specieiadnegationem</span> <span class='ocrx_word' id='word_1_249' title='bbox 1129 2378 1242 2453; x_wconf 86' lang='lat' dir='ltr'>generis</span> <span class='ocrx_word' id='word_1_250' title='bbox 1252 2397 1311 2435; x_wconf 89' lang='lat' dir='ltr'>non</span> <span class='ocrx_word' id='word_1_251' title='bbox 1316 2377 1396 2436; x_wconf 87' lang='lat' dir='ltr'>valet</span> <span class='ocrx_word' id='word_1_252' title='bbox 1404 2397 1474 2436; x_wconf 90' lang='lat' dir='ltr'>con·</span> 
     </span>
     <span class='ocr_line' id='line_1_26' title="bbox 259 2453 1472 2531; baseline 0.001 -17"><span class='ocrx_word' id='word_1_253' title='bbox 259 2453 417 2531; x_wconf 88' lang='lat' dir='ltr'>sequentia.</span> <span class='ocrx_word' id='word_1_254' title='bbox 444 2453 522 2512; x_wconf 90' lang='lat' dir='ltr'>Hinc</span> <span class='ocrx_word' id='word_1_255' title='bbox 531 2453 648 2530; x_wconf 88' lang='lat' dir='ltr'>quidem</span> <span class='ocrx_word' id='word_1_256' title='bbox 659 2454 773 2512; x_wconf 88' lang='lat' dir='ltr'>elicitur</span> <span class='ocrx_word' id='word_1_257' title='bbox 784 2453 981 2513; x_wconf 89' lang='lat' dir='ltr'>Sacerdotium</span> <span class='ocrx_word' id='word_1_258' title='bbox 991 2455 1046 2514; x_wconf 94' lang='lat' dir='ltr'>hoc</span> <span class='ocrx_word' id='word_1_259' title='bbox 1057 2455 1198 2514; x_wconf 85' lang='lat' dir='ltr'>differres</span> <span class='ocrx_word' id='word_1_260' title='bbox 1210 2455 1350 2530; x_wconf 86' lang='lat' dir='ltr'>Levitico,</span> <span class='ocrx_word' id='word_1_261' title='bbox 1365 2466 1396 2515; x_wconf 88' lang='lat' dir='ltr'>et</span> <span class='ocrx_word' id='word_1_262' title='bbox 1405 2475 1472 2516; x_wconf 88' lang='lat' dir='ltr'>esse</span> 
     </span>
     <span class='ocr_line' id='line_1_27' title="bbox 258 2532 1471 2613; baseline 0.002 -21"><span class='ocrx_word' id='word_1_263' title='bbox 258 2535 345 2610; x_wconf 85' lang='lat' dir='ltr'>longe</span> <span class='ocrx_word' id='word_1_264' title='bbox 350 2533 542 2609; x_wconf 78' lang='lat' dir='ltr'>praestantius,</span> <span class='ocrx_word' id='word_1_265' title='bbox 550 2533 601 2591; x_wconf 91' lang='lat' dir='ltr'>sed</span> <span class='ocrx_word' id='word_1_266' title='bbox 606 2533 680 2591; x_wconf 91' lang='lat' dir='ltr'>male</span> <span class='ocrx_word' id='word_1_267' title='bbox 685 2533 750 2609; x_wconf 90' lang='lat' dir='ltr'>quis</span> <span class='ocrx_word' id='word_1_268' title='bbox 756 2532 823 2591; x_wconf 88' lang='lat' dir='ltr'>inde</span> <span class='ocrx_word' id='word_1_269' title='bbox 829 2533 1020 2608; x_wconf 86' lang='lat' dir='ltr'>concluderet,</span> <span class='ocrx_word' id='word_1_270' title='bbox 1033 2555 1096 2594; x_wconf 88' lang='lat' dir='ltr'>esse</span> <span class='ocrx_word' id='word_1_271' title='bbox 1109 2535 1307 2594; x_wconf 86' lang='lat' dir='ltr'>Sacerdotium</span> <span class='ocrx_word' id='word_1_272' title='bbox 1318 2536 1471 2613; x_wconf 88' lang='lat' dir='ltr'>impropri-</span> 
     </span>
     <span class='ocr_line' id='line_1_28' title="bbox 261 2611 1473 2690; baseline 0.002 -17"><span class='ocrx_word' id='word_1_273' title='bbox 261 2633 311 2673; x_wconf 89' lang='lat' dir='ltr'>um</span> <span class='ocrx_word' id='word_1_274' title='bbox 322 2622 351 2672; x_wconf 92' lang='lat' dir='ltr'>et</span> <span class='ocrx_word' id='word_1_275' title='bbox 365 2611 529 2690; x_wconf 80' lang='lat' dir='ltr'>figmatum.</span> <span class='ocrx_word' id='word_1_276' title='bbox 552 2611 893 2690; x_wconf 85' lang='lat' dir='ltr'>imoquiaaminetsupra</span> <span class='ocrx_word' id='word_1_277' title='bbox 908 2613 1106 2673; x_wconf 85' lang='lat' dir='ltr'>Sacerdotium</span> <span class='ocrx_word' id='word_1_278' title='bbox 1118 2614 1289 2690; x_wconf 87' lang='lat' dir='ltr'>Leviticum,</span> <span class='ocrx_word' id='word_1_279' title='bbox 1307 2613 1394 2673; x_wconf 89' lang='lat' dir='ltr'>dehet</span> <span class='ocrx_word' id='word_1_280' title='bbox 1407 2635 1473 2676; x_wconf 87' lang='lat' dir='ltr'>esse</span> 
     </span>
     <span class='ocr_line' id='line_1_29' title="bbox 258 2692 1474 2769; baseline 0.002 -17"><span class='ocrx_word' id='word_1_281' title='bbox 258 2692 384 2752; x_wconf 90' lang='lat' dir='ltr'>maxime</span> <span class='ocrx_word' id='word_1_282' title='bbox 398 2693 544 2769; x_wconf 89' lang='lat' dir='ltr'>proprium</span> <span class='ocrx_word' id='word_1_283' title='bbox 559 2700 588 2751; x_wconf 91' lang='lat' dir='ltr'>et</span> <span class='ocrx_word' id='word_1_284' title='bbox 601 2692 848 2769; x_wconf 86' lang='lat' dir='ltr'>perfectissimum,</span> <span class='ocrx_word' id='word_1_285' title='bbox 871 2693 1015 2769; x_wconf 90' lang='lat' dir='ltr'>quomodo</span> <span class='ocrx_word' id='word_1_286' title='bbox 1041 2693 1239 2752; x_wconf 89' lang='lat' dir='ltr'>Sacerdotium</span> <span class='ocrx_word' id='word_1_287' title='bbox 1264 2693 1474 2754; x_wconf 89' lang='lat' dir='ltr'>Melchisedeci</span> 
     </span>
     <span class='ocr_line' id='line_1_30' title="bbox 259 2770 1471 2850; baseline 0.002 -18"><span class='ocrx_word' id='word_1_288' title='bbox 259 2794 317 2832; x_wconf 91' lang='lat' dir='ltr'>non</span> <span class='ocrx_word' id='word_1_289' title='bbox 332 2771 438 2832; x_wconf 90' lang='lat' dir='ltr'>desinit</span> <span class='ocrx_word' id='word_1_290' title='bbox 462 2787 525 2831; x_wconf 88' lang='lat' dir='ltr'>essa</span> <span class='ocrx_word' id='word_1_291' title='bbox 549 2791 651 2832; x_wconf 87' lang='lat' dir='ltr'>verum</span> <span class='ocrx_word' id='word_1_292' title='bbox 676 2770 882 2847; x_wconf 89' lang='lat' dir='ltr'>Sacerdotium,</span> <span class='ocrx_word' id='word_1_293' title='bbox 906 2772 1074 2850; x_wconf 87' lang='lat' dir='ltr'>licetlonge</span> <span class='ocrx_word' id='word_1_294' title='bbox 1099 2771 1212 2831; x_wconf 89' lang='lat' dir='ltr'>differat</span> <span class='ocrx_word' id='word_1_295' title='bbox 1233 2793 1250 2830; x_wconf 93' lang='lat' dir='ltr'>a</span> <span class='ocrx_word' id='word_1_296' title='bbox 1275 2772 1416 2832; x_wconf 89' lang='lat' dir='ltr'>Levitico.</span> <span class='ocrx_word' id='word_1_297' title='bbox 1440 2779 1471 2836; x_wconf 92' lang='grc'>2.</span> 
     </span>
     <span class='ocr_line' id='line_1_31' title="bbox 261 2851 1472 2929; baseline 0 -17"><span class='ocrx_word' id='word_1_298' title='bbox 261 2854 336 2929; x_wconf 86' lang='lat' dir='ltr'>Quia</span> <span class='ocrx_word' id='word_1_299' title='bbox 350 2860 432 2912; x_wconf 88' lang='lat' dir='ltr'>actus</span> <span class='ocrx_word' id='word_1_300' title='bbox 448 2851 647 2911; x_wconf 86' lang='lat' dir='ltr'>Sacerdotales</span> <span class='ocrx_word' id='word_1_301' title='bbox 662 2871 761 2909; x_wconf 89' lang='lat' dir='ltr'>omnes</span> <span class='ocrx_word' id='word_1_302' title='bbox 776 2851 818 2908; x_wconf 93' lang='lat' dir='ltr'>illi</span> <span class='ocrx_word' id='word_1_303' title='bbox 833 2851 1006 2926; x_wconf 88' lang='lat' dir='ltr'>tribuuntur,</span> <span class='ocrx_word' id='word_1_304' title='bbox 1022 2851 1131 2910; x_wconf 87' lang='lat' dir='ltr'>oblatio</span> <span class='ocrx_word' id='word_1_305' title='bbox 1145 2861 1174 2910; x_wconf 90' lang='lat' dir='ltr'>et</span> <span class='ocrx_word' id='word_1_306' title='bbox 1198 2852 1374 2928; x_wconf 82' lang='lat' dir='ltr'>intercessio,</span> <span class='ocrx_word' id='word_1_307' title='bbox 1391 2852 1472 2912; x_wconf 88' lang='lat' dir='ltr'>Heb.</span> 
     </span>
     <span class='ocr_line' id='line_1_32' title="bbox 261 2931 1474 3008; baseline -0.002 -16"><span class='ocrx_word' id='word_1_308' title='bbox 261 2932 312 2992; x_wconf 77' lang='lat' dir='ltr'>vii.</span> <span class='ocrx_word' id='word_1_309' title='bbox 328 2936 365 2991; x_wconf 98' lang='grc'>27</span> <span class='ocrx_word' id='word_1_310' title='bbox 369 2978 376 3008; x_wconf 94' lang='grc'>,</span> <span class='ocrx_word' id='word_1_311' title='bbox 392 2939 421 2990; x_wconf 89' lang='lat' dir='ltr'>et</span> <span class='ocrx_word' id='word_1_312' title='bbox 435 2931 475 2989; x_wconf 87' lang='lat' dir='ltr'>ix.</span> <span class='ocrx_word' id='word_1_313' title='bbox 492 2935 538 3007; x_wconf 82' lang='grc'>24,</span> <span class='ocrx_word' id='word_1_314' title='bbox 555 2939 584 2990; x_wconf 91' lang='lat' dir='ltr'>et</span> <span class='ocrx_word' id='word_1_315' title='bbox 595 2952 624 2990; x_wconf 92' lang='lat' dir='ltr'>x.</span> <span class='ocrx_word' id='word_1_316' title='bbox 640 2935 668 2990; x_wconf 94' lang='grc'>7.</span> <span class='ocrx_word' id='word_1_317' title='bbox 719 2933 746 2990; x_wconf 89' lang='lat'>3.</span> <span class='ocrx_word' id='word_1_318' title='bbox 763 2931 837 3004; x_wconf 84' lang='lat' dir='ltr'>Quia</span> <span class='ocrx_word' id='word_1_319' title='bbox 851 2931 928 3008; x_wconf 87' lang='lat' dir='ltr'>typis</span> <span class='ocrx_word' id='word_1_320' title='bbox 943 2931 1031 2989; x_wconf 86' lang='lat' dir='ltr'>variis</span> <span class='ocrx_word' id='word_1_321' title='bbox 1045 2931 1099 2990; x_wconf 89' lang='lat' dir='ltr'>fuit</span> <span class='ocrx_word' id='word_1_322' title='bbox 1113 2931 1307 3004; x_wconf 86' lang='lat' dir='ltr'>adumbratus,</span> <span class='ocrx_word' id='word_1_323' title='bbox 1324 2938 1384 2989; x_wconf 88' lang='lat' dir='ltr'>turn</span> <span class='ocrx_word' id='word_1_324' title='bbox 1394 2953 1474 2991; x_wconf 89' lang='lat' dir='ltr'>com-</span> 
     </span>
     <span class='ocr_line' id='line_1_33' title="bbox 259 3010 1472 3088; baseline -0.001 -17"><span class='ocrx_word' id='word_1_325' title='bbox 259 3014 403 3087; x_wconf 89' lang='lat' dir='ltr'>munibus,</span> <span class='ocrx_word' id='word_1_326' title='bbox 419 3011 520 3088; x_wconf 88' lang='lat' dir='ltr'>quales</span> <span class='ocrx_word' id='word_1_327' title='bbox 534 3020 616 3070; x_wconf 89' lang='lat' dir='ltr'>erant</span> <span class='ocrx_word' id='word_1_328' title='bbox 631 3010 801 3070; x_wconf 89' lang='lat' dir='ltr'>Sacerdotes</span> <span class='ocrx_word' id='word_1_329' title='bbox 823 3011 954 3084; x_wconf 86' lang='lat' dir='ltr'>Levitici,</span> <span class='ocrx_word' id='word_1_330' title='bbox 978 3011 1028 3087; x_wconf 91' lang='lat' dir='ltr'>qui</span> <span class='ocrx_word' id='word_1_331' title='bbox 1052 3012 1082 3069; x_wconf 91' lang='grc' dir='ltr'>ιιι</span> <span class='ocrx_word' id='word_1_332' title='bbox 1102 3011 1192 3069; x_wconf 78' lang='lat' dir='ltr'>variis</span> <span class='ocrx_word' id='word_1_333' title='bbox 1216 3011 1395 3086; x_wconf 84' lang='lat' dir='ltr'>deficiebant,</span> <span class='ocrx_word' id='word_1_334' title='bbox 1408 3019 1472 3070; x_wconf 89' lang='lat' dir='ltr'>tum</span> 
     </span>
     <span class='ocr_line' id='line_1_34' title="bbox 260 3089 1473 3170; baseline 0 -20"><span class='ocrx_word' id='word_1_335' title='bbox 260 3091 400 3170; x_wconf 85' lang='lat' dir='ltr'>singulari</span> <span class='ocrx_word' id='word_1_336' title='bbox 414 3091 444 3148; x_wconf 91' lang='lat' dir='ltr'>in</span> <span class='ocrx_word' id='word_1_337' title='bbox 459 3091 681 3166; x_wconf 87' lang='lat' dir='ltr'>Melchisedeco,</span> <span class='ocrx_word' id='word_1_338' title='bbox 697 3091 747 3167; x_wconf 90' lang='lat' dir='ltr'>qui</span> <span class='ocrx_word' id='word_1_339' title='bbox 761 3090 898 3167; x_wconf 88' lang='lat' dir='ltr'>peculiari</span> <span class='ocrx_word' id='word_1_340' title='bbox 912 3091 1021 3148; x_wconf 88' lang='lat' dir='ltr'>ratione</span> <span class='ocrx_word' id='word_1_341' title='bbox 1036 3091 1118 3149; x_wconf 91' lang='lat' dir='ltr'>illum</span> <span class='ocrx_word' id='word_1_342' title='bbox 1129 3089 1312 3167; x_wconf 85' lang='lat' dir='ltr'>significavit,</span> <span class='ocrx_word' id='word_1_343' title='bbox 1322 3097 1356 3148; x_wconf 84' lang='lat' dir='ltr'>ut</span> <span class='ocrx_word' id='word_1_344' title='bbox 1369 3101 1473 3168; x_wconf 84' lang='lat' dir='ltr'>postea</span> 
     </span>
     <span class='ocr_line' id='line_1_35' title="bbox 262 3169 1472 3248; baseline 0.002 -20"><span class='ocrx_word' id='word_1_345' title='bbox 262 3171 418 3230; x_wconf 87' lang='lat' dir='ltr'>videbitur.</span> <span class='ocrx_word' id='word_1_346' title='bbox 442 3171 484 3229; x_wconf 93' lang='lat' dir='ltr'>Ut</span> <span class='ocrx_word' id='word_1_347' title='bbox 500 3171 579 3247; x_wconf 88' lang='lat' dir='ltr'>Ergo</span> <span class='ocrx_word' id='word_1_348' title='bbox 594 3171 667 3230; x_wconf 89' lang='lat' dir='ltr'>tales</span> <span class='ocrx_word' id='word_1_349' title='bbox 692 3170 807 3229; x_wconf 85' lang='lat' dir='ltr'>luerunt</span> <span class='ocrx_word' id='word_1_350' title='bbox 821 3169 883 3227; x_wconf 87' lang='lat' dir='ltr'>veri</span> <span class='ocrx_word' id='word_1_351' title='bbox 900 3169 1077 3244; x_wconf 89' lang='lat' dir='ltr'>Sacerdotes,</span> <span class='ocrx_word' id='word_1_352' title='bbox 1094 3169 1296 3228; x_wconf 88' lang='lat' dir='ltr'>verumetiam</span> <span class='ocrx_word' id='word_1_353' title='bbox 1316 3173 1472 3248; x_wconf 88' lang='lat' dir='ltr'>etproprie</span> 
     </span>
     <span class='ocr_line' id='line_1_36' title="bbox 262 3249 1027 3309; baseline -0.003 -1"><span class='ocrx_word' id='word_1_354' title='bbox 262 3250 372 3309; x_wconf 87' lang='lat' dir='ltr'>dictum</span> <span class='ocrx_word' id='word_1_355' title='bbox 387 3249 572 3308; x_wconf 90' lang='lat' dir='ltr'>Sacerdotem</span> <span class='ocrx_word' id='word_1_356' title='bbox 588 3249 733 3307; x_wconf 89' lang='lat' dir='ltr'>Christum</span> <span class='ocrx_word' id='word_1_357' title='bbox 748 3269 812 3306; x_wconf 90' lang='lat' dir='ltr'>esse</span> <span class='ocrx_word' id='word_1_358' title='bbox 833 3268 950 3307; x_wconf 86' lang='lat' dir='ltr'>neeesse</span> <span class='ocrx_word' id='word_1_359' title='bbox 965 3249 1027 3306; x_wconf 87' lang='lat' dir='ltr'>fuit.</span> 
     </span>
    </p>

    <p class='ocr_par' dir='ltr' id='par_1_9' title="bbox 257 3325 1472 4277">
     <span class='ocr_line' id='line_1_37' title="bbox 564 3325 1471 3403; baseline 0.006 -20"><span class='ocrx_word' id='word_1_360' title='bbox 564 3328 619 3385; x_wconf 90' lang='lat' dir='ltr'>VI.</span> <span class='ocrx_word' id='word_1_361' title='bbox 643 3327 785 3401; x_wconf 87' lang='lat' dir='ltr'>Secundo,</span> <span class='ocrx_word' id='word_1_362' title='bbox 808 3327 893 3401; x_wconf 91' lang='lat' dir='ltr'>Quod</span> <span class='ocrx_word' id='word_1_363' title='bbox 907 3328 936 3384; x_wconf 86' lang='lat' dir='ltr'>in</span> <span class='ocrx_word' id='word_1_364' title='bbox 950 3335 1026 3386; x_wconf 87' lang='lat' dir='ltr'>terra</span> <span class='ocrx_word' id='word_1_365' title='bbox 1036 3327 1098 3403; x_wconf 87' lang='lat' dir='ltr'>jam</span> <span class='ocrx_word' id='word_1_366' title='bbox 1112 3325 1199 3386; x_wconf 87' lang='lat' dir='ltr'>fuerit</span> <span class='ocrx_word' id='word_1_367' title='bbox 1211 3327 1351 3387; x_wconf 88' lang='lat' dir='ltr'>Sacerdos</span> <span class='ocrx_word' id='word_1_368' title='bbox 1364 3337 1393 3387; x_wconf 92' lang='lat' dir='ltr'>et</span> <span class='ocrx_word' id='word_1_369' title='bbox 1410 3349 1471 3388; x_wconf 88' lang='lat' dir='ltr'>uon</span> 
     </span>
     <span class='ocr_line' id='line_1_38' title="bbox 523 3403 1472 3483; baseline 0.008 -22"><span class='ocrx_word' id='word_1_370' title='bbox 523 3403 639 3463; x_wconf 90' lang='lat' dir='ltr'>demum</span> <span class='ocrx_word' id='word_1_371' title='bbox 650 3407 679 3462; x_wconf 91' lang='lat' dir='ltr'>in</span> <span class='ocrx_word' id='word_1_372' title='bbox 691 3406 774 3478; x_wconf 91' lang='lat' dir='ltr'>coelo,</span> <span class='ocrx_word' id='word_1_373' title='bbox 784 3414 905 3478; x_wconf 85' lang='lat' dir='ltr'>constat,</span> <span class='ocrx_word' id='word_1_374' title='bbox 916 3415 977 3464; x_wconf 86' lang='lat' dir='ltr'>tum</span> <span class='ocrx_word' id='word_1_375' title='bbox 992 3425 1029 3464; x_wconf 85' lang='lat' dir='ltr'>ex</span> <span class='ocrx_word' id='word_1_376' title='bbox 1044 3426 1078 3464; x_wconf 93' lang='lat' dir='ltr'>eo</span> <span class='ocrx_word' id='word_1_377' title='bbox 1089 3407 1167 3483; x_wconf 92' lang='lat' dir='ltr'>quod</span> <span class='ocrx_word' id='word_1_378' title='bbox 1176 3407 1291 3466; x_wconf 90' lang='lat' dir='ltr'>interra</span> <span class='ocrx_word' id='word_1_379' title='bbox 1299 3417 1472 3470; x_wconf 86' lang='lat' dir='ltr'>vocatusest</span> 
     </span>
     <span class='ocr_line' id='line_1_39' title="bbox 523 3482 1471 3564; baseline 0.008 -24"><span class='ocrx_word' id='word_1_380' title='bbox 523 3482 560 3540; x_wconf 88' lang='lat' dir='ltr'>ad</span> <span class='ocrx_word' id='word_1_381' title='bbox 577 3483 783 3558; x_wconf 87' lang='lat' dir='ltr'>Sacerdotium,</span> <span class='ocrx_word' id='word_1_382' title='bbox 800 3484 905 3541; x_wconf 87' lang='lat' dir='ltr'>Matth.</span> <span class='ocrx_word' id='word_1_383' title='bbox 920 3485 961 3542; x_wconf 91' lang='grc' dir='ltr'>ιιι.</span> <span class='ocrx_word' id='word_1_384' title='bbox 978 3488 1023 3560; x_wconf 92' lang='grc'>17,</span> <span class='ocrx_word' id='word_1_385' title='bbox 1038 3485 1114 3544; x_wconf 90' lang='lat' dir='ltr'>Heb.</span> <span class='ocrx_word' id='word_1_386' title='bbox 1125 3506 1154 3546; x_wconf 86' lang='lat' dir='ltr'>v.</span> <span class='ocrx_word' id='word_1_387' title='bbox 1167 3488 1194 3562; x_wconf 85' lang='lat'>5,</span> <span class='ocrx_word' id='word_1_388' title='bbox 1217 3495 1278 3545; x_wconf 90' lang='lat' dir='ltr'>tum</span> <span class='ocrx_word' id='word_1_389' title='bbox 1296 3487 1364 3564; x_wconf 88' lang='lat' dir='ltr'>quia</span> <span class='ocrx_word' id='word_1_390' title='bbox 1388 3497 1471 3548; x_wconf 90' lang='lat' dir='ltr'>actus</span> 
     </span>
     <span class='ocr_line' id='line_1_40' title="bbox 263 3558 1469 3642; baseline 0.006 -22"><span class='ocrx_word' id='word_1_391' title='bbox 263 3558 462 3620; x_wconf 89' lang='lat' dir='ltr'>Sacerdotales</span> <span class='ocrx_word' id='word_1_392' title='bbox 476 3561 506 3617; x_wconf 92' lang='lat' dir='ltr'>in</span> <span class='ocrx_word' id='word_1_393' title='bbox 520 3569 597 3619; x_wconf 88' lang='lat' dir='ltr'>tarra</span> <span class='ocrx_word' id='word_1_394' title='bbox 606 3563 667 3638; x_wconf 86' lang='lat' dir='ltr'>jam</span> <span class='ocrx_word' id='word_1_395' title='bbox 682 3571 799 3621; x_wconf 87' lang='lat' dir='ltr'>exercet</span> <span class='ocrx_word' id='word_1_396' title='bbox 812 3582 863 3638; x_wconf 90' lang='lat' dir='ltr'>per</span> <span class='ocrx_word' id='word_1_397' title='bbox 876 3563 1051 3623; x_wconf 89' lang='lat' dir='ltr'>oblationem</span> <span class='ocrx_word' id='word_1_398' title='bbox 1064 3585 1190 3642; x_wconf 89' lang='lat' dir='ltr'>precum,</span> <span class='ocrx_word' id='word_1_399' title='bbox 1206 3565 1276 3627; x_wconf 87' lang='lat' dir='ltr'>Jch.</span> <span class='ocrx_word' id='word_1_400' title='bbox 1292 3567 1372 3642; x_wconf 79' lang='lat' dir='ltr'>xvii,</span> <span class='ocrx_word' id='word_1_401' title='bbox 1390 3567 1469 3627; x_wconf 90' lang='lat' dir='ltr'>Heb.</span> 
     </span>
     <span class='ocr_line' id='line_1_41' title="bbox 260 3638 1471 3723; baseline 0.008 -26"><span class='ocrx_word' id='word_1_402' title='bbox 260 3661 289 3698; x_wconf 89' lang='lat' dir='ltr'>v.</span> <span class='ocrx_word' id='word_1_403' title='bbox 305 3644 332 3714; x_wconf 92' lang='grc'>7,</span> <span class='ocrx_word' id='word_1_404' title='bbox 349 3641 376 3714; x_wconf 92' lang='grc'>8,</span> <span class='ocrx_word' id='word_1_405' title='bbox 393 3646 422 3696; x_wconf 89' lang='lat' dir='ltr'>et</span> <span class='ocrx_word' id='word_1_406' title='bbox 436 3638 605 3698; x_wconf 84' lang='lat' dir='ltr'>sacrificium</span> <span class='ocrx_word' id='word_1_407' title='bbox 619 3641 666 3699; x_wconf 88' lang='lat' dir='ltr'>sui</span> <span class='ocrx_word' id='word_1_408' title='bbox 679 3641 778 3717; x_wconf 84' lang='lat' dir='ltr'>ipsius,</span> <span class='ocrx_word' id='word_1_409' title='bbox 796 3642 869 3718; x_wconf 90' lang='lat' dir='ltr'>Eph.</span> <span class='ocrx_word' id='word_1_410' title='bbox 885 3661 913 3700; x_wconf 85' lang='lat' dir='ltr'>v.</span> <span class='ocrx_word' id='word_1_411' title='bbox 929 3647 956 3717; x_wconf 94' lang='grc'>2,</span> <span class='ocrx_word' id='word_1_412' title='bbox 974 3643 1049 3702; x_wconf 89' lang='lat' dir='ltr'>Heb.</span> <span class='ocrx_word' id='word_1_413' title='bbox 1064 3643 1083 3702; x_wconf 91' lang='lat' dir='ltr'>i.</span> <span class='ocrx_word' id='word_1_414' title='bbox 1099 3647 1126 3719; x_wconf 86' lang='lat'>3,</span> <span class='ocrx_word' id='word_1_415' title='bbox 1143 3653 1172 3703; x_wconf 92' lang='lat' dir='ltr'>et</span> <span class='ocrx_word' id='word_1_416' title='bbox 1185 3665 1215 3703; x_wconf 85' lang='lat' dir='ltr'>x.</span> <span class='ocrx_word' id='word_1_417' title='bbox 1231 3647 1258 3721; x_wconf 88' lang='grc'>6,</span> <span class='ocrx_word' id='word_1_418' title='bbox 1275 3649 1302 3722; x_wconf 92' lang='grc'>7,</span> <span class='ocrx_word' id='word_1_419' title='bbox 1322 3645 1425 3723; x_wconf 93' lang='lat' dir='ltr'>inquo</span> <span class='ocrx_word' id='word_1_420' title='bbox 1440 3669 1471 3707; x_wconf 87' lang='lat' dir='ltr'>aa</span> 
     </span>
     <span class='ocr_line' id='line_1_42' title="bbox 258 3717 1466 3800; baseline 0.007 -23"><span class='ocrx_word' id='word_1_421' title='bbox 258 3718 342 3778; x_wconf 91' lang='lat' dir='ltr'>dedit</span> <span class='ocrx_word' id='word_1_422' title='bbox 354 3717 458 3777; x_wconf 59' lang='lat' dir='ltr'>enlm</span> <span class='ocrx_word' id='word_1_423' title='bbox 472 3743 495 3775; x_wconf 81' lang='grc' dir='ltr'>οι</span> <span class='ocrx_word' id='word_1_424' title='bbox 508 3738 559 3795; x_wconf 90' lang='lat' dir='ltr'>pro</span> <span class='ocrx_word' id='word_1_425' title='bbox 574 3720 667 3795; x_wconf 85' lang='lat' dir='ltr'>nobis,</span> <span class='ocrx_word' id='word_1_426' title='bbox 683 3729 713 3778; x_wconf 90' lang='lat' dir='ltr'>et</span> <span class='ocrx_word' id='word_1_427' title='bbox 726 3720 919 3797; x_wconf 88' lang='lat' dir='ltr'>expiationem</span> <span class='ocrx_word' id='word_1_428' title='bbox 933 3733 1115 3798; x_wconf 89' lang='lat' dir='ltr'>peccatorum</span> <span class='ocrx_word' id='word_1_429' title='bbox 1143 3723 1220 3798; x_wconf 83' lang='lat' dir='ltr'>fecit,</span> <span class='ocrx_word' id='word_1_430' title='bbox 1235 3733 1297 3782; x_wconf 90' lang='lat' dir='ltr'>tum</span> <span class='ocrx_word' id='word_1_431' title='bbox 1321 3725 1389 3800; x_wconf 89' lang='lat' dir='ltr'>quia</span> <span class='ocrx_word' id='word_1_432' title='bbox 1416 3725 1466 3785; x_wconf 90' lang='lat' dir='ltr'>Sa·</span> 
     </span>
     <span class='ocr_line' id='line_1_43' title="bbox 260 3745 1470 3880; baseline 0.004 -22"><span class='ocrx_word' id='word_1_433' title='bbox 260 3799 371 3871; x_wconf 87' lang='lat' dir='ltr'>cardos,</span> <span class='ocrx_word' id='word_1_434' title='bbox 387 3797 437 3875; x_wconf 90' lang='lat' dir='ltr'>qui</span> <span class='ocrx_word' id='word_1_435' title='bbox 451 3745 506 3857; x_wconf 79' lang='lat' dir='ltr'>luit</span> <span class='ocrx_word' id='word_1_436' title='bbox 519 3807 606 3876; x_wconf 86' lang='lat' dir='ltr'>typus</span> <span class='ocrx_word' id='word_1_437' title='bbox 621 3799 737 3874; x_wconf 88' lang='lat' dir='ltr'>Christi,</span> <span class='ocrx_word' id='word_1_438' title='bbox 752 3819 811 3858; x_wconf 88' lang='lat' dir='ltr'>non</span> <span class='ocrx_word' id='word_1_439' title='bbox 824 3800 911 3858; x_wconf 90' lang='lat' dir='ltr'>fiebat</span> <span class='ocrx_word' id='word_1_440' title='bbox 926 3810 986 3861; x_wconf 90' lang='lat' dir='ltr'>tum</span> <span class='ocrx_word' id='word_1_441' title='bbox 1001 3809 1113 3860; x_wconf 87' lang='lat' dir='ltr'>tantum</span> <span class='ocrx_word' id='word_1_442' title='bbox 1136 3802 1285 3878; x_wconf 90' lang='lat' dir='ltr'>Sacerdos,</span> <span class='ocrx_word' id='word_1_443' title='bbox 1311 3823 1400 3880; x_wconf 90' lang='lat' dir='ltr'>quum</span> <span class='ocrx_word' id='word_1_444' title='bbox 1425 3805 1470 3862; x_wconf 89' lang='grc' dir='ltr'>ιιι-</span> 
     </span>
     <span class='ocr_line' id='line_1_44' title="bbox 261 3877 1468 3960; baseline 0.004 -23"><span class='ocrx_word' id='word_1_445' title='bbox 261 3878 481 3956; x_wconf 85' lang='lat' dir='ltr'>gradiebaturin</span> <span class='ocrx_word' id='word_1_446' title='bbox 495 3877 704 3953; x_wconf 88' lang='lat' dir='ltr'>Sanctuarium,</span> <span class='ocrx_word' id='word_1_447' title='bbox 717 3879 769 3937; x_wconf 86' lang='lat' dir='ltr'>aed</span> <span class='ocrx_word' id='word_1_448' title='bbox 775 3881 836 3956; x_wconf 89' lang='lat' dir='ltr'>jam</span> <span class='ocrx_word' id='word_1_449' title='bbox 846 3888 907 3938; x_wconf 89' lang='lat' dir='ltr'>erat</span> <span class='ocrx_word' id='word_1_450' title='bbox 920 3880 1060 3940; x_wconf 88' lang='lat' dir='ltr'>Sacerdos</span> <span class='ocrx_word' id='word_1_451' title='bbox 1069 3889 1134 3940; x_wconf 89' lang='lat' dir='ltr'>ante</span> <span class='ocrx_word' id='word_1_452' title='bbox 1146 3882 1321 3941; x_wconf 89' lang='lat' dir='ltr'>oblationem</span> <span class='ocrx_word' id='word_1_453' title='bbox 1332 3883 1468 3960; x_wconf 76' lang='lat' dir='ltr'>victima,</span> 
     </span>
     <span class='ocr_line' id='line_1_45' title="bbox 259 3957 1469 4037; baseline 0.005 -20"><span class='ocrx_word' id='word_1_454' title='bbox 259 3959 340 4036; x_wconf 92' lang='lat' dir='ltr'>quod</span> <span class='ocrx_word' id='word_1_455' title='bbox 352 3959 382 4016; x_wconf 91' lang='lat' dir='ltr'>in</span> <span class='ocrx_word' id='word_1_456' title='bbox 395 3957 509 4016; x_wconf 87' lang='lat' dir='ltr'>Christo</span> <span class='ocrx_word' id='word_1_457' title='bbox 531 3958 680 4018; x_wconf 81' lang='lat' dir='ltr'>veritatem</span> <span class='ocrx_word' id='word_1_458' title='bbox 696 3978 776 4018; x_wconf 90' lang='lat' dir='ltr'>suam</span> <span class='ocrx_word' id='word_1_459' title='bbox 791 3958 920 4018; x_wconf 88' lang='lat' dir='ltr'>obtinere</span> <span class='ocrx_word' id='word_1_460' title='bbox 934 3958 1019 4018; x_wconf 89' lang='lat' dir='ltr'>docet</span> <span class='ocrx_word' id='word_1_461' title='bbox 1029 3960 1198 4037; x_wconf 86' lang='lat' dir='ltr'>Apostolus,</span> <span class='ocrx_word' id='word_1_462' title='bbox 1215 3962 1291 4021; x_wconf 90' lang='lat' dir='ltr'>Heb.</span> <span class='ocrx_word' id='word_1_463' title='bbox 1304 3962 1344 4020; x_wconf 85' lang='lat' dir='ltr'>ix.</span> <span class='ocrx_word' id='word_1_464' title='bbox 1362 3965 1407 4037; x_wconf 92' lang='grc'>11,</span> <span class='ocrx_word' id='word_1_465' title='bbox 1423 3968 1469 4024; x_wconf 89' lang='grc'>12.</span> 
     </span>
     <span class='ocr_line' id='line_1_46' title="bbox 257 4037 1470 4120; baseline 0.005 -24"><span class='ocrx_word' id='word_1_466' title='bbox 257 4037 452 4096; x_wconf 87' lang='lat' dir='ltr'>Confirmatur</span> <span class='ocrx_word' id='word_1_467' title='bbox 461 4057 498 4096; x_wconf 90' lang='lat' dir='ltr'>ex</span> <span class='ocrx_word' id='word_1_468' title='bbox 512 4046 615 4096; x_wconf 85' lang='lat' dir='ltr'>natura</span> <span class='ocrx_word' id='word_1_469' title='bbox 631 4037 799 4114; x_wconf 87' lang='lat' dir='ltr'>Sacerdotii,</span> <span class='ocrx_word' id='word_1_470' title='bbox 814 4037 893 4114; x_wconf 90' lang='lat' dir='ltr'>quod</span> <span class='ocrx_word' id='word_1_471' title='bbox 907 4039 1091 4098; x_wconf 87' lang='lat' dir='ltr'>constituitur</span> <span class='ocrx_word' id='word_1_472' title='bbox 1104 4039 1142 4097; x_wconf 91' lang='lat' dir='ltr'>ad</span> <span class='ocrx_word' id='word_1_473' title='bbox 1156 4039 1232 4098; x_wconf 87' lang='lat' dir='ltr'>dona</span> <span class='ocrx_word' id='word_1_474' title='bbox 1246 4049 1275 4099; x_wconf 89' lang='lat' dir='ltr'>et</span> <span class='ocrx_word' id='word_1_475' title='bbox 1288 4041 1399 4100; x_wconf 88' lang='lat' dir='ltr'>hostias</span> <span class='ocrx_word' id='word_1_476' title='bbox 1417 4063 1470 4120; x_wconf 90' lang='lat' dir='ltr'>pro</span> 
     </span>
     <span class='ocr_line' id='line_1_47' title="bbox 257 4115 1472 4194; baseline 0.004 -18"><span class='ocrx_word' id='word_1_477' title='bbox 257 4117 386 4194; x_wconf 86' lang='lat' dir='ltr'>peccatis</span> <span class='ocrx_word' id='word_1_478' title='bbox 400 4115 569 4193; x_wconf 84' lang='lat' dir='ltr'>offerendas,</span> <span class='ocrx_word' id='word_1_479' title='bbox 586 4117 662 4176; x_wconf 87' lang='lat' dir='ltr'>Hah.</span> <span class='ocrx_word' id='word_1_480' title='bbox 677 4138 706 4176; x_wconf 88' lang='lat' dir='ltr'>v.</span> <span class='ocrx_word' id='word_1_481' title='bbox 724 4119 749 4176; x_wconf 89' lang='lat'>1.</span> <span class='ocrx_word' id='word_1_482' title='bbox 792 4117 835 4176; x_wconf 91' lang='lat' dir='ltr'>At</span> <span class='ocrx_word' id='word_1_483' title='bbox 848 4118 903 4175; x_wconf 88' lang='lat' dir='ltr'>hoc</span> <span class='ocrx_word' id='word_1_484' title='bbox 916 4137 975 4175; x_wconf 91' lang='lat' dir='ltr'>non</span> <span class='ocrx_word' id='word_1_485' title='bbox 989 4118 1019 4175; x_wconf 88' lang='lat' dir='ltr'>in</span> <span class='ocrx_word' id='word_1_486' title='bbox 1033 4118 1122 4192; x_wconf 86' lang='lat' dir='ltr'>coelis,</span> <span class='ocrx_word' id='word_1_487' title='bbox 1138 4119 1190 4178; x_wconf 89' lang='lat' dir='ltr'>sed</span> <span class='ocrx_word' id='word_1_488' title='bbox 1204 4119 1233 4176; x_wconf 92' lang='lat' dir='ltr'>in</span> <span class='ocrx_word' id='word_1_489' title='bbox 1254 4129 1331 4178; x_wconf 91' lang='lat' dir='ltr'>terra</span> <span class='ocrx_word' id='word_1_490' title='bbox 1343 4121 1406 4179; x_wconf 90' lang='lat' dir='ltr'>fieri</span> <span class='ocrx_word' id='word_1_491' title='bbox 1421 4123 1472 4181; x_wconf 92' lang='lat' dir='ltr'>de-</span> 
     </span>
     <span class='ocr_line' id='line_1_48' title="bbox 259 4195 1468 4277; baseline 0.004 -23"><span class='ocrx_word' id='word_1_492' title='bbox 259 4195 331 4270; x_wconf 86' lang='lat' dir='ltr'>buit,</span> <span class='ocrx_word' id='word_1_493' title='bbox 347 4196 416 4273; x_wconf 88' lang='lat' dir='ltr'>quia</span> <span class='ocrx_word' id='word_1_494' title='bbox 429 4196 499 4254; x_wconf 88' lang='lat' dir='ltr'>alibi</span> <span class='ocrx_word' id='word_1_495' title='bbox 512 4197 682 4256; x_wconf 90' lang='lat' dir='ltr'>hostiaenon</span> <span class='ocrx_word' id='word_1_496' title='bbox 697 4195 863 4255; x_wconf 83' lang='lat' dir='ltr'>offeruntur.</span> <span class='ocrx_word' id='word_1_497' title='bbox 906 4196 1017 4255; x_wconf 89' lang='lat' dir='ltr'>Deinde</span> <span class='ocrx_word' id='word_1_498' title='bbox 1032 4197 1082 4255; x_wconf 92' lang='lat' dir='ltr'>ubi</span> <span class='ocrx_word' id='word_1_499' title='bbox 1096 4207 1141 4256; x_wconf 89' lang='lat' dir='ltr'>est</span> <span class='ocrx_word' id='word_1_500' title='bbox 1160 4219 1261 4257; x_wconf 88' lang='lat' dir='ltr'>verum</span> <span class='ocrx_word' id='word_1_501' title='bbox 1287 4199 1468 4277; x_wconf 86' lang='lat' dir='ltr'>sacrificium,</span> 
     </span>
    </p>
   </div>
   <div class='ocr_carea' id='block_1_7' title="bbox 275 3389 487 3500">
    <p class='ocr_par' dir='ltr' id='par_1_10' title="bbox 275 3389 487 3500">
     <span class='ocr_line' id='line_1_49' title="bbox 275 3389 487 3448; baseline -0.009 -12"><span class='ocrx_word' id='word_1_502' title='bbox 275 3391 297 3436; x_wconf 93' lang='grc'>2.</span> <span class='ocrx_word' id='word_1_503' title='bbox 307 3391 341 3436; x_wconf 88' lang='lat' dir='ltr'>Et</span> <span class='ocrx_word' id='word_1_504' title='bbox 348 3392 400 3448; x_wconf 80' lang='lat' dir='ltr'>jam</span> <span class='ocrx_word' id='word_1_505' title='bbox 411 3389 487 3434; x_wconf 83' lang='lat' dir='ltr'>luisse</span> 
     </span>
     <span class='ocr_line' id='line_1_50' title="bbox 318 3450 443 3500; baseline -0.024 -7"><span class='ocrx_word' id='word_1_506' title='bbox 318 3451 343 3493; x_wconf 86' lang='lat' dir='ltr'>in</span> <span class='ocrx_word' id='word_1_507' title='bbox 353 3450 426 3492; x_wconf 82' lang='lat' dir='ltr'>terris</span> <span class='ocrx_word' id='word_1_508' title='bbox 437 3462 443 3500; x_wconf 87' lang='lat'>;</span> 
     </span>
    </p>
   </div>
   <div class='ocr_carea' id='block_1_8' title="bbox 562 1900 1571 1978">
    <p class='ocr_par' dir='ltr' id='par_1_11' title="bbox 562 1895 1571 1978">
     <span class='ocr_line' id='line_1_51' title="bbox 562 1900 1571 1978; baseline 0.003 -19"><span class='ocrx_word' id='word_1_509' title='bbox 562 1902 600 1960; x_wconf 90' lang='lat' dir='ltr'>V.</span> <span class='ocrx_word' id='word_1_510' title='bbox 623 1902 730 1976; x_wconf 90' lang='lat' dir='ltr'>Primo,</span> <span class='ocrx_word' id='word_1_511' title='bbox 753 1901 838 1975; x_wconf 91' lang='lat' dir='ltr'>Quod</span> <span class='ocrx_word' id='word_1_512' title='bbox 852 1901 983 1960; x_wconf 87' lang='lat' dir='ltr'>Christus</span> <span class='ocrx_word' id='word_1_513' title='bbox 998 1900 1083 1959; x_wconf 87' lang='lat' dir='ltr'>suerit</span> <span class='ocrx_word' id='word_1_514' title='bbox 1097 1902 1159 1960; x_wconf 89' lang='lat' dir='ltr'>veri</span> <span class='ocrx_word' id='word_1_515' title='bbox 1182 1901 1306 1959; x_wconf 88' lang='lat' dir='ltr'>numinis</span> <span class='ocrx_word' id='word_1_516' title='bbox 1318 1900 1471 1978; x_wconf 88' lang='lat' dir='ltr'>Sacerdos,</span> <span class='ocrx_word' id='word_1_517' title='bbox 1562 1930 1571 1969; x_wconf 65' lang='lat' dir='ltr'>r</span> 
     </span>
    </p>
   </div>
   <div class='ocr_carea' id='block_1_9' title="bbox 258 4271 1572 4674">
    <p class='ocr_par' dir='ltr' id='par_1_12' title="bbox 258 4271 1572 4674">
     <span class='ocr_line' id='line_1_52' title="bbox 259 4271 1572 4356; baseline 0.004 -23"><span class='ocrx_word' id='word_1_518' title='bbox 259 4274 301 4334; x_wconf 91' lang='lat' dir='ltr'>ibi</span> <span class='ocrx_word' id='word_1_519' title='bbox 315 4275 401 4334; x_wconf 91' lang='lat' dir='ltr'>debet</span> <span class='ocrx_word' id='word_1_520' title='bbox 415 4294 478 4334; x_wconf 89' lang='lat' dir='ltr'>esse</span> <span class='ocrx_word' id='word_1_521' title='bbox 492 4294 578 4334; x_wconf 86' lang='lat' dir='ltr'>verua</span> <span class='ocrx_word' id='word_1_522' title='bbox 594 4271 743 4349; x_wconf 84' lang='lat' dir='ltr'>Sacerdos,</span> <span class='ocrx_word' id='word_1_523' title='bbox 759 4275 802 4333; x_wconf 85' lang='lat' dir='ltr'>At</span> <span class='ocrx_word' id='word_1_524' title='bbox 815 4275 844 4332; x_wconf 91' lang='lat' dir='ltr'>in</span> <span class='ocrx_word' id='word_1_525' title='bbox 860 4275 950 4334; x_wconf 88' lang='lat' dir='ltr'>Cruce</span> <span class='ocrx_word' id='word_1_526' title='bbox 964 4295 1064 4334; x_wconf 89' lang='lat' dir='ltr'>verum</span> <span class='ocrx_word' id='word_1_527' title='bbox 1080 4276 1207 4336; x_wconf 90' lang='lat' dir='ltr'>oblatum</span> <span class='ocrx_word' id='word_1_528' title='bbox 1223 4287 1267 4337; x_wconf 89' lang='lat' dir='ltr'>cst</span> <span class='ocrx_word' id='word_1_529' title='bbox 1288 4280 1469 4356; x_wconf 86' lang='lat' dir='ltr'>sacrificium,</span> <span class='ocrx_word' id='word_1_530' title='bbox 1571 4333 1572 4338; x_wconf 73' lang='grc'>,</span> 
     </span>
     <span class='ocr_line' id='line_1_53' title="bbox 260 4354 1572 4432; baseline 0.005 -20"><span class='ocrx_word' id='word_1_531' title='bbox 260 4373 299 4412; x_wconf 87' lang='lat' dir='ltr'>ex</span> <span class='ocrx_word' id='word_1_532' title='bbox 313 4354 465 4432; x_wconf 86' lang='lat' dir='ltr'>Apostolo,</span> <span class='ocrx_word' id='word_1_533' title='bbox 482 4354 615 4414; x_wconf 83' lang='lat' dir='ltr'>Hahvii.</span> <span class='ocrx_word' id='word_1_534' title='bbox 630 4358 678 4429; x_wconf 92' lang='grc'>27,</span> <span class='ocrx_word' id='word_1_535' title='bbox 695 4364 724 4413; x_wconf 90' lang='lat' dir='ltr'>et</span> <span class='ocrx_word' id='word_1_536' title='bbox 738 4354 777 4412; x_wconf 86' lang='lat' dir='ltr'>ix.</span> <span class='ocrx_word' id='word_1_537' title='bbox 790 4357 837 4427; x_wconf 83' lang='grc'>25,</span> <span class='ocrx_word' id='word_1_538' title='bbox 850 4356 897 4428; x_wconf 87' lang='grc'>28,</span> <span class='ocrx_word' id='word_1_539' title='bbox 910 4355 988 4431; x_wconf 90' lang='lat' dir='ltr'>quod</span> <span class='ocrx_word' id='word_1_540' title='bbox 1002 4375 1060 4413; x_wconf 89' lang='lat' dir='ltr'>uon</span> <span class='ocrx_word' id='word_1_541' title='bbox 1074 4365 1169 4432; x_wconf 88' lang='lat' dir='ltr'>potest</span> <span class='ocrx_word' id='word_1_542' title='bbox 1183 4356 1281 4416; x_wconf 86' lang='lat' dir='ltr'>referri</span> <span class='ocrx_word' id='word_1_543' title='bbox 1295 4358 1333 4416; x_wconf 88' lang='lat' dir='ltr'>ad</span> <span class='ocrx_word' id='word_1_544' title='bbox 1347 4359 1470 4419; x_wconf 86' lang='lat' dir='ltr'>oblatio·</span> <span class='ocrx_word' id='word_1_545' title='bbox 1571 4363 1572 4370; x_wconf 75' lang='grc'>’</span> 
     </span>
     <span class='ocr_line' id='line_1_54' title="bbox 260 4431 1572 4514; baseline 0.006 -24"><span class='ocrx_word' id='word_1_546' title='bbox 260 4434 370 4492; x_wconf 89' lang='lat' dir='ltr'>nemint</span> <span class='ocrx_word' id='word_1_547' title='bbox 389 4433 616 4508; x_wconf 84' lang='lat' dir='ltr'>erceasiortalem,</span> <span class='ocrx_word' id='word_1_548' title='bbox 633 4453 697 4510; x_wconf 78' lang='lat' dir='ltr'>qua</span> <span class='ocrx_word' id='word_1_549' title='bbox 711 4431 744 4491; x_wconf 86' lang='lat' dir='ltr'>fit</span> <span class='ocrx_word' id='word_1_550' title='bbox 758 4433 894 4491; x_wconf 90' lang='lat' dir='ltr'>continuo</span> <span class='ocrx_word' id='word_1_551' title='bbox 908 4434 938 4490; x_wconf 88' lang='lat' dir='ltr'>in</span> <span class='ocrx_word' id='word_1_552' title='bbox 957 4434 1055 4494; x_wconf 88' lang='lat' dir='ltr'>coelis:</span> <span class='ocrx_word' id='word_1_553' title='bbox 1086 4439 1112 4492; x_wconf 93' lang='lat'>1.</span> <span class='ocrx_word' id='word_1_554' title='bbox 1135 4437 1209 4510; x_wconf 84' lang='lat' dir='ltr'>Quia</span> <span class='ocrx_word' id='word_1_555' title='bbox 1223 4438 1319 4514; x_wconf 87' lang='lat' dir='ltr'>agitur</span> <span class='ocrx_word' id='word_1_556' title='bbox 1333 4436 1369 4498; x_wconf 90' lang='lat' dir='ltr'>de</span> <span class='ocrx_word' id='word_1_557' title='bbox 1388 4439 1470 4497; x_wconf 90' lang='lat' dir='ltr'>obla·</span> <span class='ocrx_word' id='word_1_558' title='bbox 1571 4459 1572 4472; x_wconf 60' lang='lat'>¹</span> 
     </span>
     <span class='ocr_line' id='line_1_55' title="bbox 258 4511 1572 4588; baseline 0.005 -18"><span class='ocrx_word' id='word_1_559' title='bbox 258 4513 346 4585; x_wconf 89' lang='lat' dir='ltr'>tione,</span> <span class='ocrx_word' id='word_1_560' title='bbox 369 4531 434 4588; x_wconf 89' lang='lat' dir='ltr'>quae</span> <span class='ocrx_word' id='word_1_561' title='bbox 461 4512 616 4588; x_wconf 88' lang='lat' dir='ltr'>respondet</span> <span class='ocrx_word' id='word_1_562' title='bbox 629 4511 768 4571; x_wconf 89' lang='lat' dir='ltr'>oblationi</span> <span class='ocrx_word' id='word_1_563' title='bbox 789 4511 978 4584; x_wconf 87' lang='lat' dir='ltr'>victimarum,</span> <span class='ocrx_word' id='word_1_564' title='bbox 994 4513 1160 4588; x_wconf 75' lang='lat' dir='ltr'>quatiebat</span> <span class='ocrx_word' id='word_1_565' title='bbox 1184 4516 1238 4574; x_wconf 90' lang='lat' dir='ltr'>auh</span> <span class='ocrx_word' id='word_1_566' title='bbox 1253 4516 1352 4576; x_wconf 87' lang='lat' dir='ltr'>Veteri</span> <span class='ocrx_word' id='word_1_567' title='bbox 1367 4517 1470 4576; x_wconf 86' lang='lat' dir='ltr'>Testa·</span> <span class='ocrx_word' id='word_1_568' title='bbox 1571 4515 1572 4522; x_wconf 61' lang='lat'><em>&#39;</em></span> 
     </span>
     <span class='ocr_line' id='line_1_56' title="bbox 258 4590 1572 4674; baseline 0.007 -26"><span class='ocrx_word' id='word_1_569' title='bbox 258 4599 355 4652; x_wconf 88' lang='lat' dir='ltr'>manto</span> <span class='ocrx_word' id='word_1_570' title='bbox 369 4609 420 4666; x_wconf 90' lang='lat' dir='ltr'>per</span> <span class='ocrx_word' id='word_1_571' title='bbox 432 4609 530 4649; x_wconf 86' lang='lat' dir='ltr'>aarum</span> <span class='ocrx_word' id='word_1_572' title='bbox 541 4591 742 4650; x_wconf 79' lang='lat' dir='ltr'>mactationem</span> <span class='ocrx_word' id='word_1_573' title='bbox 753 4596 782 4649; x_wconf 89' lang='lat' dir='ltr'>et</span> <span class='ocrx_word' id='word_1_574' title='bbox 796 4590 945 4666; x_wconf 85' lang='lat' dir='ltr'>sanguinis</span> <span class='ocrx_word' id='word_1_575' title='bbox 955 4590 1095 4652; x_wconf 82' lang='lat' dir='ltr'>lusionem</span> <span class='ocrx_word' id='word_1_576' title='bbox 1109 4615 1116 4670; x_wconf 73' lang='grc' dir='ltr'><strong>ς</strong></span> <span class='ocrx_word' id='word_1_577' title='bbox 1132 4598 1159 4653; x_wconf 92' lang='grc'>2.</span> <span class='ocrx_word' id='word_1_578' title='bbox 1182 4595 1222 4654; x_wconf 87' lang='lat' dir='ltr'>Et</span> <span class='ocrx_word' id='word_1_579' title='bbox 1235 4595 1303 4674; x_wconf 89' lang='lat' dir='ltr'>quia</span> <span class='ocrx_word' id='word_1_580' title='bbox 1321 4595 1419 4672; x_wconf 84' lang='lat' dir='ltr'>agitur</span> <span class='ocrx_word' id='word_1_581' title='bbox 1432 4597 1469 4656; x_wconf 92' lang='lat' dir='ltr'>de</span> <span class='ocrx_word' id='word_1_582' title='bbox 1571 4619 1572 4674; x_wconf 62' lang='grc' dir='ltr'>ι</span> 
     </span>
    </p>
   </div>
   <div class='ocr_carea' id='block_1_10' title="bbox 0 0 1601 5204">
    <p class='ocr_par' dir='ltr' id='par_1_13' title="bbox 0 0 1601 5204">
     <span class='ocr_line' id='line_1_57' title="bbox 0 0 1601 5204; baseline 0 0"><span class='ocrx_word' id='word_1_583' title='bbox 0 0 1601 5204; x_wconf 95' lang='lat' dir='ltr'> </span> 
     </span>
    </p>
   </div>
  </div>
 </body>
</html>
