3152 5198
133 417 246 461 coner.
265 400 318 470 vn]
576 411 614 448 nn
628 409 884 449 iusrrncarrone.
1280 391 1338 454 587

135 555 224 614 Pater
237 555 276 611 ad
290 551 449 624 legendam
463 549 548 606 nobis
561 550 774 619 haereditatem,
789 566 857 624 quae
868 547 942 606 nihil
958 547 1041 605 aliud
1055 554 1108 619 est,
1124 567 1215 623 quam
1229 549 1337 606 ultima

133 641 164 691 et
174 629 370 689 immutabilis
381 629 519 684 voluntas
529 627 688 702 Scripturis
697 627 912 701 consignatam
924 627 1068 700 sanguine
1079 645 1113 684 ac
1122 634 1217 684 morte
1228 626 1337 686 Christi

135 713 318 776 confirmata,
334 725 394 780 qua
408 705 526 762 Eiectos
538 707 640 762 fideles
654 724 722 762 suos
736 722 772 761 ex
787 723 850 762 asse
872 705 1002 762 haercdes
1023 705 1240 778 pronunciavit,
1255 705 1337 779 quod

136 788 279 856 Christus,
294 785 368 842 Luc.
390 783 461 840 xxii.
477 783 524 852 29,
538 801 599 839 nou
614 784 736 840 obscure
750 783 857 852 innuit,
874 783 967 855 “Ego
990 789 1114 850 ιιιιίιιμιι
1129 782 1255 858 dispono
1273 783 1337 860 (seu

136 867 323 923 Testamenta
334 860 456 994 addi⁰⁰1i
464 861 547 917 vobis
553 860 701 934 Regnum,
711 861 788 918 sicut
798 866 883 916 tasse·
894 861 1041 933 disposuit
1046 860 1119 916 mihi
1126 859 1213 916 Pater
1223 859 1336 918 meus.’'

139 944 179 1001 Et
194 942 271 999 Heb.
286 941 325 997 ix.
343 941 388 1008 15,
405 945 422 972 “
457 945 592 1012 ropterea
613 937 793 996 Testamenti
817 939 899 996 Novi
921 938 1018 995 factus
1033 944 1077 994 est
1098 938 1278 1011 Mediator,’'
1292 939 1336 994 iu-

136 1021 203 1096 quit
218 1020 340 1086 Paulus,
367 1026 384 1052 ‘⁶
394 1025 429 1073 ut
442 1023 536 1073 morte
550 1017 748 1074 intercedente
761 1018 798 1073 ad
813 1017 1047 1089 redemptionem
1061 1021 1249 1089 pcccatorum
1262 1034 1337 1091 prse-

134 1097 311 1165 cedentium,
329 1095 437 1154 Vocati
451 1094 596 1168 accipiant
616 1094 839 1168 promissionem
864 1101 980 1152 aeternae
1000 1093 1208 1150 baereditatis.’'
1250 1095 1337 1152 Bona

134 1178 191 1232 hoc
202 1175 391 1232 Testamento
401 1175 501 1246 legata
511 1191 571 1229 non
582 1171 729 1246 pertinent
742 1177 860 1229 tantum
873 1173 912 1230 ad
926 1172 1116 1230 hereditatem
1129 1172 1238 1240 mundi,
1249 1172 1335 1229 Rom.

134 1253 174 1309 ir.
191 1252 238 1321 13,
257 1251 349 1324 juxta
363 1269 454 1326 quam
477 1251 577 1307 omnia
599 1257 702 1307 nostra
723 1256 802 1319 sunt,
818 1250 834 1306 1
851 1249 920 1308 Cor.
935 1250 977 1306 iil.
994 1249 1041 1320 21,
1056 1251 1107 1308 sed
1129 1251 1277 1324 praecipue
1291 1257 1337 1306 est

134 1330 292 1388 haereditas
307 1329 380 1387 Coeli
395 1347 447 1386 seu
463 1327 560 1401 Regni
574 1330 725 1396 coelorum,
741 1326 851 1384 Matth.
865 1345 946 1398 xxv,
956 1327 977 1384 J
979 1347 1021 1386 ac.
1033 1328 1062 1384 ii.
1075 1329 1103 1384 ὅ.
1145 1329 1248 1402 Atque
1263 1330 1337 1385 adeo

136 1408 229 1482 ipsius
243 1407 308 1476 Dei,
324 1407 386 1480 qui,
401 1413 436 1462 ut
452 1415 496 1463 est
512 1424 662 1464 summum
684 1404 813 1474 Bonum,
828 1413 930 1462 nostra
945 1405 1042 1480 portio
1056 1411 1086 1460 et
1099 1407 1256 1464 haereditas
1277 1424 1337 1462 nou

136 1485 228 1542 semel
241 1485 357 1554 dicitur,
374 1483 449 1542 Gen.
463 1503 512 1540 xv.
530 1482 556 1554 1,
572 1483 651 1540 Psah
666 1482 726 1539 xvi.
741 1483 769 1551 ὀ,
783 1481 846 1541 Jer.
861 1503 889 1540 x.
907 1483 952 1553 16,
968 1491 1002 1540 ut
1023 1482 1125 1540 fideles
1146 1491 1216 1540 sunt
1239 1484 1337 1557 portio

135 1570 166 1620 et
179 1562 334 1620 haereditas
349 1561 415 1631 Dei,
431 1561 509 1620 Psal.
525 1561 689 1619 xxxiii.12.

177 1639 235 1698 VI.
259 1640 342 1697 Licet
362 1658 432 1697 vero
454 1639 645 1713 privilegium
668 1640 725 1696 hoc
748 1638 847 1714 qssoad
868 1659 937 1708 rent,
960 1656 1117 1696 commune
1141 1639 1178 1696 sit
1201 1638 1338 1696 fidelibus

136 1719 275 1775 omnibus
286 1717 403 1776 Veteris
413 1717 601 1786 Testamenti,
612 1735 673 1774 non
687 1717 786 1774 minus
799 1735 891 1791 quam
905 1715 996 1786 Novi,
1007 1717 1060 1790 qui
1073 1725 1103 1774 ct
1112 1717 1166 1773 filii
1177 1716 1234 1774 Dei
1244 1723 1338 1786 eraut,

136 1803 166 1853 et
176 1797 227 1869 jus
240 1795 420 1853 haereditatis
434 1795 558 1852 coelestis
571 1796 729 1866 habebant,
743 1796 781 1851 ad
796 1813 888 1869 quam
901 1801 968 1868 post
981 1802 1108 1852 mortem
1118 1793 1240 1852 admissi
1252 1802 1336 1864 sunt;

139 1873 259 1929 Certum
273 1881 429 1930 esttamen
444 1875 533 1947 longe
547 1873 694 1948 potiorem
707 1891 769 1929 esse
783 1875 840 1930 hac
852 1874 884 1928 in
897 1879 982 1947 parte
996 1873 1196 1930 conditionem
1204 1872 1337 1930 fidelium

137 1949 219 2007 Novi
234 1950 414 2008 Testamenti
428 1951 526 2027 quoad
540 1951 676 2020 modum
691 1951 744 2025 qui
756 1968 816 2006 non
826 1949 955 2025 amplius
970 1957 1042 2007 sunt
1055 1950 1085 2006 in
1099 1949 1230 2008 infantili
1240 1957 1337 2019 aetate,

137 2027 230 2085 habiti
244 2028 337 2085 instar
350 2047 503 2086 servorum
518 2030 573 2086 sub
587 2028 759 2102 paedagogis
773 2035 803 2084 et
815 2029 990 2084 rudimentis
1004 2027 1118 2097 mundi,
1134 2028 1186 2084 ubi
1200 2045 1254 2084 nec
1274 2045 1339 2084 sen-

137 2124 203 2162 sum
213 2124 267 2162 nec
278 2125 364 2162 usum
374 2108 497 2180 plenum
504 2106 582 2179 juris
591 2106 637 2162 sui
648 2105 756 2162 habere
765 2111 910 2179 poterant,
923 2105 1037 2179 Spiritu
1045 2105 1195 2162 servitutis
1206 2105 1339 2175 animati,

139 2183 196 2242 Sed
198 2185 263 2256 jain
269 2184 640 2258 edultietcmancipatiper
646 2181 1227 2253 Christum,admittunturadSacrarium
1233 2180 1339 2254 Patris,

138 2268 168 2318 et
191 2263 313 2335 plenum
334 2262 446 2318 habent
460 2280 578 2318 sensum
593 2269 623 2318 et
645 2261 776 2318 fructum
799 2259 884 2317 Juris
906 2261 961 2330 sui,
976 2267 1095 2334 accepto
1121 2259 1233 2334 Spiritu
1248 2261 1341 2334 adop·

138 2337 236 2408 tionis,
261 2338 348 2410 cujus
373 2339 471 2412 gratia
498 2341 681 2397 confidenter
704 2345 831 2412 possunt
854 2339 992 2408 clamare,
1018 2339 1109 2394 Abba
1131 2337 1228 2395 Pater.
1271 2337 1341 2405 Quo

139 2414 254 2472 Paulus
269 2415 390 2473 omnino
404 2416 530 2491 respicit,
545 2435 639 2491 quum
661 2416 704 2473 ait
719 2415 786 2474 Gal.
801 2415 839 2472 iv.
854 2416 882 2486 4,
898 2415 925 2487 5,
942 2423 959 2450 “
972 2416 1124 2474 Christum
1145 2415 1258 2472 factum
1280 2433 1342 2473 csse

81 2509 87 2516 ·
139 2493 195 2548 sub
210 2493 299 2565 Lege,
314 2499 349 2548 ut
368 2511 418 2549 eos
439 2493 491 2568 qui
511 2501 596 2552 erant
616 2495 671 2552 sub
692 2494 803 2568 Legc,’'
817 2493 928 2551 scilicet
948 2495 1004 2552 sub
1024 2492 1232 2550 maledictione
1254 2493 1343 2567 Legis

139 2569 275 2640 Moralis,
287 2577 317 2626 et
327 2571 467 2645 subjugo
479 2570 709 2642 Cseremonialis,
722 2579 739 2605 “
748 2572 915 2641 redimeret,
927 2579 957 2629 et
967 2579 1002 2629 ut
1012 2571 1203 2646 adoptionem
1211 2570 1343 2627 filiorum

139 2647 369 2722 acciperemus,”
384 2668 444 2706 non
459 2668 525 2707 eam
538 2651 637 2720 modo,
652 2669 713 2726 qua
726 2667 746 2707 a
757 2650 827 2708 filiis
841 2650 892 2706 irae
906 2656 937 2707 et
949 2648 1071 2706 Diaboli
1086 2646 1342 2716 discriminamur;

139 2725 293 2783 sedetiam
308 2745 382 2797 eam,
398 2746 459 2802 qua
478 2727 652 2784 excellimus
673 2746 763 2802 supra
783 2726 912 2784 infantes
931 2746 993 2783 non
1012 2726 1182 2782 differentes
1202 2743 1221 2781 a
1241 2724 1341 2784 servis.

142 2803 187 2862 Ut
199 2804 296 2861 fusius
309 2805 469 2879 probatum
482 2812 527 2862 est
542 2805 612 2862 Loc.
628 2805 707 2862 XII.
723 2805 769 2862 De
784 2804 907 2862 Foedere
920 2803 1033 2862 Gratiae
1049 2803 1107 2871 Qu.
1123 2823 1151 2859 x.

173 2881 251 2938 VII.
263 2881 310 2938 Ex
318 2883 428 2956 quibus
436 2883 478 2940 ita
486 2883 588 2958 positis
597 2883 755 2956 colligitur,
761 2882 873 2940 frustra
881 2883 1041 2940 nonnullos
1052 2881 1139 2938 anxie
1147 2879 1195 2938 hic
1204 2897 1343 2954 quaerere,

140 2961 292 3033 quomodo
306 2960 384 3016 inter
397 2979 427 3017 se
438 2961 578 3018 differant
590 2960 611 3017 J
614 2960 780 3030 notificatio,
795 2967 825 3016 et
839 2961 983 3036 Adoptio,
998 2959 1038 3016 Et
1052 2959 1102 3016 An
1117 2958 1249 3032 Adoptio
1263 2959 1345 3032 prior

139 3038 178 3093 sit
192 3045 299 3094 natura
307 3037 529 3112 justificatione,
545 3045 580 3096 ut
593 3039 718 3114 quidam
732 3039 853 3108 vellent,
868 3038 920 3112 qui
943 3057 1009 3096 eam
1031 3044 1150 3094 censent
1171 3035 1301 3109 primum
1315 3042 1345 3092 et

139 3115 344 3172 immediatum
357 3134 419 3173 esse
430 3116 498 3174 fidei
512 3117 727 3191 fructumque
743 3115 861 3174 Christo
877 3116 998 3172 unimur
1011 3121 1041 3172 et
1055 3113 1275 3188 conjungimur,
1293 3113 1342 3169 An

138 3211 208 3250 vero
223 3193 368 3268 posterior
381 3201 411 3250 et
424 3194 489 3267 ejus
502 3212 694 3270 consequens,
709 3201 744 3250 ut
758 3193 818 3250 alii.
860 3194 891 3251 N
893 3213 942 3250 arn
966 3211 1035 3250 cum
1057 3212 1093 3250 ex
1116 3192 1201 3249 dictis
1221 3198 1343 3264 constet,

137 3269 159 3327 J
162 3271 389 3327 notificationem
406 3290 469 3328 esse
483 3272 669 3342 beneficium,
689 3291 751 3345 quo
763 3272 845 3328 Deus
858 3272 944 3330 nobis
957 3272 989 3327 in
1005 3271 1122 3328 Christo
1135 3269 1344 3326 reconciliatus

139 3365 193 3404 nos
207 3349 334 3405 absolvit
350 3367 369 3406 a
382 3356 468 3406 reatu
481 3356 679 3424 peccatorum,
694 3355 725 3406 et
748 3348 769 3407 J
772 3368 806 3406 us
820 3350 858 3406 ed
872 3350 965 3406 vitam
979 3350 1081 3420 donat,
1095 3354 1177 3421 patet
1198 3347 1345 3422 Adoptio-

139 3443 207 3482 nem
221 3424 334 3483 includi
349 3427 380 3482 in
399 3426 464 3501 ipsa
473 3426 495 3483 J
498 3427 693 3484 ustificatione
705 3434 850 3501 tanquam
861 3435 984 3502 partem,
996 3445 1064 3500 quae
1078 3444 1147 3484 cum
1157 3432 1345 3499 pcccatorum

138 3503 308 3561 remissione
324 3509 422 3561 totum
436 3505 493 3562 hoc
507 3505 681 3562 beneficium
697 3504 868 3574 constituit;
890 3523 944 3560 nec
957 3523 1023 3561 eam
1044 3522 1130 3578 posse
1143 3504 1287 3578 distingui
1308 3505 1345 3560 nb

139 3581 321 3655 Adoptione,
336 3581 394 3638 nisi
416 3589 564 3656 quatenus
588 3582 717 3639 sumitur
739 3582 838 3639 stricte
860 3601 914 3656 pro
939 3582 1125 3639 Remissione
1147 3589 1345 3656 peccatorum,

138 3659 251 3716 cumin
273 3666 419 3734 conceptu
443 3677 498 3716 suo
519 3659 640 3716 formali
663 3660 799 3717 includat
820 3659 910 3716 etiam
933 3661 1168 3735 acceptationem
1190 3661 1229 3716 ad
1243 3659 1345 3730 vitam,

139 3753 206 3808 quae
222 3753 259 3790 ex
269 3737 466 3810 imputatione
476 3737 490 3810 j
495 3737 602 3794 ustitiae
619 3737 732 3794 Christi
745 3737 821 3794 fluit.

181 3810 279 3868 VIII.
301 3813 410 3886 Neque
425 3817 474 3873 hic
489 3815 623 3889 Adoptio
638 3814 848 3872 confundenda
868 3821 913 3872 est
933 3833 1002 3872 cum
1022 3814 1142 3873 Unione
1163 3819 1265 3870 nostra
1278 3831 1346 3870 cum

142 3887 269 3946 Christo.
305 3889 389 3946 Licet
397 3893 476 3948 enim
487 3911 523 3950 ex
537 3911 573 3950 ea
580 3893 656 3949 fluat
668 3891 841 3962 necessario,
851 3899 912 3950 uta
926 3910 980 3948 sua
993 3911 1083 3948 causa
1096 3899 1126 3947 et
1138 3890 1344 3964 fundamento,

140 3965 250 4038 quippe
264 3984 301 4021 ex
316 3965 436 4025 Unione
450 3987 518 4026 cum
534 3969 651 4028 Christo
665 3971 775 4044 pendet
789 3967 968 4026 Communio
983 3967 1117 4024 omnium
1131 3966 1197 4038 ejus
1210 3967 1346 4024 benefici-

139 4059 236 4110 orum,
259 4049 324 4098 tum
341 4043 570 4115 justificationis,
598 4054 663 4104 tum
686 4046 931 4114 sanctificationis,
953 4051 983 4101 et
1003 4044 1126 4116 gloriae:
1155 4041 1186 4098 N
1189 4061 1228 4098 on
1250 4052 1347 4118 potest

140 4127 249 4195 tamen,
273 4120 298 4176 si
319 4128 456 4179 accurate
477 4123 561 4196 loqui
575 4125 723 4198 volumus,
747 4142 815 4181 curn
839 4141 875 4180 ea
898 4121 1088 4191 identificor13
1110 4123 1161 4178 sed
1183 4121 1222 4176 ad
1236 4139 1300 4178 eam
1316 4141 1346 4180 sc

140 4197 231 4253 habet
244 4203 279 4254 ut
293 4197 430 4256 effectum
445 4201 482 4256 ad
497 4217 623 4256 causam.
665 4201 747 4258 Hinc
760 4201 839 4257 enim
853 4201 895 4268 fit,
906 4205 939 4255 ut
954 4197 1071 4256 Christo
1087 4196 1184 4272 Capiti
1199 4206 1301 4255 nostro
1316 4207 1346 4256 et

140 4274 198 4333 Dei
210 4272 413 4348 Primogenito
438 4277 523 4347 uniti,
544 4277 665 4350 justitia
686 4277 779 4353 ipsius
800 4275 1012 4352 perfectissima
1024 4283 1127 4332 nostra
1148 4278 1200 4333 fiat
1224 4293 1276 4350 per
1290 4276 1347 4335 Dei

138 4351 377 4425 imputationem,
392 4361 423 4410 et
435 4354 504 4412 fidei
518 4354 725 4429 receptionem,
740 4373 777 4410 ex
792 4372 853 4429 qua
872 4355 982 4428 pendet
1002 4359 1067 4410 tum
1088 4353 1236 4411 absolutio
1251 4371 1347 4428 apec-

138 4430 220 4499 catis,
230 4436 296 4486 turn
310 4431 431 4505 adoptio
442 4449 494 4489 seu
508 4432 718 4507 acceptatioad
732 4432 825 4488 vitam
839 4439 869 4488 et
882 4431 1086 4488 hereditatem
1098 4431 1253 4501 coelestem,
1266 4433 1347 4505 quod

136 4507 189 4580 jus
203 4514 248 4564 est
261 4507 400 4564 filiorum.
443 4509 603 4585 Quotquot
616 4509 697 4566 enim
718 4509 896 4583 dignitatem
920 4509 1008 4565 istam
1022 4509 1165 4578 obtinent,
1180 4526 1241 4566 non
1257 4510 1347 4566 modo

139 4591 334 4642 assumuntur
355 4585 386 4640 in
411 4585 560 4644 familiam·
578 4586 644 4657 Dei,
659 4592 695 4642 ut
719 4585 778 4643 sint
802 4586 867 4659 ejus
886 4585 1049 4656 domestici,
1070 4584 1137 4644 Gal.
1160 4585 1200 4643 vi.
1227 4584 1272 4653 10,
1295 4587 1348 4661 qui

138 4661 197 4718 sint
212 4681 326 4738 semper
341 4664 396 4720 sub
418 4671 543 4738 paterna
564 4664 621 4721 Dei
643 4663 747 4734 tutela,
768 4664 806 4720 ab
828 4663 892 4736 ipso
916 4664 1078 4737 pendentes
1099 4681 1152 4738 pro
1175 4663 1348 4738 nutritione,
