3186 5210
138 419 249 466 euaar.
267 398 322 482 va]
546 419 584 458 uu
607 417 776 458 recurrere
798 417 835 456 ar
857 417 935 457 eron.
1288 405 1344 460 491

138 553 353 618 nensufficiunt
367 558 1081 633 adconversionem,nisiaeeedatvirtusinternaet
1101 559 1284 618 vorticordia.
1299 559 1348 616 Li·

140 649 186 698 eet
201 659 270 696 vere
285 639 351 696 talis
361 638 531 716 poenitentia
540 659 597 696 nen
608 637 769 696 suffecisset
783 637 821 694 ad
831 637 945 695 illerum
955 639 1171 697 conversionem
1181 640 1348 712 etaalutem,

140 717 902 790 sufficiebattamenadJudaeerumcondemnationem,
912 717 962 794 qui
971 717 1348 777 totvirtutibusChristiex-

138 798 228 870 citetI,
239 817 275 855 ne
284 798 433 855 minimum
440 798 557 874 quidem
568 797 787 856 etiamextemae
798 796 1063 874 istiuspoenitcntiae
1075 797 1348 856 metumediderant.

181 877 293 934 XXX.
316 877 410 935 hctus
422 877 601 952 obedientiae,
618 876 668 952 qui
678 876 846 954 producitur
860 897 894 934 ea
908 877 1084 952 efficacitate,
1100 897 1158 954 qua
1171 877 1274 955 posita,
1289 895 1348 934 uon

139 967 235 1033 potest
253 977 311 1014 non
334 959 458 1015 existere
478 965 567 1030 actus,
583 975 642 1015 noa
669 955 775 1014 desinit
789 975 852 1014 esse
866 955 948 1032 liber,
963 965 1050 1032 atque
1077 957 1151 1015 adeo
1171 977 1241 1016 vero
1266 963 1348 1014 actus

139 1036 319 1110 obedientiae,
336 1036 360 1094 si
374 1036 528 1095 efficacitas
538 1036 589 1093 illa
608 1055 702 1112 neque
716 1035 776 1092 vim
791 1035 879 1093 ullam
889 1035 999 1093 homini
1009 1035 1120 1112 inferat,
1131 1057 1184 1100 nec
1193 1036 1348 1095 necessita-

139 1125 198 1174 tem
213 1117 326 1173 brutam
341 1124 370 1174 et
383 1117 534 1193 physicam
547 1114 673 1191 inducat,
690 1113 741 1173 sed
756 1115 995 1191 spontaneitatem
1020 1135 1101 1174 arram
1116 1125 1145 1175 et
1159 1142 1178 1170 a
1190 1123 1280 1190 ratem·
1308 1121 1351 1180 illi

139 1195 293 1271 relinquat,
303 1195 382 1271 quod
395 1197 518 1272 gratiam
532 1195 626 1254 secare
640 1193 845 1270 pertendimus.
889 1193 955 1252 Non
970 1194 1076 1254 desinit
1089 1197 1166 1254 enim
1177 1145 1263 1255 homo
1274 1203 1351 1260 velle

139 1274 285 1332 liberrime
308 1274 386 1351 qued
414 1276 487 1350 vult,
509 1275 564 1334 etsi
589 1274 619 1332 id
633 1275 697 1333 vult
718 1273 889 1348 necessarie,
912 1293 966 1332 nee
980 1275 1075 1350 gratia
1088 1295 1153 1352 que
1167 1276 1299 1338 volentes
1313 1283 1349 1340 de

140 1354 307 1412 uolentibus
321 1353 398 1428 facit,
421 1355 583 1413 libertatem
598 1353 683 1426 tollit,
700 1353 751 1411 aad
773 1352 908 1426 restituit,
923 1353 992 1429 quia
1015 1354 1091 1412 ultre
1106 1364 1215 1413 etcum
1242 1361 1350 1433 gaudio

141 1433 249 1492 servire
274 1434 337 1492 Deo
363 1433 483 1492 libertas
510 1443 563 1492 est.
607 1441 695 1506 Πςόσιι
708 1437 799 1498 'tana
834 1431 1076 1490 Adversarierum
1104 1443 1157 1508 ast,
1185 1435 1349 1498 libertatem

140 1513 265 1590 positam
279 1533 343 1571 csse
364 1513 394 1570 in
409 1520 534 1586 stirpata,
555 1531 609 1572 nee
634 1511 790 1570 consistere
813 1531 898 1588 pesse
923 1531 989 1570 cum
1002 1513 1181 1589 necessitate,
1197 1517 1275 1590 quod
1289 1539 1348 1577 uon

139 1593 228 1650 semel
242 1591 430 1651 refutavimus
451 1593 585 1669 exemplo
599 1592 781 1669 Angelorum
802 1599 831 1650 et
855 1592 1020 1666 Rectorem,
1036 1611 1158 1668 quomm
1184 1601 1265 1654 actus
1280 1599 1350 1657 ebe-

139 1671 257 1730 dientiaa
272 1681 316 1731 est
336 1673 454 1749 quidem
467 1671 647 1731 necessarius
662 1679 691 1729 et
704 1670 874 1744 infallibilis,
891 1671 943 1729 sed
964 1679 1060 1728 tamen
1082 1671 1254 1734 liberrimus.

182 1751 313 1809 XXXI.
337 1753 419 1810 Licet
439 1753 533 1828 gratia
557 1751 736 1810 voluntatem
760 1750 887 1808 hominis
910 1750 1030 1808 inclinet
1044 1759 1073 1808 et
1095 1751 1192 1810 flectat
1214 1753 1348 1814 irresisti-

139 1830 255 1907 biliter;
278 1832 359 1890 nulla
369 1839 465 1890 tamen
479 1831 527 1889 hic
542 1831 653 1889 coactio
667 1829 804 1906 fingenda
819 1837 872 1888 est.
890 1833 915 1887 l.
939 1829 1013 1904 Quia
1028 1831 1056 1887 in
1073 1831 1220 1889 coactione
1241 1834 1348 1912 prinei·

139 1911 220 1987 pium
245 1919 289 1969 est
311 1919 423 1969 tautum
447 1912 651 1985 extrinsecum,
677 1910 715 1967 ad
736 1908 823 1986 qued,
849 1909 899 1984 qui
923 1916 1045 1985 cegttur,
1071 1910 1143 1968 nihil
1167 1912 1286 1987 confert,
1302 1914 1349 1972 hic

141 2009 212 2047 vero
231 1989 317 2048 datur
340 1991 426 2048 etiam
448 1991 644 2064 intrinsecum,
660 1988 728 2065 quia
750 1989 843 2066 gratia
867 1996 911 2046 est
925 1989 1021 2046 anima
1042 1990 1145 2047 anima
1164 1999 1278 2050 uestrae.
1321 1997 1349 2051 2.

138 2069 259 2128 Coactio
274 2089 334 2127 non
359 2069 392 2128 fit
416 2077 526 2128 naturae
549 2076 749 2145 congruenter,
774 2068 826 2126 sed
846 2069 996 2126 cenversio
1011 2077 1142 2127 naturam
1157 2071 1278 2145 perficit.
1321 2076 1349 2131 3.

143 2149 327 2224 Impossibile
342 2157 386 2207 est
406 2157 435 2207 et
449 2157 579 2205 aarum..
597 2148 778 2206 voluntatem
799 2147 872 2224 cogi,
889 2147 957 2224 quia
979 2147 1021 2206 aie
1042 2157 1118 2207 esset
1131 2149 1277 2227 noluntas,
1293 2171 1351 2210 non

141 2229 287 2286 voluntas.

184 2307 331 2365 XXXII.
354 2307 494 2382 Quamvis
507 2327 565 2365 oen
580 2307 629 2366 alii
646 2305 776 2365 converti
789 2306 910 2383 possint,
933 2325 1019 2382 quam
1034 2307 1084 2383 qui
1097 2315 1164 2365 actu
1179 2318 1350 2369 convertun-

142 2395 192 2445 tur
203 2408 210 2460 ;
222 2387 299 2444 'Non
313 2388 442 2464 sequitur
466 2387 571 2446 frustm
591 2397 620 2445 et
634 2385 812 2463 hypocritiee
826 2385 899 2444 alies
912 2387 1030 2460 vocari3
1053 2387 1121 2463 quie
1135 2387 1184 2445 alii
1199 2397 1266 2448 sunt
1279 2389 1352 2448 fines

142 2464 229 2523 istius
243 2465 419 2542 Vocatienis,
432 2474 464 2526 ut
478 2475 562 2525 antea
576 2466 694 2542 dietum,
710 2465 760 2542 qui
776 2466 870 2524 Deum
882 2465 919 2524 ab
928 2465 1006 2523 omni
1021 2466 1203 2526 simulatione
1217 2477 1247 2527 et
1261 2469 1352 2546 hypo·

144 2545 214 2602 crisi
227 2545 358 2605 liberant.

187 2624 351 2684 XXXIII.
374 2625 541 2684 Resisteatia
566 2623 635 2682 Alia
656 2632 700 2682 est
709 2625 846 2700 partialis
869 2631 899 2682 et
921 2625 1095 2700 incompleta,
1120 2645 1185 2702 quae
1206 2636 1302 2702 petest
1315 2628 1353 2685 ad

143 2713 257 2782 tempus
271 2704 431 2782 oppugnari
456 2712 485 2761 et
502 2703 612 2779 obniti;
649 2703 718 2761 Alia
739 2705 830 2762 totalis
852 2711 881 2761 et
901 2707 1045 2780 completa,
1061 2723 1125 2779 quae
1149 2725 1207 2763 nen
1232 2715 1352 2780 tantum,

142 2793 239 2862 potest
253 2785 291 2843 ad
315 2794 427 2860 tempus
442 2783 575 2841 resistere
599 2783 700 2858 gratiae
714 2783 881 2861 operationi,
914 2783 966 2841 aed
986 2783 1065 2840 illam
1079 2802 1197 2859 prorsus
1212 2785 1350 2861 inpedire,

145 2873 175 2922 et
200 2863 309 2922 irritam
322 2864 451 2922 reddere.
495 2863 561 2920 Non
575 2881 715 2939 negamus
729 2864 875 2920 heminam
895 2862 1028 2920 resistere
1047 2881 1132 2939 pessa
1148 2864 1211 2921 Deo
1222 2865 1348 2922 vocanti.

143 2943 208 3000 Ime
226 2943 349 3001 fatemur
369 2963 428 3001 non
449 2961 533 3019 posse
547 2961 606 3000 nen
627 2943 760 3000 resistere
774 2941 863 3018 priori
877 2941 1048 3000 resistentia.
1093 2942 1151 3000 Sed
1176 2962 1233 3000 non
1255 2952 1350 3019 peste-

143 3042 221 3080 rrerr.

186 3101 344 3160 XXXIV.
368 3101 446 3177 Quos
471 3101 550 3159 Deua
575 3099 717 3158 ordinaria
739 3118 791 3176 per
813 3100 906 3157 solum
920 3098 1052 3158 Verbum
1077 3101 1232 3177 Evangelii
1254 3109 1349 3174 vocat,

143 3182 209 3239 illes
230 3201 265 3240 ea
285 3181 453 3240 efficacitate
475 3199 534 3239 non
548 3180 612 3238 vult
637 3189 812 3254 convertere,
829 3199 886 3255 qua
900 3179 1002 3255 posita,
1017 3199 1076 3237 nen
1090 3181 1202 3256 possint
1215 3200 1274 3238 non
1288 3199 1349 3238 cre·

142 3261 211 3319 dere
226 3269 255 3319 et
269 3281 299 3319 se
314 3269 490 3319 convertere.
535 3259 593 3318 Sed
606 3279 664 3317 non
679 3258 779 3317 eadem
794 3267 839 3316 est
852 3259 925 3317 ratio
946 3277 1053 3334 cerum,
1071 3279 1144 3336 ques
1157 3278 1209 3336 per
1220 3259 1350 3318 Verbum

143 3349 173 3399 et
189 3341 326 3417 Spiritum
342 3339 427 3398 simul
441 3348 536 3414 vocat,
551 3339 630 3415 qued
643 3339 712 3396 facit
726 3357 795 3415 erga
809 3357 908 3396 omnes
923 3338 1048 3413 Electos,
1064 3340 1133 3416 quia
1149 3339 1273 3416 Spiritus
1287 3357 1350 3396 earn

143 3420 262 3479 adhibet
276 3419 482 3486 efficacitatem,
498 3439 563 3496 quse
573 3426 689 3495 superat
700 3431 819 3476 omnem'
828 3417 987 3475 veluntatis
1001 3417 1202 3476 resistentiam.
1226 3419 1351 3496 Spiritus

143 3507 239 3558 erstem
261 3500 405 3558 concurrit
424 3520 490 3558 cum
504 3499 611 3572 Verbo,
636 3506 665 3556 et
679 3497 808 3556 Verbum
824 3517 889 3555 cum
916 3496 1033 3574 Spiritu,
1058 3517 1117 3555 non
1142 3499 1349 3572 collateraliter,

142 3589 175 3638 ut
190 3579 300 3655 aliquid
314 3587 382 3656 agat
403 3580 542 3651 Verbum,
567 3577 645 3653 quod
669 3577 792 3653 Spiritus
816 3596 874 3635 non
902 3585 978 3652 agat,
1003 3576 1054 3635 sed
1081 3579 1268 3652 subordinate,
1291 3597 1349 3636 non

141 3658 258 3734 quidem
280 3658 515 3717 subordinatione
530 3656 701 3730 successiva,
718 3665 750 3714 ut
771 3655 811 3713 ibi
832 3656 948 3714 demum
969 3655 1088 3733 incipiat
1110 3659 1185 3716 actio
1213 3659 1346 3735 Spiritus,

144 3737 195 3794 ubi
210 3736 300 3794 Verbi
315 3738 442 3796 efficacia
456 3736 571 3810 desinit,
587 3735 638 3793 sed
659 3735 893 3793 subordinatione
913 3736 1092 3811 simultanea,
1108 3757 1172 3813 quaa
1187 3745 1231 3796 est
1245 3739 1350 3795 iustru-

145 3815 236 3872 menti
260 3815 297 3872 ad
311 3836 424 3876 causam
440 3815 635 3894 principalem,
654 3833 718 3890 quae
732 3814 779 3872 hic
798 3823 843 3872 eat
860 3815 984 3892 Spiritus
1007 3816 1140 3890 Sanetus,
1155 3817 1205 3892 qui
1220 3815 1350 3873 bilariam

145 3903 288 3968 operatur,
305 3903 366 3952 tum
378 3897 407 3953 in
422 3896 529 3970 Verbo,
546 3903 606 3953 tum
621 3894 651 3950 in
671 3893 772 3968 Corde,
794 3894 829 3951 In
844 3891 943 3953 Verbo
955 3894 1111 3968 suadendo,
1126 3895 1157 3950 in
1178 3893 1271 3951 Corde
1285 3913 1349 3968 per·

147 3970 305 4044 suadendo,
328 3973 363 4029 In
382 3974 481 4033 Verbo
505 3975 641 4048 objectiva,
667 3973 704 4030 In
732 3973 825 4031 Corde
849 3974 1004 4047 efficaciter.
1047 3973 1079 4030 Si
1102 3973 1230 4030 Verbum
1257 3971 1349 4029 solum

144 4058 334 4125 concurreret,
348 4052 410 4128 ejus
421 4055 466 4111 vis
475 4053 591 4112 omnino
606 4061 682 4111 esset
691 4052 854 4110 resistibilis
866 4075 873 4127 ;
891 4053 948 4110 Sed
959 4052 1027 4128 quia
1039 4051 1176 4124 Verbum,
1187 4051 1216 4107 in
1229 4051 1347 4124 Electis,

145 4147 294 4205 nunquam
306 4129 470 4190 destituitur
486 4133 603 4210 Spiritu,
617 4131 688 4190 Ideo
702 4151 848 4208 nunquam
864 4139 960 4189 manet
973 4131 1004 4187 in
1019 4131 1089 4206 ipsis
1100 4130 1193 4206 gretia
1204 4127 1347 4186 inefficax.

188 4207 329 4265 XXXV.
353 4209 575 4270 Irresistibilites
599 4210 699 4288 gratiae
724 4231 781 4269 nen
807 4219 902 4286 potest
924 4209 1059 4266 inducere
1083 4208 1274 4281 securitatem,
1301 4207 1348 4264 vel

144 4287 363 4364 negligentiam,
384 4299 413 4348 et
437 4299 631 4368 contemptum
645 4290 824 4348 mediorum:
846 4289 915 4365 quia
938 4287 1126 4346 irresistibilis
1150 4287 1295 4345 Deiectio
1320 4295 1350 4346 et

144 4366 312 4426 immediata
326 4367 357 4424 iu
382 4369 515 4444 animam,
530 4389 587 4428 non
608 4369 746 4444 excludit,
763 4369 814 4428 sed
837 4365 971 4445 supponit
991 4366 1087 4424 media
1100 4375 1228 4436 externa,
1244 4364 1349 4441 quihus

149 4450 231 4508 Deus
246 4447 336 4506 utitur
350 4447 387 4506 ad
401 4449 455 4505 hec
470 4468 541 4525 opus
554 4449 759 4526 peragendum.
