3150 5206
143 383 258 434 suffl-
274 366 319 449 ι]
588 388 627 428 ns
642 387 767 430 rmosas
781 389 909 432 asarum.
1289 365 1344 422 177

141 533 209 602 post
258 525 327 585 llem
342 547 423 587 suam
443 527 610 606 depositam,
626 537 656 588 et
676 549 779 607 corpus
793 550 810 589 a
823 529 970 590 vermibus
991 535 1190 605 consumptum
1210 523 1248 583 sit
1261 521 1343 582 resti·

141 613 211 663 tucn
233 606 312 664 usin
325 606 479 685 integrum,
494 615 524 665 et
537 627 623 666 carne
634 627 686 668 sua
697 609 792 668 Deum
802 610 927 669 visurus.
959 611 988 668 4.
1004 610 1070 668 Non
1083 614 1179 685 potest
1191 605 1254 663 haec
1266 600 1342 660 visio

143 683 314 760 simpliciter
325 685 424 745 referri
438 687 475 744 ad
489 687 683 764 cognitionem
696 688 831 765 potentie
845 697 876 749 et
894 688 1083 767 providentie
1098 684 1163 760 Dei,
1178 684 1215 742 ds
1228 701 1287 760 qua
1299 680 1342 740 lo·

141 763 241 839 quitur
262 783 325 841 cap.
340 765 403 823 xlii.
424 767 452 841 5,
466 765 518 825 ubi
538 766 634 825 Jobus
656 767 737 827 audit
751 768 845 828 Deum
859 787 890 828 se
912 768 1076 827 immediate
1089 767 1292 842 alloquentem,
1314 768 1344 818 ct

141 843 291 920 experitur
310 845 375 922 ejus
396 845 578 922 praesentiam
598 847 717 924 propius
737 865 824 923 quam
846 856 939 924 antea,
954 867 1020 926 quae
1040 846 1072 905 in
1091 866 1126 906 eo
1148 843 1252 903 senam
1265 857 1342 899 com-

142 922 329 998 punctionem
343 925 469 1000 excitat;
490 924 627 1001 quiahoc
640 945 741 1004 parum
754 926 878 987 iaciebat
891 927 929 985 ad
942 927 1006 1004 ejus
1020 925 1171 1000 solatium3
1193 940 1247 981 nec
1265 924 1344 978 certo

141 1000 170 1058 ei
183 1002 356 1077 persumere
407 1011 482 1062 teret
495 1003 540 1062 eui
553 1004 771 1081 restitutionem,
787 1025 840 1066 nec
854 1006 880 1065 ai
892 1007 1090 1083 persuasisset,
1105 1010 1218 1083 poterat
1230 1007 1343 1059 tantum

142 1080 282 1156 gandium
297 1091 326 1140 et
339 1023 407 1141 lidii
420 1085 585 1162 warescapiis
597 1083 629 1142 in
642 1103 676 1144 eo
690 1085 819 1161 gignere.
861 1085 941 1162 Ergo
955 1085 991 1144 de
1005 1085 1117 1144 visione
1135 1080 1268 1142 beatifica
1280 1095 1341 1136 rec·

141 1159 202 1217 tius
215 1159 395 1236 intelligitur,
410 1163 494 1239 cujus
515 1183 565 1240 spe
587 1181 618 1221 sc
641 1163 787 1226 solabatur
806 1163 837 1222 in
851 1163 994 1240 arumnis,
1009 1172 1039 1223 et
1051 1183 1103 1241 per
1124 1179 1211 1240 quam
1225 1175 1343 1220 securus

141 1237 245 1297 salutis
259 1247 372 1298 aetemse
385 1241 622 1300 resurrectionem
636 1261 717 1301 suam
731 1243 889 1302 certissime
903 1243 1083 1322 expectabat

185 1317 262 1376 XX.
294 1318 361 1377 Non
374 1320 471 1379 verius
491 1321 673 1380 contenditur
695 1320 800 1380 Daniel
819 1323 870 1382 xii.
892 1326 920 1399 2,
941 1341 1001 1381 ιιοιι
1023 1321 1073 1400 agi
1086 1319 1122 1380 de
1136 1314 1343 1379 resurrectione

142 1395 302 1456 universali
316 1407 501 1474 mortuorum,
516 1399 585 1476 quia
597 1399 636 1458 ad
655 1403 754 1460 medos
767 1407 879 1460 tantum
893 1400 1023 1476 refertur,
1038 1399 1140 1462 cedde
1161 1393 1342 1457 restitutione

143 1475 245 1552 popuii
258 1475 378 1536 Judaici
397 1497 435 1536 ex
456 1479 568 1556 ingenti
588 1479 758 1557 calamitate,
774 1499 861 1556 quam
882 1482 937 1540 sub
951 1479 1098 1540 Antiocho
1121 1495 1258 1556 passums
1271 1480 1342 1548 erat,

143 1573 211 1631 quse
223 1563 340 1615 notetur
352 1575 404 1634 per
416 1559 488 1617 illud
499 1567 612 1634 tempus,
625 1558 687 1617 scil.
698 1557 735 1617 de
749 1579 807 1637 qno
820 1559 969 1637 hucusque
980 1579 1073 1619 sermo
1086 1558 1188 1631 fuerat,
1202 1554 1280 1632 quod
1288 1551 1344 1612 tuit

144 1641 259 1710 tempus
266 1635 413 1695 Antiochi.
437 1640 463 1695 l.
475 1636 549 1711 Quia
559 1636 649 1696 verba
656 1637 720 1714 ipsa
730 1639 903 1697 contrarium
912 1639 1057 1712 evinctum,
1064 1637 1170 1715 qnippe
1179 1654 1244 1714 quae
1252 1638 1345 1710 agunt

144 1711 182 1771 de
196 1716 403 1774 resurrectione
417 1717 530 1793 proprie
544 1716 622 1776 dicta
635 1737 673 1775 ex
692 1717 811 1793 pulvere
825 1726 917 1794 terre,
933 1717 1011 1777 etde
1025 1717 1077 1776 tali
1097 1735 1162 1794 quae
1175 1715 1221 1790 sit,
1237 1711 1286 1771 vel
1305 1709 1344 1770 ad

144 1791 237 1850 vitam
251 1801 395 1872 eternam,
405 1796 453 1854 vel
467 1795 504 1854 ad
518 1796 702 1873 opprobrium
716 1804 871 1872 aetemum5
895 1795 953 1856 Sed
963 1794 1095 1855 liberatio
1105 1791 1272 1871 temporalis
1285 1807 1344 1848 non

144 1879 242 1948 potest
255 1872 313 1931 dici
326 1874 364 1932 ad
377 1875 467 1932 vitem
481 1883 625 1950 eternam,
637 1893 703 1933 cum
716 1874 817 1934 fideles
831 1875 925 1934 adhuc
936 1875 994 1934 sint
1004 1875 1090 1935 morti
1103 1870 1231 1946 obnoxii,
1242 1889 1295 1928 nec
1306 1867 1344 1926 ad

144 1951 329 2028 opprobrium
344 1961 490 2029 aternum,
506 1973 571 2013 cum
591 1954 723 2012 homines
741 1954 908 2032 resipiscere
928 1953 1048 2033 possint.
1090 1957 1119 2012 2.
1140 1953 1207 2011 Non
1226 1965 1345 2010 necesse

144 2039 190 2088 est
204 2038 237 2089 ut
249 2037 363 2110 tempus
376 2031 449 2091 illud
463 2032 570 2110 dequo
584 2033 681 2110 agitur
693 2052 723 2091 v.
739 2035 765 2108 1,
780 2033 960 2111 intelligetur
973 2033 1009 2092 de
1022 2041 1159 2110 tempore,
1184 2049 1242 2108 quo
1256 2026 1343 2087 Anti·

144 2108 236 2168 ochus
251 2110 410 2170 Ecclesiam
425 2113 595 2189 gravissima
609 2120 670 2172 erat
683 2120 892 2189 persecuturus,
904 2113 972 2190 quia
982 2112 1094 2189 phrasis
1104 2111 1156 2169 illa
1169 2127 1245 2186 ssepe
1256 2106 1343 2167 sumi·

143 2196 193 2246 tur
206 2189 268 2247 sine
281 2190 342 2249 ullo
356 2189 394 2248 ad
406 2191 597 2267 precedentis
610 2199 750 2269 respectu,
762 2199 795 2253 ut
809 2191 881 2250 Mat.
896 2191 937 2251 iii.
954 2195 980 2269 1,
996 2198 1025 2250 et
1038 2190 1077 2249 iv.
1095 2194 1121 2265 l,
1136 2197 1165 2248 et
1177 2193 1205 2246 ri
1219 2210 1235 2246 a
1249 2191 1345 2263 potest

145 2267 243 2326 valere
252 2279 327 2346 post,
343 2277 375 2328 ut
388 2269 411 2330 J
411 2289 452 2330 os.
467 2290 496 2328 v.
512 2273 544 2347 ὃς
568 2277 599 2330 ut
612 2271 651 2329 sit
664 2289 775 2347 sensus,
791 2271 862 2329 Post
875 2271 955 2329 illam
968 2269 1068 2348 populi
1081 2267 1280 2328 liberationem
1293 2282 1345 2342 per

146 2344 287 2405 Antiochi
300 2356 429 2424 mortem,
445 2349 502 2408 alia
515 2349 606 2408 multo
620 2348 759 2408 illustrior
779 2349 914 2410 succedet
932 2369 983 2428 per
997 2347 1168 2408 Michaelem
1193 2345 1233 2405 id.
1249 2343 1345 2404 Chris·

147 2433 218 2500 tum,
234 2425 275 2484 ita
288 2435 384 2486 tamen
398 2436 431 2486 ut
444 2429 622 2488 calamitates
632 2428 811 2505 gravissime
822 2428 993 2506 praecedant,
1005 2447 1078 2505 quas
1089 2391 1193 2486 deinde
1203 2442 1346 2484 resurrec-

146 2503 189 2562 tio
214 2503 298 2564 beata
321 2507 454 2583 excipiet
507 2508 633 2586 Tempus
656 2527 726 2584 ergo
748 2507 835 2582 istud,
850 2506 929 2585 quod
953 2507 1138 2566 subsecutum
1160 2513 1205 2564 est
1224 2510 1346 2562 mortem

149 2582 297 2660 Antiochi,
312 2585 366 2645 iirit
380 2595 493 2663 tempus
507 2586 671 2663 Evangelii,
681 2606 738 2664 quo
750 2586 882 2646 Christus
895 2605 968 2664 opus
979 2584 1196 2662 Redemptionis
1208 2581 1346 2642 Ecclesia

148 2663 250 2722 debuit
263 2665 385 2741 exequi;
417 2673 447 2723 et
467 2665 537 2742 quia
559 2663 672 2724 duobus
693 2665 801 2740 Christi
821 2665 994 2724 adventibus
1011 2665 1180 2738 continetur,
1195 2662 1296 2739 primo,
1319 2668 1349 2718 et

148 2743 284 2818 secundo,
300 2751 392 2802 totum
406 2745 454 2802 hic
468 2763 485 2802 a
501 2743 608 2820 Spiritu
625 2743 732 2802 Sancto
746 2744 1005 2820 comprehenditur,
1017 2744 1085 2820 quia
1098 2761 1156 2801 non
1166 2739 1348 2818 persequitur

146 2831 315 2897 perpetuam
328 2843 423 2882 rerum
438 2830 466 2882 et
480 2830 641 2900 temporum
655 2822 765 2897 seriem,
782 2823 833 2881 aed
847 2831 959 2881 tantum
973 2830 1055 2881 notat
1068 2821 1197 2897 insignes
1208 2818 1347 2876 Ecclesiae

147 2908 241 2958 status
264 2902 474 2960 conversiones.
528 2901 705 2978 Designatur
726 2901 816 2978 igitur
834 2901 891 2976 hic,
915 2903 942 2959 1.
964 2901 1090 2977 Tempus
1106 2897 1191 2976 primi
1204 2896 1347 2954 adventus

149 2978 265 3053 Christi,
281 2986 310 3038 et
333 2979 404 3057 quid
425 2979 552 3038 lecturus
574 2989 650 3038 esset
663 2980 695 3037 in
714 2981 837 3057 gratiam
852 2979 1010 3053 Ecclesiae3
1041 2983 1069 3037 2.
1084 2979 1211 3053 Tempus
1228 2972 1346 3033 secundi

147 3056 291 3116 adventus
305 3059 335 3115 in
349 3059 556 3118 resurrectione
570 3077 621 3118 seu
634 3058 781 3118 felicitatis
795 3059 1012 3136 complemento,
1027 3075 1057 3115 v.
1072 3059 1101 3114 2.
1129 3055 1238 3113 Mirum
1251 3059 1348 3110 autem

147 3136 243 3194 videri
256 3155 315 3195 non
329 3137 423 3211 debet,
439 3139 464 3196 si
478 3137 614 3196 transitus
628 3137 675 3195 hic
685 3137 736 3195 fiat
746 3156 764 3194 a
773 3137 865 3215 primo
876 3136 1004 3196 adventu
1015 3135 1122 3194 Christi
1132 3133 1170 3191 ad
1180 3130 1346 3205 secundum,

148 3222 179 3274 et
193 3216 405 3293 conjungantur
418 3225 548 3293 tempora
561 3215 646 3274 valde
661 3215 806 3292 disjuncta
821 3215 858 3273 ob
871 3234 969 3274 eorum
983 3213 1209 3286 similitudinem,
1219 3218 1252 3270 nt
1262 3210 1347 3269 Matt.

148 3295 242 3368 xxiv,
258 3295 370 3353 eversio
384 3295 498 3371 Templi
518 3303 547 3354 ct
560 3293 668 3354 Mundi
686 3295 880 3371 conjungitur.
923 3295 969 3352 Ita
983 3294 1061 3352 salus
1082 3291 1221 3351 Ecclesiae
1241 3289 1349 3366 optime

149 3373 336 3451 conjungitur
349 3393 415 3434 cum
429 3375 635 3437 resurrectione
649 3372 758 3449 ultima,
773 3375 841 3450 quia
855 3373 884 3429 in
899 3372 1011 3431 Mundo
1025 3371 1121 3430 omnia
1139 3379 1207 3429 sunt
1220 3367 1347 3442 confusa,

149 3472 203 3510 nec
227 3453 339 3528 uspiam
364 3453 488 3512 occurrit
508 3454 628 3510 materia
648 3453 757 3527 salutis,
779 3453 836 3510 nisi
856 3459 967 3510 mentes
988 3471 1022 3511 eo
1043 3451 1216 3510 attollamus.
1259 3447 1348 3506 Porro

150 3532 231 3589 inulti
242 3531 289 3589 hic
303 3541 502 3609 proponuntur
515 3551 566 3608 pro
580 3532 711 3605 omnibus,
727 3539 759 3589 ut
772 3551 831 3589 non
844 3549 909 3589 raro
922 3529 1001 3590 alibi.

330 3665 335 3676 ,
450 3609 545 3666 XXI.
569 3610 668 3685 Sento,
683 3608 758 3683 Quia
773 3609 958 3668 Sacramenta
981 3628 1045 3685 quse
1060 3617 1128 3668 sunt
1149 3607 1245 3686 sigilla
1258 3605 1346 3664 foede·

147 3661 389 3766 ⁰gffissm2‘ffiffitf
410 3689 459 3762 ris,
474 3687 574 3746 eadem
588 3687 704 3746 fuerunt
716 3688 747 3744 in
760 3695 882 3765 utroque
896 3686 1081 3746 Testamenta
1102 3686 1198 3763 quoad
1216 3685 1349 3744 substan·

412 3767 489 3842 tiam,
511 3785 576 3842 quae
590 3766 736 3824 Christum
751 3774 780 3824 et
800 3767 863 3842 ejus
883 3765 1023 3825 beneficia
1042 3766 1242 3842 significarunt
1255 3772 1284 3821 et
1297 3762 1347 3820 ob-

150 3845 310 3920 signarunt.
362 3845 454 3919 Patet,
470 3853 531 3902 turn
554 3853 686 3920 respectu
708 3843 923 3919 ordinariorum,
939 3853 1009 3921 puta
1023 3841 1262 3912 Circumcisionis,
1284 3859 1349 3916 quse

148 3930 272 3981 vocatur
285 3923 413 3999 sigillum
429 3923 550 4000 justitiae
564 3922 640 3996 fidei,
657 3923 741 3980 Rom.
755 3922 795 3980 iv.
813 3926 858 3998 ll,
874 3931 903 3982 at
917 3923 1075 3996 Paschatis‚
1091 3919 1170 3998 quod
1190 3919 1221 3975 in
1236 3917 1349 3975 Christo

150 4001 294 4077 impletur,
312 4005 327 4059 1
343 4002 408 4060 Cor.
423 4021 452 4060 v.
468 4005 496 4075 7,
512 4008 573 4059 turm
594 4000 894 4076 extraordinariorum,
910 4002 1060 4060 Transitus
1078 3998 1175 4071 maris,
1194 4003 1224 4054 ct
1247 3994 1347 4071 Aqua-

149 4099 214 4138 rum
229 4077 341 4154 diluvii,
356 4099 421 4156 quae
436 4079 586 4156 Baptismo
600 4088 707 4152 nostro,
725 4082 740 4135 l
754 4079 809 4136 Cor
833 4099 853 4136 x
881 4083 894 4136 l
922 4085 940 4136 2
965 4081 1025 4138 etl
1042 4077 1104 4134 Pet.
1116 4075 1156 4132 iii.
1168 4077 1216 4148 20,
1233 4074 1349 4131 Mannae

149 4167 179 4218 et
194 4157 290 4234 Aquoe
304 4178 341 4216 ex
363 4158 458 4232 Petra,
481 4177 545 4235 quac
567 4157 756 4216 Eucharistiae
776 4157 959 4235 respondent,
980 4155 1076 4213 lCor.
1090 4173 1120 4211 x.
1136 4157 1163 4227 3,
1179 4155 1207 4211 4.
1250 4151 1349 4227 Atque

148 4238 217 4296 hinc
231 4237 323 4294 oritur
335 4237 508 4313 permutatio
529 4235 685 4312 nominum,
701 4255 765 4312 quae
785 4236 833 4295 hic
847 4255 922 4312 saepe
943 4234 1062 4305 obtinet,
1077 4250 1129 4308 per
1147 4249 1233 4307 quam
1249 4231 1348 4287 Sacra·

148 4315 254 4373 mentis
268 4316 337 4374 Vct.
352 4315 430 4373 Test.
446 4316 552 4373 dantur
563 4315 680 4373 nomina
694 4315 730 4372 N.
745 4325 775 4373 et
788 4315 852 4373 vice
865 4333 950 4372 versa
966 4313 1149 4370 Sacramenta
1163 4309 1248 4367 Nova
1261 4307 1350 4365 Vete-

148 4414 213 4454 rum
235 4393 386 4452 vocabulis
408 4395 616 4472 exprimuntur.
659 4393 793 4452 Patribus
815 4393 951 4452 tribuitur
970 4389 1141 4465 Baptismus,
1163 4395 1193 4446 et
1214 4387 1348 4464 Epulum,

152 4479 165 4531 l
179 4473 244 4550 Cor.
256 4493 302 4532 x.:
316 4471 401 4530 nohis
414 4473 550 4533 tribuitur
565 4472 753 4546 Chcumcisio,
767 4471 828 4530 Col.
842 4471 871 4528 ii.
890 4474 935 4544 11,
951 4472 1003 4544 125
1026 4468 1146 4542 Pascha,
1161 4471 1176 4524 l
1193 4467 1257 4525 Cor.
1273 4483 1301 4523 v.
1312 4468 1327 4521 7
1340 4486 1348 4540 ;

150 4552 305 4630 Semystra,
323 4550 414 4608 Hebr.
437 4553 477 4610 ix.
519 4551 585 4610 Non
607 4559 705 4628 posset
727 4559 822 4609 sutem
844 4549 911 4608 telis
931 4547 993 4606 fieri
1007 4547 1143 4618 transegi,
1158 4545 1213 4604 nisi
1233 4543 1349 4600 daretur

148 4630 285 4689 identitas
298 4629 450 4707 quedam3
473 4631 539 4690 Non
552 4637 648 4706 potest
661 4638 757 4690 autem
772 4647 834 4686 asse
854 4635 985 4704 respectu
999 4626 1078 4702 signi,
1094 4625 1162 4700 quia
1177 4626 1260 4698 simia
1282 4629 1348 4679 sunt

189 4727 263 4767 raas
277 4727 309 4768 11.
1166 4721 1189 4761 rr
