3152 5198
255 355 314 412 580
666 369 757 414 rocus
771 371 900 414 uscrsrrs
916 371 1033 414 serres.
1287 351 1415 434 [ocssr.
1432 373 1459 413 r.
1566 411 1567 418 ,

256 514 424 574 absolutus:
446 515 511 572 Non
536 522 632 572 tamen
653 522 804 592 propterea
827 522 959 572 accurate
981 513 1125 589 loquendo
1147 521 1243 590 potest
1262 513 1372 572 censcn'
1388 513 1462 572 nihil
1566 511 1567 520 ’

256 594 386 653 omisisse
411 595 504 670 reipsa
522 595 601 672 boni,
623 603 652 653 et
672 595 742 652 nihil
766 594 942 653 commisisse
964 594 1041 650 mali.
1084 594 1164 651 Deus
1182 601 1279 652 censet
1298 613 1350 669 per
1361 595 1460 652 remis·

256 675 366 732 sionem
380 675 525 732 hominem
539 694 597 731 non
619 675 767 748 injustum,
792 693 850 732 non
870 672 938 748 quie
950 673 1064 748 judicat
1078 694 1143 732 eum
1157 693 1304 749 nunquam
1326 679 1462 750 peccasse

257 763 286 811 et
300 773 396 812 carcre
410 754 485 828 labe,
501 753 552 812 sed
566 753 633 830 quia
647 753 791 812 condonat
811 763 840 812 et
862 753 987 829 ignoscit
1005 773 1054 810 reo
1069 752 1207 830 quicquid
1225 753 1294 810 meli
1308 754 1461 813 commisit

257 833 412 908 Ignoscere
427 842 531 907 autern,
548 841 576 891 et
590 841 706 908 propter
720 841 885 904 acceptatam
900 833 1017 908 premio
1039 833 1158 910 dignum
1179 851 1296 890 censere
1310 841 1340 890 et
1354 832 1461 891 honore

255 911 375 1050 prfficere,
390 914 477 990 longe
492 912 635 970 differunt.
678 911 754 970 Vide
769 932 833 988 quae
848 931 934 988 supra
948 912 1116 988 dictasunt,
1131 913 1201 970 Loe.
1216 911 1309 970 XIV.
1326 911 1383 986 Qu.
1398 913 1460 971 xiii.

282 993 310 1050 h.
326 997 373 1070 28,
390 1002 491 1068 etseq.

733 1231 926 1306 oomsrro
948 1231 1007 1338 v..

594 1419 602 1434 ·
625 1409 663 1448 DE
685 1408 859 1449 REMISSIONE
880 1405 1086 1450 PECCATOBUM.

256 1551 303 1608 An
324 1549 460 1608 erissio
478 1557 657 1623 peccatorum
678 1550 809 1606 consistat
826 1549 854 1606 in
876 1543 972 1607 eorum
986 1550 1112 1607 absoluta
1125 1547 1298 1606 abolitione?
1332 1549 1379 1606 An
1392 1568 1458 1607 vero

298 1631 327 1688 in
341 1651 436 1689 eorum
448 1629 647 1688 condonatione
658 1630 672 1686 l
692 1630 733 1688 Et
747 1631 801 1701 An,
814 1630 931 1686 remissa
944 1631 1035 1704 calpa,
1048 1630 1202 1686 retineatur
1215 1630 1345 1703 macedam
1355 1636 1461 1704 pana!

297 1713 344 1768 An
357 1731 423 1768 vero
437 1711 525 1768 omnis
538 1709 720 1766 remittatur!
755 1709 839 1766 Prius
854 1708 938 1784 Ncg,
955 1707 1066 1766 Poster.
1083 1708 1195 1766 Affinn.
1206 1718 1306 1766 contra
1321 1707 1426 1766 Pontis.

258 1895 340 1941 Primo
361 1897 498 1954 Proposmo
560 1867 584 1926 I.
608 1868 682 1942 Quia
706 1867 782 1926 circe
807 1867 1016 1926 Remissionem
1037 1875 1219 1944 peccatorum
1239 1867 1326 1924 varia
1349 1865 1460 1924 moveri

287 1955 317 1998 do
347 1954 498 2022 comissione
519 1947 613 2006 solent
628 1947 815 2023 Quaestiones,
831 1947 930 2024 paucis
954 1966 1003 2005 eas
1028 1947 1081 2006 sub
1104 1947 1195 2006 tribus
1210 1945 1461 2024 Propositionibus

287 2019 448 2125 gfffiwssnm
466 2073 498 2116 s„
519 2028 703 2104 attingemus.

287 2141 371 2173 eorum
392 2130 497 2184 abolitio,
559 2107 602 2165 Il.
625 2107 731 2180 Prima,
747 2107 884 2164 Remissio
898 2106 1010 2182 peccati
1028 2125 1084 2163 non
1104 2106 1225 2164 consistit
1238 2106 1266 2162 in
1280 2107 1397 2163 macula
1409 2125 1460 2162 seu

287 2193 373 2256 eontra
397 2187 498 2232 Pontifi-
519 2187 661 2264 qualitatis
682 2188 785 2245 uitiosa
807 2187 961 2258 abolitione,
985 2186 1043 2244 Sed
1064 2185 1093 2242 in
1113 2187 1202 2260 culpa
1222 2195 1249 2242 et
1266 2195 1361 2243 reone
1374 2205 1410 2242 ec
1425 2203 1462 2241 eo

285 2257 344 2290 ⁶¹⁰⁵·
519 2268 632 2325 orientis
656 2269 786 2342 preterita
806 2266 1014 2338 condonatione,
1036 2265 1198 2340 Opponitur
1219 2264 1385 2333 Pontificiis,
1408 2263 1461 2338 qui

256 2349 289 2398 ut
303 2341 430 2398 serviant
443 2343 597 2420 hypothesi
612 2346 648 2403 de
659 2345 865 2420 justificatione
886 2345 1006 2421 physica
1026 2363 1077 2420 per
1091 2343 1271 2418 infusionem,
1287 2341 1462 2420 pertendunt

257 2419 467 2478 Remissionem
481 2425 592 2498 pcccati
600 2425 756 2482 consistere
770 2425 799 2480 in
814 2425 877 2498 ejus
888 2423 958 2481 reali
969 2423 1120 2496 deletione,
1132 2433 1189 2482 tam
1202 2423 1297 2499 quoad
1308 2422 1460 2496 maculam,

256 2517 342 2575 quam
357 2500 453 2574 quoad
466 2511 595 2576 reatum;
618 2512 649 2560 ut
663 2503 793 2559 remissio
807 2522 865 2560 non
884 2502 934 2561 fiat
946 2503 1004 2561 uisi
1018 2502 1153 2562 succedat
1165 2503 1271 2561 infusio
1281 2502 1411 2579 justitiae,
1427 2511 1462 2559 ut

255 2579 381 2638 tenebrae
395 2599 453 2637 non
467 2581 605 2658 fugantur
618 2581 675 2640 nisi
687 2581 785 2639 lumen
800 2579 943 2640 succedat.

297 2659 356 2718 ΙΙΙ.
381 2657 439 2719 Sed
452 2661 606 2720 falsitatem
618 2661 701 2719 istius
711 2660 863 2719 commenti
873 2661 995 2720 evincit:
1006 2665 1032 2719 1.
1042 2663 1146 2720 Modus
1155 2661 1293 2737 loquendi,
1304 2669 1334 2720 et
1343 2661 1461 2737 propria

255 2740 432 2800 remissionis
446 2741 618 2819 significatio
639 2741 714 2799 inter
723 2741 863 2814 homines,
875 2761 939 2817 quoe
954 2761 1012 2798 non
1023 2741 1227 2818 inlertpeceati
1241 2739 1460 2816 extinctionem,

255 2819 423 2879 sedtantum
430 2821 666 2880 condonationem
674 2842 681 2896 ;
696 2821 737 2880 Ut
743 2820 880 2897 Princeps
886 2821 992 2878 crimen
999 2820 1170 2879 remittendo
1179 2840 1237 2879 non
1246 2819 1330 2894 tollit,
1338 2819 1460 2878 sedten·

254 2907 315 2958 tum
328 2901 478 2976 condonat,
492 2910 520 2959 et
529 2899 833 2979 spoenapropterillud
844 2900 941 2958 debite
950 2900 1061 2958 liberat.
1073 2905 1101 2959 2.
1118 2897 1272 2976 Scriptura
1281 2900 1399 2976 phrases
1409 2919 1460 2976 sy·

254 2999 388 3056 nonymae
409 2980 486 3038 idem
502 2981 614 3054 docent,
627 2999 716 3058 quum
729 2979 860 3038 remissio
870 2979 1040 3055 exprimitur
1050 2980 1259 3056 perlectionem,
1273 2979 1350 3037 Psnl.
1361 2979 1458 3037 xxxii.

257 3062 282 3134 l,
295 3079 353 3117 non
362 3067 394 3118 ut
400 3061 531 3134 nonsint,
542 3060 591 3117 sed
599 3070 630 3118 ut
640 3061 669 3116 in
684 3059 738 3116 Dei
748 3057 875 3118 Judiciis
886 3067 1070 3135 conspectum
1080 3078 1138 3116 non
1149 3059 1267 3117 veniant
1275 3058 1312 3116 ad
1323 3058 1460 3116 condem·

254 3140 407 3212 ustionem,
418 3139 521 3215 quade
533 3159 619 3196 cause
628 3139 773 3197 Christum
784 3137 902 3196 induere
915 3137 1060 3210 debemus,
1068 3147 1100 3196 ut
1111 3139 1173 3214 ejus
1180 3138 1294 3214 justitia
1303 3145 1456 3214 tegetpec·

255 3227 320 3276 cata
332 3227 431 3276 nostra
453 3237 547 3275 coram
564 3217 643 3293 Deo;
665 3237 785 3294 pernen
800 3218 1015 3292 imputationem,
1033 3236 1091 3274 ver.
1107 3221 1134 3288 2,
1157 3225 1190 3275 ut
1210 3227 1327 3294 propter
1340 3235 1375 3274 ee
1397 3237 1461 3274 non

253 3299 413 3374 puniamur,
424 3307 457 3356 ut
467 3308 611 3356 merentur
621 3320 628 3372 ;
650 3315 701 3373 per
712 3317 766 3354 non
777 3299 1006 3370 recordationem,
1017 3295 1038 3354 J
1040 3315 1079 3354 er.
1090 3297 1184 3372 xxxi,
1196 3307 1228 3355 ut
1238 3297 1318 3356 Deus
1333 3297 1460 3373 practice

254 3397 288 3434 ea
308 3376 430 3452 justitiae
455 3396 513 3434 suae
528 3397 586 3434 non
611 3377 694 3434 sistat
707 3376 743 3432 ad
758 3395 872 3452 poenam
887 3375 922 3432 de
948 3376 982 3433 iis
1010 3375 1197 3450 sumendam,
1220 3395 1271 3452 per
1295 3377 1458 3434 deletionem

252 3464 283 3512 et
298 3456 516 3529 expunctionem,
533 3455 610 3512 Psal.
624 3453 655 3512 li.
671 3463 699 3512 et
713 3454 779 3528 ciii,
801 3453 869 3512 Act.
885 3453 925 3512 iii.
942 3457 988 3529 19,
1005 3454 1066 3512 Col.
1077 3453 1107 3511 ii.
1126 3458 1170 3528 14,
1183 3475 1240 3514 uon
1258 3456 1388 3529 maculte,
1403 3456 1460 3514 sed

252 3543 358 3605 reatus,
369 3533 513 3608 quomodo
523 3533 688 3591 creditorde
699 3532 773 3590 libro
787 3533 930 3592 rationum
942 3533 1083 3612 expungit
1091 3533 1228 3610 debitum,
1237 3537 1320 3612 eujus
1331 3535 1458 3612 gratiam

253 3612 416 3670 facerevult
424 3611 555 3684 debitori,
568 3613 789 3688 chirographum
799 3613 894 3690 ipsum
905 3613 1027 3672 delendo
1039 3623 1067 3672 et
1082 3613 1247 3689 scindendo,
1257 3615 1389 3674 ueullam
1395 3615 1458 3672 vim

253 3690 376 3768 amplius
389 3690 513 3766 hebeat3
536 3691 576 3748 its
591 3691 671 3749 Deus
686 3701 803 3767 peccata
817 3712 882 3768 quoe
900 3702 966 3751 sunt
981 3695 1086 3770 scripta
1100 3693 1130 3750 in
1140 3693 1214 3751 libro
1229 3713 1290 3768 suo,
1307 3704 1336 3752 et
1350 3693 1459 3770 quibus

253 3773 342 3832 simus
356 3771 412 3848 ipsi
424 3775 531 3838 tatano,
557 3768 634 3828 delet
648 3788 736 3846 quum
751 3789 786 3828 ea
795 3771 946 3846 condonat,
958 3771 1107 3830 liberando
1122 3792 1174 3830 nos
1185 3792 1202 3830 a
1212 3781 1302 3847 reatu,
1313 3773 1359 3832 cui
1370 3793 1459 3850 prop·

252 3861 297 3912 ter
309 3851 361 3909 ills
373 3850 504 3909 obstricti
519 3869 650 3924 eramus;
671 3869 723 3927 per
745 3851 945 3925 projectionem
965 3861 1032 3926 post
1044 3861 1158 3927 terpum,
1182 3861 1210 3912 ct
1227 3855 1403 3927 dejectionem
1425 3854 1457 3911 in

246 3933 432 4009 profundum,
449 3930 538 3989 Mich.
554 3930 603 3988 vii.
622 3931 666 4001 19,
679 3949 715 3987 ne
729 3929 914 3988 inveniantur
924 3931 1046 4006 emplius
1061 3931 1098 3988 ad
1108 3931 1266 4008 judicium;
1281 3953 1333 4010 per
1341 3952 1457 4008 parpa-

251 4015 352 4070 tr'onem
365 4029 417 4089 per
429 4009 546 4069 modum
560 4009 778 4088 propitiationis,
795 4017 823 4068 et
837 4013 943 4078 tremat,
957 4010 1033 4068 lleb.
1052 4011 1072 4067 i.
1096 4014 1123 4084 3,
1139 4019 1168 4069 et
1182 4012 1222 4069 ix.
1236 4015 1282 4085 14,
1308 4020 1342 4069 ut
1362 4012 1459 4088 culpae

250 4099 355 4164 reatus,
368 4090 417 4167 qui
426 4109 479 4148 nos
489 4109 594 4148 exosos
605 4097 634 4148 et
644 4088 851 4147 abominabiles
863 4089 927 4146 Deo
936 4089 1037 4161 reddit,
1048 4089 1209 4164 mundetur,
1222 4091 1345 4150 allusive
1354 4091 1391 4148 ad
1401 4101 1458 4162 ta..

251 4177 331 4240 nepti
345 4169 549 4228 sacrificiorum
564 4169 712 4243 Veterum,
738 4169 859 4244 quinon
882 4169 1002 4226 tollebat
1025 4169 1168 4227 maculam
1182 4170 1377 4242 inhaerentem,
1401 4169 1460 4228 sed

249 4259 360 4308 reatum
382 4248 593 4324 adhaerentem
622 4267 674 4324 per
695 4249 867 4306 aversionem
877 4248 974 4320 facici,
1002 4247 1079 4306 Psal.
1094 4248 1124 4306 li.
1140 4251 1167 4323 9,
1183 4259 1212 4308 et
1233 4251 1458 4322 translationem,

248 4335 267 4388 2
285 4329 361 4388 Sam.
376 4326 427 4383 xii.
444 4329 490 4400 13,
506 4337 535 4386 et
550 4327 657 4385 similes
676 4328 804 4403 phrases,
830 4346 894 4402 quse
913 4325 1068 4402 juridicam
1092 4337 1189 4388 reatus
1212 4327 1460 4387 condonationem

246 4417 323 4467 recte
339 4407 501 4482 important,
518 4405 568 4463 sed
582 4425 640 4464 non
654 4407 760 4464 realem
774 4405 894 4462 macules
907 4405 1102 4465 abolitionem.

289 4487 346 4544 IV.
369 4485 396 4542 3.
420 4484 452 4542 Si
468 4485 610 4542 Remissio
623 4485 734 4561 peccati
743 4493 820 4542 esset
829 4483 997 4543 vitiositatis
1008 4485 1173 4544 inhaerentis
1185 4485 1321 4545 abolitio:
1345 4485 1388 4544 Ut
1402 4484 1459 4544 illa

246 4566 374 4639 perlecta
388 4570 440 4636 est,
456 4563 512 4620 iste
526 4565 611 4621 etism
632 4563 759 4640 perlecta
773 4582 835 4620 esse
860 4562 987 4639 deberet,
1016 4565 1094 4642 quod
1117 4575 1260 4643 repugnat
1284 4563 1457 4642 Scripturas,

245 4661 310 4715 quas
325 4648 472 4716 peecatum
484 4643 514 4698 in
534 4643 618 4701 uobis
633 4660 745 4718 semper
767 4660 915 4717 superesse
938 4652 1067 4721 testatur,
1084 4655 1113 4706 et
1127 4647 1248 4723 propria
1278 4643 1456 4705 Sanctorum
