3108 5198
254 362 290 417 12
718 379 810 421 Locus
827 377 1005 420 uunncmus.
1285 359 1402 442 [cusan.
1417 381 1454 420 11.

251 519 396 598 pertinent
408 519 463 579 ista
475 520 612 598 Ooietuni,
628 521 658 579 in
674 523 725 580 lm
746 525 790 598 2·,
805 540 834 599 q.
852 521 918 596 100,
934 519 1015 578 artic.
1029 521 1058 578 8.
1089 519 1227 580 “Divina
1240 521 1372 582 voluntas
1384 521 1456 580 licet

254 601 292 660 sit
306 600 475 677 simpliciter
493 600 585 659 libera
599 601 636 660 ad
653 611 754 678 extra;
782 611 880 660 umen
900 620 939 659 ex
953 599 1150 677 suppositione
1170 601 1257 660 unius
1278 611 1358 661 actus
1369 601 1454 659 liberi

253 688 349 758 potest
363 681 531 740 necessitsri
544 681 582 740 ad
595 682 701 758 alium3
724 691 757 740 ut
771 682 796 740 si
804 681 869 740 vult
882 681 1048 758 promittere
1062 677 1202 756 absolute,
1218 683 1402 741 nscessitatnr
1413 681 1455 738 sd

254 759 433 836 implendum
447 762 628 838 promissum,
649 763 674 820 si
688 761 753 820 vult
766 761 847 838 loqui
861 769 890 820 et
908 760 1046 835 revelare,
1062 759 1149 819 debet
1162 762 1294 820 revelare
1307 777 1410 836 verum,
1425 761 1452 820 si

254 839 319 898 vult
338 841 507 917 gubernare,
522 861 581 900 non
601 850 696 918 potest
716 841 773 900 nisi
790 842 870 918 juste
891 839 1060 917 gubernare,
1082 839 1107 898 si
1127 841 1192 898 vult
1205 842 1312 900 habere
1326 841 1454 901 subditos

254 919 364 978 ratione
379 928 501 996 utentes,
516 941 576 980 non
593 930 689 999 potest
702 941 761 980 non
775 941 839 980 esse
852 921 1003 998 legislator
1016 921 1144 978 eorum.”
1181 921 1228 979 lta
1242 941 1280 980 ex
1294 921 1452 999 hypothesi,

255 1000 336 1078 quod
348 1009 479 1060 creatura
493 1002 600 1060 existat
614 1010 643 1061 et
663 1009 740 1079 agat,
756 1021 873 1060 necesse
888 1009 932 1059 cst
946 1009 978 1058 ut
993 999 1074 1058 Deus
1095 1019 1157 1058 eam
1172 1012 1333 1077 conservet,
1348 1010 1452 1060 etcum

257 1099 292 1138 ea
307 1089 467 1157 concurrat,
483 1081 621 1159 quamdiu
642 1101 705 1140 eam
727 1101 790 1140 esse
805 1081 878 1139 vult.
922 1080 970 1138 Sic
990 1080 1085 1156 posita
1099 1089 1230 1138 creatura
1243 1081 1383 1157 rationali,
1403 1099 1452 1139 ne-

256 1179 337 1219 cesse
352 1168 396 1218 est
409 1162 478 1237 poni
492 1161 619 1238 aliquam
632 1161 728 1238 legem
744 1162 808 1236 Dei,
831 1161 878 1219 cui
892 1160 1014 1237 obsequi
1027 1167 1168 1219 teneatur.
1205 1162 1278 1220 Earn
1294 1162 1369 1220 enim
1382 1181 1451 1234 esse,

255 1259 309 1298 nec
324 1240 388 1298 Deo
402 1241 529 1316 subesse,
545 1248 595 1300 aut
610 1242 673 1300 Deo
687 1241 815 1316 subesse,
831 1259 884 1298 nec
898 1239 935 1298 ab
949 1240 1012 1318 ipso
1026 1240 1097 1316 regi,
1113 1249 1163 1299 aut
1180 1241 1244 1318 regi
1258 1242 1320 1300 siue
1334 1241 1404 1318 lege,
1425 1249 1456 1298 et

255 1319 321 1396 legs
332 1320 421 1398 justa,
437 1329 481 1380 est
495 1321 757 1381 contradictorium.

254 1437 277 1482 2.
293 1437 332 1483 Ex
351 1441 440 1484 natura
458 1453 494 1485 ra
557 1401 647 1460 XIV.
665 1399 806 1476 Secundo,
823 1400 856 1460 Si
868 1408 1012 1478 pracepta
1026 1400 1122 1458 omnia
1128 1399 1218 1477 Legis
1232 1408 1300 1460 sunt
1313 1400 1455 1478 dispensa-

283 1509 338 1542 mm
365 1501 495 1556 praeopta
515 1480 594 1556 bilia,
602 1490 631 1540 et
639 1481 661 1540 J
662 1501 713 1540 ure
724 1488 836 1539 tantum
846 1480 972 1558 positivo
983 1480 1126 1555 nituntur;
1140 1479 1263 1539 liberum
1275 1489 1305 1540 et
1314 1481 1453 1558 integrum

283 1569 346 1601 '⁸¹¹¹-
516 1561 580 1619 Deo
596 1560 651 1619 fuit
665 1581 699 1619 ea
709 1579 815 1638 ponere
826 1569 944 1619 autnon
956 1579 1080 1637 ponera;
1095 1559 1154 1618 imo
1167 1561 1262 1638 potuit
1283 1561 1451 1619 eontrarium

253 1640 340 1699 etiam
351 1641 506 1720 praecipere
521 1641 582 1700 sine
591 1641 652 1698 ulla
664 1641 872 1718 repugnantia:
888 1640 963 1698 Nam
976 1639 1052 1698 iniis
1062 1639 1451 1722 quaesuntnaturaibus‘osga,

253 1721 304 1798 qui
311 1722 324 1800 j
328 1741 362 1780 us
370 1721 459 1781 habet
464 1721 595 1799 jubendi,
606 1720 683 1779 idem
688 1721 739 1798 jus
748 1721 834 1778 etiam
842 1719 931 1778 habet
938 1719 1118 1798 prohibendi,
1131 1729 1160 1779 et
1174 1723 1350 1780 contrarium
1358 1723 1453 1800 praci-

253 1801 361 1878 piendi.
384 1803 431 1861 Ita
447 1803 527 1861 Deus
541 1821 579 1860 ex
593 1801 648 1860 hac
661 1800 817 1879 hypothesi
830 1799 924 1878 potuit
938 1819 996 1858 non
1004 1800 1091 1858 modo
1102 1800 1211 1858 nullam
1226 1800 1338 1878 legem
1351 1821 1451 1881 ponera

255 1881 400 1941 Creaturse
421 1882 556 1942 rationali
569 1881 606 1940 dc
621 1901 652 1940 sc
666 1881 790 1940 amando
803 1890 834 1940 et
848 1879 977 1956 colendo,
999 1879 1051 1938 sed
1071 1887 1100 1938 et
1114 1880 1286 1939 contrariam
1299 1899 1406 1960 ponere
1420 1881 1451 1939 de

255 1980 286 2019 se
297 1961 363 2020 odio
377 1963 511 2021 hahendo
529 1969 558 2020 ct
571 1961 808 2039 blasphemando,
819 1960 855 2019 de
868 1979 928 2019 non
941 1959 1084 2018 credendo
1102 1960 1163 2018 ullo
1179 1960 1250 2037 Deo,
1261 1962 1310 2020 vel
1324 1981 1382 2021 non
1396 1981 1450 2022 cre·

255 2040 350 2100 dendo
361 2043 450 2118 justo,
466 2042 552 2116 bono,
568 2041 767 2118 omnipotenti,
779 2049 809 2098 et
823 2040 895 2114 sim,
912 2039 948 2098 de
962 2040 1005 2097 illi
1018 2059 1078 2098 non
1092 2039 1261 2116 obediendo,
1277 2041 1313 2100 dc
1328 2041 1452 2102 colendis

254 2119 310 2178 diis
323 2121 434 2197 alienis,
450 2121 509 2178 imo
523 2128 553 2179 et
566 2121 630 2196 ipso
646 2119 790 2179 Diabolo:
818 2119 866 2178 Sic
879 2119 1038 2179 laudabilia
1051 2119 1154 2179 fierent
1166 2122 1314 2180 teterrima
1326 2131 1450 2199 peccata,

253 2198 351 2258 odium
367 2200 431 2275 Dei,
448 2199 627 2274 Atheismus,
643 2199 822 2276 blasphemia
843 2207 872 2257 et
886 2199 999 2274 similia,
1019 2200 1088 2277 quia
1107 2219 1143 2258 co
1158 2199 1221 2277 ipso
1243 2221 1300 2279 quo
1321 2203 1453 2262 caderent

254 2278 309 2336 snb
329 2287 513 2356 preceptum,
528 2280 758 2354 honestarentur,
774 2298 828 2337 nec
841 2279 964 2356 amplius
979 2287 1075 2338 essent
1088 2290 1223 2357 peccata:
1245 2301 1310 2358 quae
1322 2289 1454 2360 portenta

251 2356 461 2418 absurditatum
475 2359 659 2437 proposuisse
673 2357 813 2418 refutasse
828 2367 881 2417 est.
924 2359 995 2434 Quis
1016 2359 1093 2418 enim
1107 2379 1165 2418 non
1179 2360 1260 2419 videt
1274 2361 1346 2421 talia
1360 2362 1453 2421 Deum

255 2456 314 2496 non
328 2458 421 2514 posse,
438 2441 508 2516 quin
530 2438 657 2516 seipsum
678 2439 843 2516 abnegaret,
860 2446 889 2497 ct
908 2447 1019 2498 natura
1041 2459 1100 2498 suae
1119 2441 1312 2518 repugnantia
1325 2441 1454 2502 faceret?

254 2517 330 2576 Nam
353 2527 386 2577 ut
399 2539 490 2578 verax
509 2526 554 2577 est
574 2527 603 2578 et
624 2527 749 2594 sanctus,
771 2527 914 2596 repugnat
933 2527 1044 2578 namra
1064 2519 1155 2596 ipsius
1169 2541 1203 2579 ea
1221 2522 1378 2598 praecipere
1392 2541 1454 2600 qua

252 2606 320 2656 sunt
334 2597 407 2656 falsa
419 2607 450 2657 et
462 2599 567 2676 turpia.
605 2597 648 2658 At
661 2599 686 2657 si
699 2599 867 2676 praeciperet
880 2601 926 2658 sui
938 2599 1046 2674 odium,
1061 2600 1110 2658 vel
1124 2600 1310 2660 Atheismum
1323 2610 1354 2661 et
1367 2601 1456 2662 idolo-

252 2676 375 2753 latriam,
386 2678 555 2756 praeciperst
563 2679 706 2738 horrenda
716 2679 867 2738 mendacia
874 2688 903 2738 et
914 2679 1080 2756 turpissima
1091 2687 1190 2738 contra
1200 2681 1291 2757 ipsam
1305 2682 1457 2742 veritatem

253 2765 282 2816 et
297 2758 478 2818 sanctitatem
494 2759 558 2817 Dei.
587 2759 708 2818 Frustra
721 2759 863 2836 regaritur
876 2759 1054 2818 voluntatem
1071 2759 1126 2817 Dei
1141 2779 1203 2818 esse
1218 2779 1360 2820 summam
1372 2763 1456 2842 justi-

253 2835 301 2894 tiae
316 2838 454 2916 regulam,
470 2859 523 2898 nec
537 2858 622 2916 posse
636 2839 753 2898 aliunde
767 2839 894 2916 regulari
906 2860 913 2916 3
936 2839 1004 2916 quia
1018 2838 1098 2897 aliud
1116 2849 1161 2898 est
1174 2841 1261 2899 talem
1276 2861 1339 2902 osse
1355 2842 1393 2900 ab
1406 2863 1455 2901 ex-

249 2917 383 3054 tfrinseco,
407 2920 487 3058 qupd
509 2919 619 2994 damus,
635 2919 715 2978 aliud
737 2919 774 2977 ab
798 2920 962 2994 intrinseco,
978 2919 1059 2996 quod
1078 2939 1226 2996 negamus,
1249 2929 1282 2980 ut
1302 2923 1455 3000 probatum

265 2997 293 3056 ui
332 2999 401 3060 Loc.
417 3001 451 3058 ll
470 3044 477 3058 .
520 3044 528 3059 .
546 3001 592 3058 18.

253 3117 276 3165 3,
291 3007 330 3163 ἑκ
352 3001 518 3164 ὣωίῃίῃθρ
555 3080 628 3139 XV.
650 3078 757 3154 Tertio,
773 3078 798 3137 si
811 3085 956 3158 praecepta
969 3078 1066 3136 omnia
1081 3079 1169 3156 Legis
1183 3077 1300 3139 moralis
1315 3091 1386 3142 sunt
1399 3080 1455 3142 dis-

282 3177 493 3281 ptegtpmgrgpitp
513 3160 674 3296 penlsisabilia
685 3159 827 3296 ;ssnulllllpm
841 3159 895 3297 eribt
909 3158 1169 3298 isaii-diiii?
1188 3180 1206 3218 a
1220 3159 1311 3298 Lege·
1322 3181 1455 3302 capreamo·

280 3291 320 3336 ¹³³·
514 3258 1040 3394 1giaesisiiiiiisupeaccatriiii,iiirecalirnsini
1048 3259 1135 3396 ngain
1145 3259 1226 3378 binii
1239 3259 1370 3392 slntdiiiir,
1408 3263 1455 3382 Sic

254 3415 314 3454 non
327 3395 467 3454 minorem
482 3405 593 3455 reatum
607 3397 758 3455 contrahet
771 3415 867 3454 coram
883 3397 954 3474 Deo,
970 3399 1020 3476 qui
1042 3419 1156 3458 carnem
1171 3400 1286 3458 suillam
1300 3401 1456 3461 manduca-

253 3475 337 3548 verit,
358 3476 407 3534 vel
431 3475 481 3552 qni
505 3483 651 3535 mortuum
672 3475 808 3552 tetigerit,
831 3496 918 3553 quam
942 3479 992 3555 qui
1018 3479 1112 3538 Deum
1134 3479 1388 3557 blasphemaverit,
1410 3483 1457 3541 vel

252 3555 400 3614 hominem
424 3556 569 3614 occiderit.
614 3554 673 3614 Sed
694 3556 749 3614 hoc
769 3556 857 3634 longe
879 3577 942 3617 esse
965 3559 1212 3634 absurdissimum,
1236 3559 1331 3618 atrei
1355 3570 1458 3621 natura

254 3634 370 3708 evincit,
386 3644 416 3694 et
438 3635 586 3712 Scriptura
605 3635 669 3712 ipsa
688 3635 850 3695 luculenter
870 3637 962 3714 docet,
985 3658 1084 3715 quum,
1099 3639 1231 3700 instituta
1245 3643 1457 3717 comparatione

253 3715 329 3773 inter
345 3713 491 3774 Sacrificia
507 3715 627 3792 Legalia
640 3723 670 3774 et
684 3735 771 3793 opera
790 3717 906 3793 pietatis
920 3727 950 3776 et
969 3719 1182 3795 misericordiae,
1197 3719 1307 3779 cultum
1322 3739 1457 3780 ceremo-

252 3794 359 3852 nialem
373 3803 403 3853 ot
416 3796 562 3871 moralem,
577 3795 699 3855 alterum
714 3796 832 3856 alterius
845 3805 978 3874 respectu
992 3799 1070 3876 apud
1085 3799 1178 3858 Deum
1192 3799 1273 3858 nullo
1286 3800 1381 3877 pretio
1396 3821 1458 3861 essa

253 3875 342 3934 toties
355 3882 486 3934 testatur.

252 3999 275 4043 4.
297 3999 337 4044 Ex
366 3997 493 4044 conformi·
557 3954 647 4014 XVI.
670 3956 786 4032 Quarto,
803 3955 877 4032 Quia
890 3957 940 4016 lex
954 3957 1080 4033 moralis,
1096 3977 1161 4035 quse
1173 3977 1275 4017 norma
1289 3967 1334 4018 est
1349 3959 1458 4038 Imagi-

282 4059 335 4102 tata
352 4056 424 4114 Legis
444 4072 493 4102 mo·
513 4033 560 4092 nis
570 4035 625 4094 Dei
639 4034 669 4093 in
682 4037 806 4112 homine,
817 4037 989 4114 respondere
1003 4037 1090 4097 debet
1100 4037 1173 4115 Legi
1187 4046 1301 4098 aeterna
1315 4046 1345 4098 et
1359 4042 1459 4100 arche·
1542 4065 1543 4072 ¹

264 4155 267 4161 -
283 4115 494 4218 ffinffiihesa
514 4122 592 4192 types
606 4135 671 4209 quse
685 4116 715 4174 in
731 4118 794 4176 Deo
808 4126 860 4192 cst,
876 4125 975 4194 utpote
989 4137 1054 4195 qua
1075 4117 1113 4176 sit
1132 4119 1196 4196 ejus
1210 4117 1320 4195 effigies
1334 4128 1365 4178 et
1378 4126 1459 4179 ame»
1542 4125 1543 4188 ἶ

255 4271 342 4332 Unde
355 4291 414 4330 non
428 4293 581 4350 possumus
595 4275 633 4334 ad
653 4277 817 4354 exemplum
832 4276 889 4334 Dei
909 4297 962 4335 nos
976 4297 1156 4354 componere,
1171 4277 1209 4335 ad
1222 4277 1307 4354 quus
1320 4278 1457 4339 imitatio·
1542 4275 1543 4322 l

252 4371 319 4412 nem
340 4353 425 4411 toties
442 4353 589 4432 Scriptura
610 4375 663 4414 nos
685 4356 824 4431 hortatur,
846 4356 904 4414 nisi
924 4357 1083 4416 secundum
1097 4357 1185 4435 Legis
1207 4358 1292 4418 istius
1313 4369 1459 4437 precepta
1542 4363 1543 4368 ’

252 4433 344 4492 vitam
364 4432 551 4494 instituendo.
594 4434 665 4494 Ideo
679 4455 769 4512 quum
787 4435 851 4512 ejus
865 4435 1029 4495 observatio
1049 4437 1217 4512 inculcatur,
1239 4439 1327 4496 toties
1341 4439 1460 4500 auditur

252 4512 309 4572 ista
322 4533 390 4590 vox,
406 4514 506 4572 Sancti
523 4523 613 4588 camb,
632 4517 699 4592 quia
712 4523 824 4574 sanctus
837 4535 907 4574 aum.
949 4515 993 4575 At
1007 4517 1070 4576 Iex
1090 4517 1142 4575 illa
1161 4517 1351 4577 immutabilis
1369 4527 1417 4579 est
1430 4527 1459 4579 et

251 4602 389 4670 perpetua
388 4640 413 4730 ἑ
425 4594 505 4672 Ergo
518 4594 728 4654 immutabilem
741 4595 828 4654 etiarn
842 4613 906 4654 esse
920 4615 1037 4655 necasse
1048 4603 1094 4655 ast
1108 4596 1217 4673 Legem
1227 4597 1376 4674 moralem,
1391 4618 1458 4676 que

253 4679 297 4729 cst
310 4672 374 4750 ejus
415 4681 544 4750 ctypum.

514 4195 637 4270 masicen,
660 4215 690 4253 m
704 4217 761 4273 qua
783 4198 926 4274 expressit
949 4215 1031 4255 suam
1048 4198 1193 4274 justitiam
1215 4207 1244 4257 ct
1265 4199 1457 4260 sanctitatem.
1542 4221 1543 4272 j
