3150 5206
712 368 803 411 nocue
817 367 1016 414 nuonncruos.
1267 345 1398 428 [eunsr.
1419 365 1471 406 vn.

727 587 922 662 QUAESTIO
943 588 1016 646 VII.

546 763 586 804 ne
600 763 720 806 nurnrer
734 764 896 806 moenem
910 765 1044 806 rmunms
1057 763 1186 806 eumn.

320 906 381 966 Cur
395 907 475 964 naa
488 904 599 964 acicam
612 905 717 964 Fcedus
733 903 844 966 Cratioe
857 905 1040 964 minoda
1054 904 1216 981 ᾱὶερειιιαιε
1228 903 1348 964 cobar-it
1354 927 1367 977 ;
1386 905 1430 962 Et

524 987 695 1062 quotuplex:
716 994 743 1044 ct
755 985 948 1062 meobbfuerit
959 988 1017 1060 ejus
1033 983 1222 1043 OEeoaorru'a.t

314 1142 339 1200 I.
362 1140 459 1202 Antea
473 1143 565 1201 anima
577 1143 765 1205 substantiolas
779 1141 910 1202 Foederis
924 1141 1033 1202 Gratis
1043 1149 1152 1202 asserta
1165 1148 1218 1217 est,
1231 1140 1316 1200 Nune
1326 1141 1473 1200 dice-ctus

273 1222 336 1300 ejus
351 1221 516 1281 oeeorwmicc
529 1223 610 1280 venit
630 1220 828 1300 expendenda.
871 1222 946 1280 Nam
965 1231 999 1281 ut
1012 1223 1189 1285 reambiens
1205 1220 1261 1279 Dei
1281 1220 1422 1297 sapientia
1440 1220 1472 1278 in

274 1301 416 1378 Operibus
430 1301 556 1376 Naturae,
579 1321 734 1379 earumque
755 1301 908 1378 multiplici
928 1302 1076 1376 varietate,
1097 1300 1293 1377 dispositione,
1314 1308 1343 1358 ct
1356 1299 1472 1358 diversa

274 1380 481 1457 gubernatione
495 1381 599 1438 mirum
613 1381 645 1438 in
658 1380 775 1438 modum
789 1380 901 1456 elucet;
924 1381 991 1438 Non
1005 1381 1108 1454 minus,
1123 1380 1182 1438 imo
1194 1378 1379 1454 luculentius,
1401 1397 1469 1437 con-

273 1460 373 1536 spicua
387 1460 474 1519 estin
489 1458 631 1535 Operibus
646 1459 763 1534 Gratiae,
786 1468 872 1535 atque
892 1459 1022 1537 inprimis
1039 1460 1070 1516 in
1082 1460 1165 1516 varia
1178 1458 1309 1516 Foederis
1329 1458 1399 1516 novi
1412 1457 1468 1515 dis-

272 1539 449 1616 pensatione,
465 1538 544 1616 quod
557 1539 652 1598 varias
665 1538 772 1597 formas
792 1547 821 1597 et
835 1539 918 1615 quasi
932 1539 1019 1598 iacies
1032 1538 1142 1612 habuit,
1164 1537 1202 1596 ob
1215 1537 1326 1595 variam
1342 1536 1469 1613 mysterii

274 1618 390 1694 Christi,
402 1619 452 1696 qui
463 1619 527 1696 ejus
538 1626 582 1677 est
592 1617 818 1691 fundamentum,
830 1619 1027 1693 oeconomiam,
1040 1617 1118 1694 quod
1130 1618 1209 1675 Deus
1220 1617 1261 1675 ita
1274 1615 1470 1674 administrare

272 1699 374 1773 voluit,
384 1705 417 1756 ut
425 1697 517 1774 primo
532 1697 690 1772 obscurius,
700 1697 803 1756 deinde
813 1697 918 1756 clarius
931 1696 1005 1756 illud
1013 1704 1192 1774 proponeret,
1202 1695 1294 1772 primo
1308 1695 1339 1752 in
1347 1695 1467 1771 pwmri-

271 1778 355 1852 sione,
371 1777 474 1836 deinde
489 1777 520 1835 in
533 1779 737 1852 eompbemcnto.
780 1776 866 1837 Unde
881 1776 990 1854 duplex
1010 1777 1072 1853 ejus
1087 1776 1246 1834 oeconomia
1260 1775 1394 1834 instituta
1406 1773 1466 1850 fuit,

272 1856 363 1916 altera
381 1858 472 1932 Vetus,
489 1877 553 1933 quae
564 1857 680 1916 Veteris
691 1857 867 1915 Testamenti
881 1856 997 1914 nomine
1008 1855 1082 1914 solet
1091 1854 1237 1932 appellari,
1248 1873 1313 1930 quae
1325 1853 1468 1913 Christum

273 1945 426 1994 venturum
434 1935 565 2012 promisit
573 1943 602 1994 et
610 1935 759 2012 praedixit3
769 1935 859 1994 altera
867 1955 947 2010 novo,
955 1937 1137 2012 quaeNovum
1146 1935 1348 1992 Testamentum
1357 1933 1467 2008 dieitur,

273 2034 338 2091 quae
353 2015 498 2073 Christum
512 2013 673 2073 exhibitum
685 2024 714 2072 et
724 2014 902 2073 incarnatum
917 2021 947 2073 et
960 2023 1104 2072 mortuum
1117 2013 1244 2072 nunciat.
1274 2011 1311 2069 In
1325 2011 1375 2069 illa
1391 2011 1469 2072 Deus

273 2096 417 2172 πολυμεςῧς
430 2097 474 2150 καὶ
489 2093 651 2172 aeohvrgo'm
665 2093 764 2150 multis
778 2093 891 2151 vicibus
911 2101 940 2151 ei
958 2093 1052 2151 modis
1067 2093 1168 2151 Patres
1188 2091 1332 2150 allocutus
1345 2100 1399 2150 est.
1435 2092 1469 2150 In

274 2173 330 2234 ista
343 2191 412 2230 vero
427 2191 480 2230 nos
494 2170 636 2230 allocutus
651 2179 695 2230 est
707 2191 759 2247 per
773 2171 889 2244 Filium,
906 2171 982 2229 Heb.
997 2172 1016 2228 i.
1032 2176 1060 2230 2.

432 2313 438 2326 ¹
575 2249 617 2308 11.
642 2249 674 2308 Si
688 2250 845 2324 (luceretur,
863 2250 920 2308 Cur
933 2251 1021 2309 talem
1037 2250 1187 2309 instituere
1200 2249 1325 2308 voluerit
1340 2249 1470 2309 Foeden's

274 2313 513 2428 ffiffiglfflffl
533 2327 579 2386 dis
600 2329 779 2387 cusationem
801 2329 906 2387 Deus?
958 2329 1027 2388 Sola
1047 2330 1102 2422 hie·
1117 2329 1173 2421 Dei
1196 2327 1332 2388 voluntas
1356 2329 1470 2421 abundo

301 2428 514 2554 11ῗὲ11113
533 2407 1399 2564 trsut‘tttttttritttttttttthtththtt
1405 2427 1470 2546 lt}

301 2543 385 2646 gppus
426 2543 512 2600 ⁸⁸⁰¹¹⁶¹
532 2566 584 2622 dus
597 2565 703 2640 opendi
714 2566 772 2623 Dei
783 2566 838 2623 hoc
852 2565 1006 2624 videbatur
1019 2567 1144 2642 exigere,
1157 2566 1207 2642 qui
1221 2585 1266 2624 res
1280 2584 1402 2642 magnas
1412 2587 1468 2626 non

533 2644 666 2703 simulet
687 2645 774 2702 semel
794 2644 913 2722 perficit,
934 2645 1013 2722 quod
1031 2645 1166 2703 facillime
1179 2653 1276 2702 tamen
1289 2655 1396 2721 posset,
1419 2647 1470 2704 sed

272 2722 435 2784 successive
456 2729 486 2780 et
505 2740 556 2799 per
569 2723 665 2781 varios
686 2724 803 2800 gradus,
825 2733 858 2783 ut
874 2743 908 2782 eo
923 2722 1027 2783 clarius
1048 2725 1111 2800 ejus
1132 2723 1272 2800 sapientia
1292 2731 1322 2782 et
1341 2726 1470 2800 potentia

271 2803 473 2882 percipiantur.
517 2801 563 2860 Ita
584 2802 693 2861 Foedus
714 2803 832 2878 Gratiae,
858 2803 936 2879 quod
956 2804 1113 2861 maximum
1135 2804 1236 2861 merito
1256 2811 1378 2862 vocatur
1399 2823 1470 2882 epus

273 2883 329 2943 Dei
342 2891 371 2942 et
392 2900 504 2941 summa
518 2881 706 2941 admiratione
727 2883 857 2960 dignum,
873 2881 965 2940 voluit
986 2882 1123 2959 paulatim
1142 2883 1277 2958 perficere
1296 2891 1326 2942 et
1342 2885 1467 2959 promul-

269 2982 346 3042 gare,
362 2971 395 3021 ut
409 2981 461 3021 sua
475 2961 594 3020 haberet
607 2961 689 3020 initia
703 2969 732 3020 et
745 2962 929 3034 incrementa,
951 2970 1105 3037 antequam
1118 2962 1204 3037 plena
1218 2961 1282 3038 ejus
1303 2963 1469 3022 succederet

270 3041 498 3102 consummatio:
531 3041 591 3100 Nec
620 3041 767 3117 sapientia
796 3041 851 3099 Dei
879 3041 1077 3115 conveniebat,
1102 3048 1136 3098 ut
1155 3049 1236 3098 tanta
1261 3039 1335 3116 Lux,
1362 3053 1469 3119 quanta

270 3131 314 3180 cst
330 3123 360 3178 in
375 3120 545 3196 Evangelio,
567 3120 696 3180 simulet
716 3121 813 3195 semel,
836 3131 865 3178 et
885 3139 943 3178 uno
964 3119 1047 3195 quasi
1063 3119 1172 3196 impetu
1193 3118 1395 3196 effunderetur,
1418 3123 1468 3180 sed

269 3201 407 3278 paulatim
422 3209 451 3258 et
470 3217 522 3274 per
542 3199 698 3272 stricturas,
721 3199 758 3256 ad
779 3197 896 3257 modum
913 3198 997 3272 Solis,
1016 3198 1065 3274 qui
1086 3217 1145 3256 non
1165 3217 1222 3256 uno
1241 3209 1395 3274 momento,
1418 3201 1469 3259 sed

270 3297 321 3353 per
345 3277 452 3352 gradus
477 3276 607 3334 ascendit
628 3277 665 3334 ad
686 3277 843 3351 meridiem,
867 3277 945 3352 quod
969 3276 1129 3353 Apostolus
1152 3277 1259 3353 paucis,
1282 3277 1333 3336 scd
1353 3280 1469 3338 eximiis

269 3354 366 3411 verbis
390 3354 482 3426 docet,
507 3353 582 3409 Heb.
608 3355 627 3410 i.
655 3356 680 3428 l,
703 3374 792 3430 quum
813 3354 854 3412 ait
875 3357 968 3412 Deum
992 3356 1154 3436 astorgius
1175 3365 1204 3414 ct
1228 3361 1373 3437 πολυμιςός
1394 3362 1466 3418 locu

270 3441 327 3488 mm
344 3451 401 3488 esse
421 3430 552 3486 Patribus
566 3431 640 3504 olivo,
662 3432 742 3506 prius
762 3439 844 3488 notat
863 3435 959 3490 modos
979 3437 1074 3493 uarios
1094 3437 1276 3510 revelationis,
1292 3445 1342 3512 qui
1356 3438 1466 3496 obtine·

269 3509 384 3642 bantfin
397 3509 436 3565 V.
451 3507 494 3579 T,
510 3508 652 3582 posterius
666 3527 736 3566 vero
757 3510 819 3585 ejus
834 3509 964 3568 diversos
980 3517 1090 3587 prades
1108 3533 1160 3590 per
1173 3533 1245 3591 quos
1266 3535 1297 3573 se
1312 3516 1467 3575 Veteribus

290 3595 336 3644 ate
349 3587 413 3643 ecit.

270 3606 289 3663 p
571 3663 631 3721 III.
653 3667 680 3722 2.
697 3664 762 3723 Hoc
783 3665 948 3742 postulabat
961 3670 1095 3727 Ecclesia
1108 3671 1243 3730 conditio:
1265 3673 1308 3731 Ut
1325 3673 1402 3731 enim
1417 3693 1468 3750 per

529 3741 624 3800 varias
644 3751 743 3802 aetates
764 3763 826 3802 cam
842 3743 982 3806 deducere
996 3748 1107 3824 voluit;
1131 3750 1177 3808 Ita
1191 3749 1384 3810 diversimode
1403 3772 1467 3812 cunr

529 3837 562 3876 ea
586 3839 671 3897 agere
697 3823 853 3883 constituit.
897 3825 975 3884 Dum
995 3845 1065 3903 ergo
1083 3827 1113 3885 in
1132 3828 1253 3888 infantia
1271 3830 1333 3905 fuit,
1355 3850 1410 3890 nec
1430 3831 1467 3890 ad

266 3907 406 3959 maturam
428 3903 541 3955 aetatem
559 3909 736 3976 pervenerat,
759 3911 905 3979 tanquam·
915 3904 1009 3962 infans
1024 3907 1173 3966 tractanda
1186 3907 1248 3984 fuit,
1265 3909 1361 3967 Galat.
1376 3911 1416 3968 iv.
1435 3915 1464 3982 l;

266 3980 332 4038 ideo
352 3998 418 4037 cum
439 3995 473 4034 ea
486 3977 570 4054 quasi
589 3977 754 4038 balbutiens
769 3981 849 4039 Deus
869 3983 1017 4041 minimam
1037 3985 1221 4044 revelationis
1241 4007 1406 4046 mensuram
1424 3989 1465 4046 illi

265 4057 394 4133 indulsit,
410 4064 439 4115 et
450 4057 503 4115 sub
511 4057 612 4133 primis
626 4057 775 4117 elementis
785 4067 815 4118 et
829 4060 948 4120 rudibus
962 4063 1063 4140 figuris
1073 4085 1136 4123 eam
1147 4065 1279 4141 detinuit,
1290 4087 1356 4142 quae
1366 4077 1465 4144 postea

264 4137 360 4194 locum
374 4135 467 4193 secere
486 4135 647 4194 debuerunt
667 4137 789 4213 pleniori
808 4141 986 4217 revelationi,
1008 4162 1098 4220 quum
1119 4145 1282 4220 provectior
1301 4145 1364 4218 fuit,
1386 4156 1416 4206 et
1429 4147 1465 4204 ad

264 4215 391 4274 adultam
413 4221 525 4273 aetatem
540 4215 680 4292 pervenit.

389 4358 395 4369 ,
446 4357 452 4370 ,
566 4295 620 4352 1v.
643 4298 671 4353 3.
686 4296 798 4353 Mescioe
816 4298 945 4374 dipnitos,
961 4307 990 4356 et
999 4302 1168 4374 prestantior
1185 4303 1285 4378 Operis
1299 4302 1335 4360 ab
1350 4303 1402 4362 illo
1416 4323 1463 4380 pe-

287 4358 418 4459 Wgffi
428 4357 479 4416 ‘¹¹⁸’
524 4373 664 4449 regendi:
686 4373 759 4431 Nam
780 4383 812 4433 ut
831 4375 880 4434 illc
898 4395 956 4434 non
976 4380 1071 4436 statim
1086 4380 1122 4438 ab
1136 4381 1219 4440 initio
1234 4381 1415 4458 gravissimis
1429 4383 1464 4440 de

524 4453 627 4526 causis,
638 4452 728 4511 sedin
737 4453 915 4529 plenitudine
927 4455 1042 4514 demum
1053 4461 1189 4536 temporis
1203 4459 1334 4519 exhiberi
1345 4461 1446 4520 debuit
1456 4484 1461 4536 ;

262 4528 443 4587 Conveniens
457 4527 511 4587 fuit
525 4530 679 4607 imaginem
694 4532 758 4608 ejus
771 4533 852 4608 prius
866 4553 1034 4611 proponere,
1049 4535 1223 4598 desiderium
1237 4539 1373 4614 excitare,
1390 4549 1420 4598 et
1434 4541 1463 4597 in

260 4607 338 4665 illius
352 4605 495 4665 desiderio
509 4618 539 4667 et
552 4611 751 4686 expectatione
773 4619 884 4671 mentes
900 4613 1035 4689 detincre,
1058 4635 1094 4674 ne
1107 4615 1232 4693 longiori
1252 4637 1333 4676 mora
1346 4618 1460 4677 fatisce-

282 3728 304 3772 2.
320 3728 433 3775 conditio
442 3727 486 3772 Eo·

349 3785 435 3831 clesioe.

1563 3683 1566 3784 l
