3202 5194
162 407 278 456 auser.
293 388 343 470 ra]
607 407 647 446 ns
661 408 786 448 senones
800 408 926 448 casura.
1304 394 1360 451 163

157 545 326 605 inviolabile
337 545 399 623 spei
412 545 553 605 fulcrum:
575 545 649 604 Nam
663 546 689 606 si
700 547 781 606 Deus
792 555 889 606 noster
901 547 932 604 in
945 554 1084 608 aternum
1095 545 1208 606 ferturus
1222 555 1274 623 est,
1286 548 1357 624 quid

156 624 438 762 dldldlsulidtldilllffi
457 624 556 683 timere
570 643 728 702 possemus,
750 625 800 684 vel
819 625 888 684 boni
908 643 1031 703 sperare,
1046 645 1112 686 cum
1126 625 1156 684 in
1170 635 1356 736 coeternum

198 781 306 841 XXV.
322 782 412 841 Porro
423 789 525 858 prater
534 781 619 840 istam
628 782 844 860 promissionem
855 783 1027 860 generalem,
1037 782 1356 860 quaeformulafcederis
1472 763 1474 768 Ι

157 859 329 935 continetur,
345 860 408 919 aliae
423 860 520 919 multae
535 860 674 937 speciales
688 862 881 936 includuntur,
894 881 958 939 qua
972 862 1002 920 in
1013 882 1048 921 ee
1057 861 1215 922 brndantur
1228 870 1258 922 et
1271 862 1308 922 ab
1321 882 1357 922 ea

158 949 342 1015 promanant;
354 939 448 1016 qualis
458 948 502 998 est
511 939 634 1014 Spiritus
644 941 743 998 &neti
750 942 868 1017 collatu,
882 942 987 1000 Ezech.
996 941 1100 1000 xxxvi.
1112 945 1148 1000 rt
1158 963 1165 1016 ;
1176 950 1357 1017 peccatoram

157 1017 292 1092 νοιηὼιίο,
308 1019 417 1076 Jerem.
431 1017 515 1076 xxxi.
530 1020 586 1093 343
608 1019 790 1094 regeneratio,
810 1039 874 1095 que
895 1039 946 1096 per
966 1019 1055 1097 Legis
1076 1019 1290 1096 inscriptionem
1304 1019 1354 1078 de-

158 1096 298 1174 signatus,
313 1095 428 1172 ibidem,
444 1116 473 1154 v.
493 1099 549 1171 33;
570 1097 695 1173 adoptio,
709 1101 728 1155 2
744 1097 871 1156 Corinth.
886 1099 926 1156 vi.
942 1100 996 1173 18;
1018 1099 1111 1157 cordes
1124 1098 1231 1174 lapidei
1241 1098 1354 1173 αὒῑατίο,

158 1183 187 1232 et
205 1176 305 1234 samsai
322 1195 357 1234 ec
377 1175 447 1233 novi
466 1175 618 1250 impressio,
641 1175 727 1234 Ezec.
747 1176 851 1234 xxxvi.
866 1179 904 1236 26
914 1199 922 1252 ;
944 1177 1167 1252 Perseveraats'a,
1182 1177 1244 1236 Jer.
1259 1176 1354 1234 xxxii.

158 1255 208 1328 40,
228 1273 293 1330 quae
306 1253 449 1331 peculiare
460 1261 505 1312 est
518 1253 602 1312 istius
615 1253 732 1315 soederis
744 1253 924 1331 beneficium,
936 1256 1005 1332 quia
1018 1255 1105 1315 debet
1114 1273 1177 1314 asse
1188 1255 1355 1314 inviolabile

158 1339 189 1390 et
202 1340 339 1390 aeternum
351 1353 359 1407 ;
381 1333 591 1391 Bersedietienss
604 1353 697 1392 omnes
710 1334 869 1408 spiribsoles
890 1335 990 1412 gratias
1004 1343 1034 1394 et
1046 1334 1155 1412 gloria,
1181 1335 1288 1393 Genea.
1302 1333 1353 1392 xii.

158 1414 197 1486 33
219 1410 285 1469 Gal.
299 1409 340 1468 iii.
356 1412 383 1484 8,
399 1412 427 1486 9,
445 1413 499 1486 14,
521 1410 589 1470 Act.
604 1411 644 1472 iii.
660 1415 715 1488 26;
739 1412 814 1489 pr.
828 1413 848 1472 i.
863 1415 891 1472 3.
931 1414 1001 1488 Quae
1015 1431 1114 1472 omnes
1128 1413 1243 1472 nomine
1255 1413 1354 1472 salsas

158 1489 253 1548 solent
273 1489 427 1566 designari,
453 1508 517 1565 que
538 1508 597 1547 non
617 1499 729 1549 tantum
749 1491 961 1568 possessionem
980 1492 1049 1551 vita
1071 1492 1214 1570 importat,
1238 1511 1302 1568 quae
1324 1491 1354 1548 in

158 1567 251 1644 primo
273 1567 380 1626 foedere
400 1568 495 1626 locum
514 1568 647 1646 habebat,
670 1569 721 1628 sed
741 1570 829 1629 etiam
848 1571 1046 1630 liberationem
1065 1591 1083 1628 a
1095 1578 1196 1645 morte,
1218 1589 1282 1646 quse
1304 1589 1355 1646 per

158 1655 308 1723 peccatum
322 1647 460 1705 accersita
472 1646 582 1721 fucrat3
597 1656 627 1707 et
640 1666 705 1740 qus
718 1657 842 1725 quatuor
861 1649 991 1726 partibus
1004 1649 1172 1723 absolvitur,
1188 1667 1253 1724 quse
1266 1667 1354 1724 oppo-

159 1732 266 1783 nuntur
286 1723 405 1784 totidem
426 1725 555 1802 partibus
575 1735 683 1801 mortis,
700 1727 747 1786 cui
766 1727 885 1786 obnoxii
906 1727 975 1786 tacti
996 1727 1102 1786 fuimus
1124 1746 1175 1803 per
1196 1733 1353 1803 peccatum·

162 1805 189 1862 1.
209 1804 420 1882 Justifieatiooe,
436 1824 501 1881 ques
514 1824 567 1864 nos
581 1824 598 1862 a
611 1804 811 1866 meledictione
825 1805 1008 1864 incumbente
1027 1805 1140 1863 liberat.
1175 1808 1203 1861 2.
1225 1803 1324 1862 Sancti
1347 1837 1354 1850 ·

159 1882 275 1958 entim,
291 1903 355 1960 qnae
368 1883 510 1941 maculam
530 1891 560 1942 et
580 1884 799 1960 corruptionem,
820 1883 851 1942 in
871 1903 929 1960 qua
948 1882 1054 1942 mortui
1071 1882 1247 1960 jacebamus,
1269 1891 1300 1941 to
1324 1883 1354 1943 't.

159 1963 189 2020 3.
212 1960 406 2021 cessatione
419 1969 449 2020 et
463 1981 538 2038 pace
552 1963 730 2038 emetientis,
745 1982 810 2039 qua
823 1962 963 2022 adversm
981 1961 1148 2022 afflictiones
1162 1960 1230 2019 vitae
1244 1968 1274 2020 et
1287 1980 1354 2019 con·
1376 2016 1380 2026 ,

160 2039 287 2098 scientia
300 2048 431 2115 terrores,
454 2060 518 2117 quse
537 2041 568 2098 in
591 2041 738 2117 Scriptura
758 2042 859 2100 mortis
879 2041 994 2100 nomine
1007 2040 1137 2114 veniunt,
1156 2058 1209 2097 nos
1223 2039 1354 2098 sustinet.

159 2121 189 2176 4.
213 2118 421 2198 Olorificotioae
435 2129 548 2194 eterna
564 2139 628 2196 quas
643 2139 660 2177 s
673 2127 764 2178 morte
778 2127 885 2178 aterna
897 2139 951 2179 nos
969 2119 1112 2178 immunes
1132 2125 1258 2196 prestat,
1274 2125 1304 2178 et
1316 2115 1355 2176 ad

159 2195 306 2257 felicitatis
320 2197 559 2276 complementum
573 2197 699 2258 adducit.
786 2241 788 2246 -

160 2307 245 2354 OM,
260 2313 290 2356 ,b
304 2311 402 2357 homins
462 2277 587 2335 XXVI.
610 2277 652 2336 Ut
665 2297 735 2336 vero
755 2276 878 2336 formula
897 2277 954 2336 ista
973 2275 1091 2336 traderis
1109 2283 1210 2334 mutua
1223 2281 1275 2351 est,
1290 2294 1355 2352 quse

190 2367 310 2424 requieta
323 2369 402 2414 inrue
422 2374 488 2414 cum
514 2356 655 2434 benficiis,
683 2375 748 2433 quae
777 2356 857 2416 Deus
884 2354 1030 2414 foederatie
1056 2354 1205 2432 promittit,
1234 2352 1357 2412 includit

190 2425 255 2470 Μ
423 2433 510 2492 etiem
539 2435 638 2508 officie,
670 2454 735 2511 quse
755 2434 792 2493 ab
815 2434 980 2493 hominibus
1004 2433 1105 2510 exigit,
1133 2431 1293 2496 videndum
1311 2439 1357 2490 ast

158 2509 222 2585 jam
235 2527 365 2585 quaenam
380 2511 436 2570 ista
450 2511 525 2572 sint:
546 2513 755 2589 Exprimuntur
768 2532 838 2571 vero
857 2511 888 2570 in
904 2533 1006 2588 qaaere
1019 2520 1049 2571 et
1062 2511 1092 2570 in
1104 2512 1194 2588 specie
1214 2511 1245 2568 in
1260 2509 1355 2586 Scrip-

161 2595 244 2662 tnrs;
265 2588 413 2664 hyssera
426 2610 515 2666 quum
528 2590 689 2667 Deusvult,
705 2599 738 2650 ut
748 2591 987 2665 quemadmodum
1002 2610 1033 2650 se
1048 2591 1143 2649 Deum
1153 2597 1283 2648 nostntm
1296 2588 1356 2647 fore

162 2665 323 2742 pollicetur,
345 2667 386 2726 ita
399 2669 527 2728 vicissim
550 2671 567 2702 “
578 2669 668 2728 simus
681 2671 744 2747 ejus
757 2669 910 2776 populns,”
925 2670 947 2730 J
949 2683 988 2728 er.
1004 2669 1086 2728 xxxi.
1103 2671 1141 2728 33
1154 2690 1161 2727 :
1191 2669 1209 2700 “
1219 2668 1278 2726 Ero
1298 2667 1357 2725 illis

162 2743 193 2802 in
202 2743 297 2804 Deum
307 2746 388 2804 atilli
402 2747 473 2805 mihi
487 2755 571 2807 erunt
584 2748 615 2806 in
628 2749 766 2825 populum
778 2750 795 2822 ;’
821 2748 871 2807 ubi
884 2748 986 2806 relatio
1000 2748 1076 2806 inter
1089 2747 1183 2805 Deum
1198 2753 1228 2803 et
1241 2765 1294 2804 nos
1308 2745 1357 2804 de·

162 2823 301 2899 signetur,
317 2843 381 2900 quae
392 2825 527 2902 importat
537 2834 665 2886 mutuam
676 2826 879 2886 beneficiorum
889 2833 919 2886 et
928 2825 1086 2884 officiorum
1097 2823 1357 2896 commutationem,

162 2909 195 2960 ut
208 2901 234 2960 si
248 2901 329 2961 Deus
344 2903 467 2964 Meritus
477 2913 521 2964 est
534 2913 640 2981 noster,
653 2905 742 2964 simus
753 2905 815 2982 ejas
827 2905 912 2964 Uxor
921 2913 1000 2964 casta
1011 2912 1040 2962 et
1053 2901 1156 2977 fidelis,
1172 2901 1196 2960 si
1207 2909 1251 2959 est
1262 2901 1357 2975 Pater,

162 2979 253 3038 simus
268 2981 344 3054 Filii,
361 2982 386 3040 si
400 2983 466 3041 Rex
480 2991 509 3042 et
523 2983 708 3060 Redemptor,
728 2984 817 3042 simus
836 2982 965 3060 Populus
986 2981 1099 3059 peculii,
1135 2980 1165 3038 ui
1177 2980 1312 3039 vivamus
1325 2986 1359 3038 ut

81 3085 85 3096 ν
163 3056 303 3134 redempti
323 3058 456 3120 Jehovae.
499 3061 541 3121 Ut
561 3070 656 3122 summ
678 3061 774 3121 omnia
793 3081 863 3138 erga
886 3080 939 3120 nos
961 3060 1017 3118 Dei
1040 3001 1179 3118 benedcia
1200 3057 1286 3116 unica
1308 3057 1360 3115 ille

163 3137 351 3211 promissione
366 3139 564 3199 continentur:
587 3140 633 3200 Ita
646 3140 743 3199 omnia
762 3139 910 3198 hominum
924 3157 994 3216 erga
1008 3139 1103 3197 Deum
1124 3135 1217 3196 officis
1233 3136 1288 3194 hac
1301 3155 1359 3195 una

165 3213 328 3274 conditione
341 3217 573 3294 praescribuntur,
585 3237 650 3295 qua
664 3218 749 3279 simul
763 3225 793 3276 et
806 3217 895 3277 semel
908 3217 1018 3295 etquid
1031 3235 1088 3276 esse
1098 3215 1231 3292 debeant,
1247 3214 1360 3292 etquid

156 3294 258 3365 sesae
271 3301 430 3371 teneantur,
444 3297 546 3356 innuit.

207 3435 213 3448 ,
258 3435 264 3450 ,
464 3375 607 3435 XXVII.
630 3376 702 3434 Esse
711 3379 850 3452 populum
859 3375 925 3452 Dei,
935 3395 994 3434 non
1009 3383 1054 3434 est
1067 3381 1177 3434 tantum
1191 3374 1256 3451 ejus
1270 3371 1360 3433 domi·

165 3433 347 3538 ffiffiffif
363 3452 405 3496 po-
425 3453 475 3512 nio
496 3453 609 3530 subjici,
630 3462 660 3514 et
680 3454 717 3512 ab
735 3455 798 3531 ipso
816 3453 950 3530 pendere,
972 3462 1002 3513 et
1021 3451 1194 3531 gubemari;
1223 3451 1265 3512 sic
1285 3453 1362 3512 enim

165 3507 409 3664 {saffiram
426 3531 668 3668 omnesufiominep
686 3533 724 3668 ip³
735 3533 978 3668 uniuersumdpljus
1000 3529 1302 3669 sunttpopplpphllsed
1319 3531 1363 3589 illi

194 3664 403 3766 guma
423 3629 667 3764 ldimlmml
682 3629 910 3764 ldiffil
927 3631 1041 3748 ibit
1048 3631 1200 3765 baba
1213 3629 1363 3765 ,stlte

424 3769 461 3825 sit
470 3767 535 3842 Dei,
548 3766 586 3825 id.
602 3765 639 3824 ad
650 3767 712 3844 ejus
726 3767 848 3843 gloriam
858 3766 1005 3826 referatur.
1028 3767 1075 3827 Ita
1089 3767 1258 3844 designatur
1270 3767 1362 3842 primo

164 3845 308 3919 matio
321 3864 342 3903 α
354 3848 467 3920 msam,
482 3853 512 3904 et
525 3846 695 3906 consecutio
705 3848 778 3920 Deo,
787 3853 820 3904 ut
833 3843 1074 3922 quemadmodum
1087 3865 1146 3904 uon
1160 3863 1259 3904 sumus
1272 3842 1363 3902 nostri

162 3920 247 3997 juris,
262 3922 315 3980 sed
328 3921 406 3982 illius
420 3924 470 4001 qui
483 3943 537 3982 nos
556 3923 665 3982 creavit
678 3931 707 3981 et
720 3923 850 3999 redemit,
865 3930 894 3981 et
907 3924 958 4000 qui
972 3943 1003 3982 se
1016 3924 1101 3982 nobis
1113 3922 1213 3981 dedit:
1245 3921 1292 3978 Ite
1305 3941 1364 3979 non

165 3999 250 4057 nobis
260 3999 394 4060 vivamus
408 4001 540 4079 amplius,
552 4021 611 4060 non
627 4001 749 4074 Satanas
758 4021 818 4059 non
831 4010 958 4078 peccato,
967 4021 1026 4059 non
1039 4000 1156 4074 mundo,
1171 3998 1223 4057 sed
1236 3997 1280 4056 illi
1294 3999 1363 4058 soli:

167 4075 210 4136 Ut
222 4078 259 4136 ab
273 4097 309 4137 eo
322 4097 422 4138 sumus
436 4079 574 4157 quicquid
588 4097 705 4154 sumum
728 4079 775 4138 Ita
788 4078 826 4137 ad
839 4079 941 4157 ipsum,
957 4078 1094 4157 quicquid
1108 4095 1207 4136 sumus
1220 4083 1250 4134 et
1263 4097 1363 4154 possu-

166 4174 230 4214 mus
238 4155 386 4216 referatur.
416 4158 458 4218 Ut
473 4159 553 4218 Deus
567 4158 678 4216 caeteris
691 4157 855 4216 bominibus
868 4158 976 4218 relictis
989 4177 1043 4217 nos
1056 4155 1168 4232 selegit,
1184 4174 1249 4213 cum
1260 4155 1365 4232 quibus

167 4231 261 4294 ioedus
275 4236 465 4310 conueheret,
480 4245 510 4296 et
523 4237 553 4294 in
566 4235 704 4316 populum
717 4255 771 4294 nos
785 4235 955 4312 ascisceret;
978 4235 1025 4294 Ita
1037 4253 1091 4293 nos
1105 4233 1216 4292 ceteris
1231 4233 1364 4293 omnibus

167 4311 263 4372 misds
271 4312 355 4370 illum
362 4314 455 4374 solum
466 4315 496 4374 in
508 4315 738 4378 Deumnostrnm
746 4313 853 4390 eligere
862 4323 1000 4390 tenemur,
1005 4313 1126 4373 utillum
1135 4311 1228 4370 solnm
1237 4311 1365 4370 colemus

166 4397 196 4448 et
220 4409 384 4468 sequamur,
399 4393 479 4469 quod
491 4393 578 4454 toties
591 4401 677 4468 urget
687 4391 812 4469 Spiritus
832 4391 878 4451 S.:
895 4393 1012 4452 Denter.
1023 4389 1073 4448 vti„
1089 4393 1117 4464 6,
1133 4394 1160 4464 7,
1176 4396 1205 4447 et
1219 4388 1300 4449 xxvi.
1318 4392 1364 4464 17,

169 4469 214 4542 18,
231 4471 246 4526 1
260 4469 326 4528 Cor.
341 4469 381 4528 vi.
397 4473 444 4546 19,
460 4474 508 4547 20,
523 4477 584 4534 ott
601 4471 665 4529 Cor.
679 4489 709 4529 v.
726 4473 772 4544 14,
789 4473 835 4545 15,
851 4478 880 4529 et
892 4471 932 4530 vi.
950 4475 994 4547 17,
1012 4471 1058 4544 18,
1074 4469 1159 4527 Rom.
1174 4467 1235 4525 xiv.
1251 4471 1278 4541 7,
1294 4469 1322 4542 8,
1334 4471 1362 4531 9.

168 4543 250 4606 Talis
263 4555 362 4606 autem
376 4547 462 4608 debet
480 4569 543 4610 csse
557 4549 743 4623 consecratio,
758 4557 792 4607 ut
804 4557 882 4608 totos
895 4569 948 4608 nos
970 4556 1000 4608 et
1019 4548 1115 4607 anima
1128 4554 1157 4604 et
1171 4565 1288 4623 corpore
1303 4548 1368 4612 Dec

166 4621 297 4684 dicemus
317 4625 349 4682 in
362 4627 482 4704 Temple
503 4638 533 4687 et
548 4629 659 4692 hostias
679 4627 852 4704 spirituales,
868 4629 952 4686 Rom.
968 4627 1018 4686 xii.
1043 4630 1068 4703 1,
1086 4629 1101 4684 l
1118 4625 1183 4684 (lor.
1197 4625 1238 4686 iii
1256 4628 1302 4701 16,
1319 4630 1365 4703 17,
