3150 5206
261 343 321 402 202
706 357 797 399 nocue
812 355 1014 398 nuonscruus.
1282 337 1410 418 [cunsr.
1427 361 1471 400 vu.

261 519 312 578 per
332 499 399 560 illas
419 499 507 558 homo
527 505 661 576 peccator
673 499 773 576 perfici
793 499 944 575 potuisset,
960 507 1022 556 tum
1037 497 1105 576 quia
1126 517 1157 558 sc
1171 498 1319 559 habebant
1340 509 1472 579 tanquam

261 581 371 656 figurae,
393 589 423 639 et
444 577 619 654 ὑποδήματι
640 580 801 639 futurorum
823 579 973 653 bonorum,
997 579 1074 638 Heb.
1089 599 1119 638 x.
1137 583 1162 654 l,
1186 579 1247 638 Col.
1276 579 1307 641 ii.
1328 583 1375 638 17.
1418 583 1474 640 Sed

260 686 331 719 aava
344 661 411 719 him
426 659 480 719 fuit
501 680 553 738 per
573 679 613 735 se,
632 662 658 718 1.
679 668 712 718 ut
732 679 784 735 per
805 658 884 716 illam
904 658 1029 736 populus
1049 659 1169 718 haberet
1190 668 1341 719 extemam
1355 660 1472 720 formam
1546 649 1547 694 l

262 741 434 817 Religionis,
449 760 514 817 quae
535 739 598 798 Deo
619 740 807 817 probaretur,
829 741 857 796 2.
878 747 910 797 ut
924 737 975 796 illa
989 737 1181 798 famularetur
1199 739 1302 798 foederi
1321 741 1431 817 gratia,
1447 751 1473 800 et

262 819 362 879 Moses
384 821 508 895 Christo,
526 820 610 878 Rom.
626 841 656 878 x.
679 821 705 893 5,
729 821 756 894 6,
780 827 813 877 ut
834 837 886 896 per
909 817 990 876 illam
1012 819 1202 878 oeconomiam
1222 829 1473 897 repraesentaretur

260 901 422 960 oeconomia
445 900 610 978 spiritualis,
636 919 700 977 qnae
723 900 753 956 in
773 899 858 956 Novo
873 897 1058 957 Testamento
1081 899 1208 958 solitarie
1230 899 1356 959 debebat
1379 901 1471 960 locum

259 980 375 1056 habere,
404 981 468 1039 Deo
481 980 529 1038 hie
551 988 655 1056 agente
676 978 714 1036 ad
728 978 845 1036 modum
859 978 1057 1055 praestantium
1078 979 1228 1052 artificum,
1249 981 1299 1056 qui
1320 989 1472 1058 antequam

261 1079 379 1119 manum
394 1060 474 1137 operi
488 1059 669 1134 admoveant,
682 1060 745 1137 ejus
760 1057 854 1115 ideam
869 1057 965 1116 animo
980 1067 1157 1135 conceptam,
1167 1059 1232 1118 rudi
1243 1059 1325 1136 prius
1339 1061 1472 1136 penicillo

259 1140 290 1204 ὅς
304 1141 325 1198 ir
337 1139 408 1216 riva-p
423 1159 473 1216 per
487 1141 658 1220 σκιαγραφίαν
678 1138 823 1196 delineare
845 1137 958 1212 solent;
981 1140 1009 1197 3.
1031 1147 1064 1197 ut
1086 1139 1280 1216 Evangelium
1295 1140 1357 1198 sive
1369 1139 1471 1217 jugum

262 1221 369 1279 Christi
383 1219 516 1278 redderet
530 1221 649 1278 suavius
664 1238 717 1277 sua
730 1216 913 1290 onerositate,
930 1217 1035 1277 Matth.
1051 1219 1092 1276 xi.
1108 1220 1156 1293 28,
1172 1221 1220 1278 29.

563 1301 723 1358 XXXIV.
748 1302 934 1360 Clzoracteres
954 1308 984 1358 et
1004 1303 1117 1375 Efflrcta
1138 1301 1222 1360 iatius
1244 1302 1402 1361 oeconomice
1422 1323 1470 1362 ex·

261 1350 502 1452 charaepppppptffl-
522 1383 611 1439 ternae
631 1381 764 1439 fuerunt:
788 1380 813 1438 l.
842 1380 996 1438 Promissio
1023 1382 1135 1439 Messio
1162 1381 1286 1457 venturi,
1315 1390 1346 1441 et
1374 1383 1471 1442 dilatio

260 1465 282 1509 1.
293 1466 425 1536 Ppomissio
440 1464 503 1534 rgias-
526 1459 736 1520 satisfactionis
751 1480 803 1537 pro
817 1460 901 1517 nobis
915 1460 1094 1537 praestandae.
1138 1461 1221 1519 Licet
1243 1461 1319 1519 enim
1341 1461 1471 1522 Christus

304 1537 347 1570 ⁸¹²
359 1526 463 1568 venturi.
520 1541 736 1618 promitteretur
750 1540 872 1598 subinde
893 1540 923 1597 iu
938 1540 1070 1604 Oraculis
1091 1549 1121 1600 et
1141 1541 1277 1618 inTypis
1298 1542 1388 1600 variis
1409 1563 1470 1620 grn-

259 1624 343 1702 pbiee
363 1623 599 1682 adumbraretur:
628 1631 724 1680 tamen
742 1640 795 1679 neo
817 1619 1010 1678 incarnandus
1031 1620 1085 1678 fnit
1105 1628 1166 1679 toto
1187 1621 1238 1678 illo
1258 1629 1398 1698 tempore,
1420 1643 1471 1681 nee

259 1703 354 1784 altger,
378 1703 457 1782 quod
481 1703 518 1762 ad
540 1701 766 1778 redemptionem
787 1709 915 1758 nostram
937 1701 1144 1776 requirebatur,
1173 1700 1274 1759 debuit
1302 1702 1387 1778 solvi,
1416 1723 1470 1780 quo

259 1805 346 1844 sensu
357 1786 460 1843 Petrus
472 1788 505 1844 1·
519 1804 543 1841 o.
556 1784 574 1842 i.
587 1785 632 1857 10,
645 1785 691 1856 ll,
707 1785 752 1858 l2,
763 1780 833 1839 dicit
844 1779 1003 1838 revelatum
1014 1778 1103 1838 fuisse
1115 1779 1269 1857 Prophetis
1280 1799 1330 1839 eos
1340 1783 1469 1856 nonsibi,

259 1865 311 1923 scd
325 1865 409 1923 nobis
424 1884 458 1923 ea
472 1863 680 1937 administrare,
697 1881 762 1938 quaa
783 1860 957 1919 annunciata
978 1867 1045 1917 sunt
1059 1859 1143 1917 nobis
1157 1859 1193 1918 de
1209 1860 1318 1918 Christi
1330 1863 1470 1938 passioni·

258 1945 313 2004 bus
329 1953 357 2004 et
372 1944 465 2021 gloria
481 1951 623 2002 secutura.
646 1941 745 2018 Atque
759 1940 826 1998 binc
841 1940 881 2012 fit
897 1948 931 1998 ut
943 1948 1021 1998 recte
1036 1940 1157 2012 dicatur,
1172 1939 1302 1998 nondum
1317 1940 1470 2001 adductam

258 2024 348 2082 fuisse
359 2023 503 2101 justitiam
519 2023 688 2095 seculorum,
706 2023 780 2078 Dan.
796 2020 836 2076 ix.
852 2023 900 2094 24,
923 2027 952 2078 ct
965 2025 1084 2096 peccata
1098 2019 1239 2077 mansisse
1260 2020 1321 2078 sine
1337 2040 1408 2079 vera
1421 2041 1470 2080 ex·
1494 2039 1498 2046 ·

258 2104 393 2182 piatione,
409 2102 501 2160 donec
515 2121 567 2178 per
585 2101 692 2159 Christi
708 2099 933 2158 satisfactionem
948 2099 1120 2157 delerentur.
1150 2099 1216 2157 Non
1230 2099 1308 2176 quod
1322 2099 1468 2160 incumbe·

257 2190 321 2240 rent
335 2181 429 2240 adhuc
440 2179 582 2256 fidelibus,
599 2180 735 2256 aquibus
750 2179 779 2236 in
795 2178 940 2236 Christum
958 2179 1131 2255 Sponsorem
1145 2178 1285 2237 translata
1294 2189 1396 2240 erant:
1414 2181 1469 2240 Sed

256 2261 325 2339 quia
339 2261 503 2318 existebant
517 2259 548 2316 in
561 2259 721 2318 rationibus
744 2257 905 2335 Sponsoris,
922 2259 968 2317 cui
989 2258 1194 2318 incumbebant
1207 2258 1322 2334 luenda,
1345 2278 1399 2320 nec
1420 2281 1469 2320 ex·

258 2349 366 2418 puncta
379 2339 503 2414 fuerunt,
524 2339 580 2396 nisi
595 2339 737 2398 solutione
752 2339 888 2416 praestita.

177 2425 180 2431 '
416 2477 421 2488 ,
561 2417 703 2477 XXXV.
726 2423 754 2478 2.
772 2419 940 2493 obscuritas,
957 2419 1026 2496 quia
1044 2419 1174 2478 nondum
1188 2427 1289 2480 exorto
1305 2421 1366 2479 sole
1383 2421 1468 2499 justi·

287 2477 470 2524 2¹⁰¹³⁸⁰¹²¹¹m
520 2497 577 2574 tiae,
603 2497 725 2557 dabatur
748 2507 860 2557 tantum
893 2499 992 2557 Sermo
1016 2499 1203 2577 propheticus
1230 2500 1322 2559 instar
1344 2501 1468 2561 lucemae

258 2577 437 2656 splendentia
451 2577 481 2637 in
495 2576 559 2637 loco
574 2577 705 2654 obscuro,
721 2583 739 2637 2
757 2579 818 2637 Pet.
833 2579 852 2637 i.
870 2581 916 2637 19.
949 2579 988 2637 Et
1001 2579 1128 2657 Tempus
1139 2579 1255 2638 Veteris
1270 2580 1396 2640 Testem.
1408 2591 1467 2641 erat

257 2667 371 2736 tempus
385 2659 487 2735 noetis,
508 2668 622 2736 tempus
636 2679 705 2717 vero
721 2659 797 2716 Novi
811 2659 882 2734 dios,
898 2658 948 2734 qui
963 2659 1047 2717 nobis
1061 2659 1167 2718 illuxit.
1191 2659 1269 2718 Hinc
1284 2660 1467 2721 Caeremonite

257 2749 338 2800 erant
362 2740 453 2799 instar
474 2739 541 2814 veli,
566 2759 623 2816 quo
648 2739 820 2816 tegebantur
840 2739 986 2816 mysteria,
1009 2737 1088 2815 quod
1108 2738 1254 2798 velamine
1268 2739 1352 2799 faciei
1375 2741 1465 2800 Mosis

258 2821 460 2879 adumbratum
474 2819 563 2879 fuisse
579 2820 663 2880 docet
678 2819 846 2897 Apostolus,
862 2823 880 2878 2
896 2819 961 2877 Cor.
977 2818 1017 2878 iii.
1035 2821 1081 2892 13,
1096 2820 1165 2896 quia
1180 2820 1279 2878 Moses
1300 2819 1340 2878 ibi
1358 2821 1465 2900 allego·
1552 2817 1553 2824 '

257 2901 314 2960 rice
325 2910 416 2960 totam
435 2901 623 2960 oeconomiam
633 2901 749 2959 Veteris
763 2901 842 2959 Tast.
857 2907 946 2958 notat.
983 2898 1047 2972 Quo
1061 2897 1185 2958 faciebat
1198 2899 1285 2958 etiam
1299 2899 1397 2958 velum
1411 2901 1464 2958 Ta·

257 2980 404 3041 bernaouli
419 2989 448 3041 ct
461 2981 575 3060 Templi
590 2981 738 3039 israelitas
752 2981 788 3039 ab
803 2979 922 3038 introitu
935 2985 965 3038 et
978 2977 1085 3038 intuitu
1101 2979 1224 3037 Sacrarii
1238 2998 1348 3038 arcens.

560 3061 719 3119 XXXVI.
741 3063 768 3120 3.
791 3061 923 3134 Seruitia,
940 3059 1001 3117 sive
1023 3057 1137 3117 servilis
1158 3059 1294 3132 conditio,
1309 3077 1361 3136 per
1379 3078 1463 3137 quam

517 3150 603 3200 vetus
618 3141 749 3200 Ecclesia
769 3141 850 3218 Legi,
871 3159 936 3216 quae
953 3145 1069 3217 pactum
1089 3145 1150 3196 erat
1170 3157 1327 3212 servorum,
1344 3139 1410 3198 Gal.
1428 3140 1464 3199 iv.

256 3219 310 3278 fuit
325 3220 448 3293 subdita,
465 3240 529 3296 quae
543 3219 659 3296 quidem
671 3228 802 3296 respectu
817 3220 940 3292 illorum,
953 3220 1003 3295 qui
1017 3218 1047 3276 in
1061 3218 1141 3296 Lege
1156 3217 1278 3277 salutem
1289 3219 1463 3294 querebant,

256 3305 318 3355 erat
332 3298 464 3356 absoluta
479 3307 507 3356 ct
522 3299 621 3372 totalis,
637 3299 751 3356 illorum
766 3319 844 3374 vero,
861 3300 910 3374 qui
925 3299 955 3355 in
974 3298 1025 3356 illa
1043 3297 1080 3356 ad
1102 3297 1247 3357 Christum
1262 3299 1461 3374 respiciebant,

255 3383 367 3434 tantum
376 3379 525 3434 secondum
536 3377 611 3451 qnid,
622 3384 654 3434 ut
668 3377 697 3434 in
714 3377 846 3453 AEgypto
858 3377 1007 3452 israelitae,
1023 3378 1072 3455 qui
1087 3376 1123 3436 de
1134 3377 1303 3436 liberatione
1314 3397 1372 3436 non
1387 3381 1465 3456 cogi·

254 3455 364 3529 tabant,
379 3454 507 3513 totaliter
521 3463 602 3512 erant
617 3455 710 3528 servi;
725 3455 917 3533 illivero,qui
931 3455 1082 3534 perfidem
1103 3457 1182 3514 illam
1191 3457 1388 3534 acceptabant,
1404 3479 1465 3518 eor-

255 3552 324 3611 pore
340 3534 456 3610 quidem
471 3541 552 3591 amnt
567 3535 652 3610 scrvi,
669 3534 792 3593 sednon
807 3536 912 3595 anime.
951 3536 1038 3596 Unde
1067 3537 1176 3595 Paulus
1197 3536 1275 3613 dicit,
1296 3537 1363 3596 Gal.
1379 3537 1419 3596 iv.
1437 3542 1461 3614 1,

254 3615 397 3686 Infantem
410 3633 465 3671 non
480 3615 595 3688 dt'ffcme
615 3634 634 3672 α
654 3635 742 3690 aereo,
758 3623 787 3674 et
802 3615 942 3691 Christus,
959 3616 1064 3675 Matth.
1080 3616 1119 3676 xi.
1135 3619 1183 3692 28,
1199 3625 1286 3676 vocat
1299 3635 1349 3676 eos
1370 3631 1435 3690 πιφο
1453 3653 1462 3664 -

254 3693 376 3768 τισμὶνους
390 3697 435 3750 nst
449 3697 592 3761 sauciam,
608 3714 673 3773 quae
688 3715 776 3754 voces
788 3695 918 3754 laborem
932 3703 962 3754 et
979 3696 1085 3774 jugum
1104 3697 1209 3755 servile
1223 3697 1355 3772 inuuunt,
1378 3719 1416 3775 qu
1448 3721 1463 3758 e

254 3775 323 3832 olim
338 3773 391 3832 fuit
407 3773 603 3835 israelitarum
617 3777 647 3834 in
662 3777 805 3854 AEgypto.
842 3775 881 3834 Et
894 3776 956 3834 hoec
970 3776 1094 3835 servitus
1106 3797 1140 3835 eo
1154 3776 1302 3835 molestior
1316 3785 1386 3854 erat,
1401 3787 1463 3837 tum

253 3854 340 3931 quod,
351 3875 410 3915 non
420 3874 502 3914 secus
511 3876 545 3916 ac
556 3857 750 3917 Commissarii
762 3855 929 3930 Pharaonis,
940 3855 1076 3933 exigebat
1087 3855 1291 3934 impletionem,
1301 3875 1355 3915 nec
1366 3865 1463 3917 tamen

253 3935 330 3995 vires
344 3935 483 4014 implendi
497 3936 706 4015 suppeditabat,
722 3944 783 3996 turn
799 3935 876 4012 quod
892 3935 1019 3995 minimae
1039 3935 1261 4014 transgressioni
1276 3937 1464 3996 minitabatur

252 4035 362 4093 poenas,
378 4017 526 4093 ipsamque
541 4017 613 4076 adeo
627 4015 858 4075 maledictionem
874 4015 1012 4075 divinam.
1043 4017 1116 4074 Haec
1130 4035 1199 4074 vero
1214 4015 1339 4075 servitus
1358 4017 1461 4075 confir·

252 4095 384 4154 mabatur
397 4117 449 4174 per
461 4103 575 4173 στωχιῒι
593 4103 638 4155 τοῦ
657 4096 751 4154 straet
771 4099 904 4155 elementa
920 4096 1025 4170 mundi,
1047 4095 1086 4154 id.
1107 4096 1292 4154 ceremonias
1307 4096 1349 4154 sic
1367 4095 1461 4156 dictas

251 4184 368 4254 propter
388 4196 485 4235 earum
500 4177 653 4236 ruditatem
674 4185 704 4234 et
722 4176 974 4253 imperfectionem,
998 4175 1051 4234 sub
1072 4175 1178 4253 quibus
1198 4174 1410 4251 detinebantur,
1432 4185 1462 4236 et

251 4276 316 4332 quae
330 4263 447 4334 propter
467 4257 635 4314 immensam
655 4255 736 4313 illam
749 4255 856 4315 rituum
870 4255 1092 4329 multitudinem,
1108 4255 1214 4332 quibus
1235 4255 1355 4332 defungi
1373 4255 1461 4314 debc-

249 4335 320 4395 bant
335 4355 399 4396 cum
414 4353 515 4394 severa
528 4336 767 4409 interminatione,
783 4355 851 4394 snos
865 4335 990 4394 cultores
1004 4335 1173 4411 gravabant,
1189 4355 1247 4412 quo
1260 4345 1394 4412 respectu
1408 4355 1460 4394 vo-

249 4425 359 4492 cantur,
376 4415 441 4475 Gal.
457 4435 485 4474 v.
503 4419 528 4490 1,
536 4419 638 4492 jupam
651 4415 797 4489 servituis,
809 4422 838 4473 et
852 4433 925 4473 onus
939 4414 1110 4489 utineam,
1128 4415 1195 4474 Act.
1210 4435 1261 4474 xv.
1279 4418 1325 4475 10.

250 4533 284 4579 E,
299 4535 399 4592 spiritus
414 4534 489 4580 W„
551 4493 728 4554 XXXVII.
752 4493 836 4552 Hane
858 4494 1026 4553 servitutem
1048 4495 1238 4554 comitabatur
1250 4495 1376 4571 Spiritus
1398 4517 1458 4553 aer-

279 4593 426 4646 mnaeom.
438 4591 489 4636 viii.
510 4574 601 4632 attaris
622 4573 789 4633 oeconomiae
811 4571 908 4632 servili
930 4582 1144 4652 attemperatus,
1163 4575 1245 4634 Rom.
1266 4573 1327 4634 viii.
1345 4576 1391 4650 15,
1407 4575 1459 4652 qui

277 4649 313 4694 15.
511 4655 635 4712 timorem
649 4655 775 4714 servilem
791 4655 845 4712 Dei
857 4654 973 4732 judicis,
986 4663 1015 4716 et
1029 4664 1135 4716 metum
1150 4675 1251 4732 pennae,
1268 4661 1354 4731 atque
1369 4673 1408 4713 ex
1422 4675 1458 4712 co

300 3120 322 3166 3.
338 3121 457 3168 Servitus.
