3146 5210
85 393 212 443 curaer.
229 370 286 454 xa]
450 391 490 430 nc
505 390 621 431 errrore
635 389 753 430 cumsrr
768 389 964 430 unnrauoaro.
1249 375 1309 432 379

83 543 195 612 potest
222 534 321 592 inferri
348 532 386 590 ad
410 531 476 590 illos
500 532 594 591 solum
618 530 757 609 Spiritum
788 531 926 590 Sanctum
949 530 1134 607 respexisse;
1167 531 1236 606 quia
1259 552 1310 590 no·

85 626 161 674 tum
193 624 237 674 ost
266 615 296 671 in
329 613 476 690 Scriptura
504 633 550 670 res
581 611 640 670 dici
659 612 778 688 temleri,
801 631 859 670 non
886 621 999 670 tantum
1020 629 1109 687 quum
1130 610 1255 687 perfecte
1283 619 1313 670 et

85 695 233 754 ultimate
255 695 442 771 complentur,
459 691 610 751 sedetiam
625 712 714 768 quum
728 691 871 768 incipiunt
891 691 1003 768 impleri
1017 690 1114 766 quoad
1128 689 1253 766 aliquam
1268 691 1313 748 sui

117 783 227 834 artem.

90 795 114 852 P
138 854 221 912 XII.
245 854 312 911 Huc
326 851 625 926 reierridebontloca,
636 849 783 925 inquibus
794 851 926 910 Christus
937 850 1042 909 dicitur
1053 849 1146 908 factus
1155 859 1311 926 peccatum,

92 942 128 992 et
144 934 291 992 execratio
304 953 356 1010 pro
370 932 462 1006 uobis,
480 932 545 991 Gal.
561 932 601 990 iii.
618 934 664 1006 13,
688 935 705 988 2
722 930 787 988 Cor.
812 951 841 988 v.
857 934 905 990 21.
957 930 1102 1004 Quorsum
1113 929 1190 988 enim
1204 929 1312 988 dicere·

91 1017 255 1088 tursactas
264 1022 412 1088 peccatam
426 1032 443 1070 a
455 1013 518 1071 Deo
532 1012 554 1071 J
555 1011 648 1085 udice,
660 1009 700 1068 id.
715 1010 843 1070 Victima
853 1031 906 1088 pro
914 1019 1041 1087 peccato,
1055 1010 1125 1068 Lev.
1141 1031 1169 1069 v.
1185 1012 1213 1083 9,
1223 1019 1252 1068 et
1263 1030 1313 1068 eo:-

90 1094 216 1165 ecratio,
232 1092 271 1150 id.
287 1093 449 1170 subjectum
462 1091 673 1150 maledictionis
687 1098 717 1148 et
730 1090 1025 1167 execrationia,quam
1043 1091 1104 1148 Lex
1115 1089 1314 1166 peccatoribus

91 1173 350 1248 interminabatur,
379 1179 409 1230 ct
432 1172 549 1248 quidem
573 1191 631 1228 non
655 1189 707 1247 pro
733 1189 763 1228 se
786 1171 836 1247 qui
851 1171 1049 1229 sanctissimus
1064 1179 1093 1228 et
1108 1170 1187 1228 Patri
1203 1189 1313 1228 summo

94 1252 226 1311 dilectus
238 1271 351 1329 semper
361 1251 423 1326 fuit,
450 1251 502 1310 sed
520 1271 580 1327 pro
593 1251 677 1326 notia
693 1251 750 1310 nisi
773 1251 842 1327 quia
861 1251 926 1309 loco
940 1260 1039 1309 nostro
1054 1249 1236 1324 substitutus,
1253 1269 1313 1306 om-

94 1352 168 1390 nem
183 1333 396 1390 execrationem
412 1331 501 1408 Legis
514 1351 579 1407 quae
600 1330 727 1408 peccatis
750 1330 856 1388 nostris
871 1338 932 1388 erat
946 1329 1044 1390 debita
1058 1330 1088 1386 in
1103 1349 1133 1388 sc
1147 1330 1264 1406 recapit,
1280 1337 1313 1390 ut

95 1432 166 1470 eam
181 1412 276 1486 ferret,
292 1420 322 1470 et
335 1411 453 1470 ferendo
467 1411 611 1487 auferret3
626 1420 712 1487 atque
726 1410 768 1470 ita
781 1409 1020 1482 benedictionem,
1035 1409 1065 1467 id
1079 1419 1133 1475 est,
1148 1410 1313 1468 remission-

98 1511 149 1549 em
165 1501 358 1568 pcccatorum,
374 1501 403 1550 et
420 1491 470 1568 jus
485 1491 523 1549 ad
536 1491 626 1550 vitam
641 1490 719 1567 apud
734 1491 828 1548 Deum
842 1490 926 1548 nobis
939 1493 1130 1566 procuraret?
1171 1489 1247 1563 Quid
1258 1489 1313 1548 hoc

100 1572 230 1630 faciebat
244 1571 282 1629 ad
296 1571 443 1648 patientiae
457 1571 631 1648 exemplum,
646 1571 695 1628 vel
709 1569 847 1629 doctrinae
861 1569 1130 1629 confirmationem?
1170 1569 1241 1643 Quis
1255 1589 1314 1626 uon

100 1651 186 1709 videt
199 1652 296 1728 potius
310 1651 595 1728 hicaubropatianem
614 1671 710 1709 veram
725 1649 832 1708 Christi
856 1649 886 1707 in
910 1649 1005 1708 locum
1030 1656 1169 1723 nostrum,
1185 1658 1213 1707 et
1228 1669 1264 1706 cx
1280 1669 1314 1706 ea

99 1751 205 1789 veram
220 1731 454 1806 satisfactionem,
471 1741 500 1790 et
524 1731 634 1808 peccati
658 1730 853 1806 expiationem
868 1729 974 1788 innui?
1015 1728 1077 1786 Nec
1091 1728 1187 1804 excipi
1200 1728 1248 1785 hic
1261 1748 1312 1804 po-

100 1818 164 1868 test
179 1811 320 1869 Christum
334 1813 508 1886 dicifactum
521 1812 732 1883 execrationem,
748 1830 804 1868 aon
817 1811 895 1886 qaod
914 1809 1118 1868 execrationem
1144 1809 1222 1865 ittam
1241 1828 1312 1882 pro·

98 1891 171 1965 pris
185 1891 286 1962 atterit,
302 1911 365 1966 quoe
378 1892 407 1949 ia
421 1893 511 1967 ipsum
524 1901 618 1966 utpote
642 1891 813 1948 benedictum
834 1899 860 1948 et
878 1889 1127 1948 innocentissimum
1142 1891 1244 1945 cadere
1258 1909 1314 1946 aaa

100 1971 206 2045 potuit,
228 1971 288 2028 Sed
307 1972 375 2047 quia
396 1972 561 2047 supplicium
586 1971 677 2029 crucia
695 1970 765 2045 tellit,
786 1972 863 2046 quod
882 1971 932 2026 aab
956 1970 1032 2044 che
1045 1969 1108 2041 suit
1126 1969 1311 2025 maledictum.

104 2050 183 2108 Nam
197 2050 286 2108 verba
300 2051 363 2127 ipsa
378 2051 522 2128 Apostoli,
538 2059 567 2109 et
580 2050 740 2126 redemptio
753 2050 791 2108 ab
815 2049 998 2108 execratione
1014 2047 1110 2124 Legis,
1130 2067 1215 2124 quam
1230 2047 1314 2105 uobis

103 2130 272 2206 procuravit
296 2139 387 2190 morte
415 2151 475 2206 sua,
505 2131 679 2188 contrarium
701 2127 857 2188 evincunt:
880 2127 1030 2202 Quomodo
1055 2127 1130 2186 euim
1146 2135 1243 2204 posset
1257 2127 1315 2186 dici

103 2209 199 2268 factus
210 2211 365 2286 execratio,
381 2219 410 2269 et
433 2209 550 2288 quidem
573 2210 611 2268 ad
625 2229 678 2268 nos
692 2209 729 2267 ab
743 2229 778 2268 ea
791 2207 982 2282 redimendos,
999 2208 1055 2266 uisi
1069 2208 1137 2284 quia
1161 2227 1224 2266 eam
1239 2207 1268 2264 in
1284 2227 1314 2266 se

105 2289 256 2366 suscepit?
297 2290 357 2350 Nec
371 2291 467 2350 obstat
481 2290 554 2348 ratio
569 2290 638 2347 Filii
655 2288 804 2366 Unigeniti
815 2297 844 2348 et
860 2288 1003 2346 benedicti
1018 2288 1082 2362 Dei,
1097 2287 1165 2363 quia
1179 2306 1242 2345 eam
1257 2307 1315 2344 nou

107 2369 246 2428 sustinuit
259 2369 289 2428 in
303 2389 333 2428 se
348 2379 378 2429 et
390 2391 442 2447 pro
457 2391 487 2429 so
498 2390 557 2448 qua
572 2370 664 2427 Filius
675 2370 738 2444 Dei,
755 2368 806 2428 sed
821 2387 878 2444 qua
903 2368 1030 2444 Sponsor
1043 2375 1141 2426 noster
1154 2387 1206 2444 pro
1220 2367 1313 2442 uobis,

106 2468 231 2525 quorum
258 2469 409 2527 personam
440 2451 609 2523 sustinebat,
645 2469 767 2525 quorum
800 2457 942 2525 respectu,
978 2448 1027 2506 ille
1062 2445 1112 2524 qui
1146 2446 1316 2505 benedictus

106 2529 163 2587 suit
175 2529 206 2586 iu
221 2529 318 2589 secula
331 2538 427 2608 potest
441 2531 497 2590 dici
512 2528 722 2588 meledictionis
746 2547 862 2607 poenam
883 2528 1053 2587 sustinuisse
1067 2535 1184 2606 propter
1197 2535 1317 2604 peccata

108 2617 217 2668 nostra.

149 2689 245 2748 XIII.
268 2688 367 2766 Atque
381 2689 449 2748 hinc
462 2709 520 2748 nou
535 2689 655 2748 obscuro
670 2687 825 2764 colligitur,
837 2707 962 2764 quonam
974 2705 1060 2745 sensu
1071 2685 1184 2744 dicatur
1194 2685 1316 2744 traditus

105 2779 334 2846 propteraostra
343 2779 463 2845 peccata
476 2779 582 2844 noema,
600 2769 684 2827 Rom.
707 2769 746 2826 iv.
771 2772 818 2841 25,
835 2767 873 2824 id.
885 2787 944 2824 non
969 2775 1080 2824 tanturn
1094 2765 1314 2840 occasionaliter,

108 2858 142 2908 ut
155 2850 244 2909 vellet
260 2850 390 2926 Socinus,
407 2849 475 2926 quia
489 2857 607 2927 peccata
621 2857 719 2907 nostra
734 2847 846 2906 occasio
856 2846 971 2904 suerunt
985 2845 1095 2919 mortis,
1110 2863 1196 2920 quam
1211 2864 1315 2921 passus

110 2938 170 3005 est;
193 2929 242 2988 vel
258 2931 396 3008 ,tamdem
422 2931 506 3006 quasi
517 2930 649 2988 Christus
663 2936 775 2986 tantum
789 2935 919 2984 mortuus
934 2934 1018 2999 esset,
1033 2933 1066 2983 ut
1080 2945 1097 2982 a
1110 2923 1237 3000 peccatis
1261 2944 1315 2984 nos

111 3009 296 3083 abstraheret,
311 3011 406 3068 velut
420 3009 456 3068 de
471 3029 568 3068 sarum
582 3009 749 3066 remissione
764 3015 858 3067 certos
872 3005 1004 3063 redderet
1016 3027 1023 3080 3
1046 3003 1097 3062 sod
1119 3005 1267 3078 meritorie,
1283 3012 1316 3063 ut

111 3097 228 3166 peccata
242 3089 348 3148 fuerint
362 3109 448 3148 causa
459 3089 614 3166 impulsiva
628 3087 782 3161 meritoria,
793 3095 909 3162 propter
923 3104 1008 3161 quam
1023 3083 1109 3142 morti
1123 3083 1256 3141 addictus
1271 3093 1316 3142 est

111 3168 148 3226 ad
162 3189 260 3226 eorum
282 3189 396 3246 poenam
420 3169 576 3244 ferendam,
598 3177 627 3226 et
650 3179 762 3226 reatum
786 3165 955 3239 tollendum,
977 3164 1046 3240 quia
1060 3183 1095 3221 co
1109 3163 1195 3221 modo
1210 3163 1316 3222 dicitur

112 3248 234 3308 traditus
247 3258 495 3326 propterpeecata,
508 3268 566 3326 quo
574 3247 659 3306 modo
671 3247 816 3307 Sacrificio
822 3266 874 3322 pro
882 3244 1008 3322 peccatis
1019 3242 1220 3316 offerebantur,
1232 3242 1315 3301 nimi-

111 3349 173 3387 rum
186 3338 303 3406 propter
313 3339 424 3388 reatum
438 3349 546 3402 eorum,
561 3339 591 3388 et
605 3327 641 3386 ad
655 3328 718 3404 ejus
733 3327 915 3385 ablationem.
959 3325 1005 3382 Ite
1024 3333 1119 3382 reatus
1133 3331 1314 3400 pcccatorum

111 3417 272 3468 nostrorum
294 3409 349 3469 fuit
371 3427 459 3470 causa
481 3409 628 3468 meritoris
649 3407 750 3466 mortis
773 3405 889 3481 Christi,
905 3413 935 3464 et
949 3407 1007 3480 cjm
1024 3404 1149 3480 expiatio
1163 3405 1315 3464 etatolitio

111 3489 310 3549 oausafinalis.

412 3567 503 3626 XIV.
525 3567 610 3641 Quod
637 3567 757 3626 ulterius
786 3565 970 3623 confirmatur
997 3572 1100 3640 quarto
1114 3584 1152 3622 cx
1166 3564 1315 3642 Sambtcio

113 3637 134 3682 4.
155 3635 193 3682 ΕΣ
225 3633 350 3680 Sacrificio
373 3648 486 3722 Chresti,
511 3647 634 3724 quadiu
659 3648 750 3705 Cruce
775 3645 887 3719 obtulit,
913 3644 949 3703 de
963 3664 1021 3720 quo
1036 3644 1121 3704 toties
1144 3644 1268 3720 Spiritus
1284 3645 1314 3704 S.

175 3693 282 3747 cmm
371 3728 508 3805 loquitur,
525 3728 583 3786 Isa.
598 3727 651 3784 liii.
668 3729 714 3798 10,
737 3725 807 3784 Joh.
822 3725 842 3782 i.
862 3727 910 3799 29,
934 3725 1009 3800 pr.
1025 3743 1053 3782 v.
1069 3729 1096 3798 2,
1121 3733 1149 3783 at
1163 3723 1270 3800 passitn
1284 3725 1313 3782 in

116 3809 244 3884 Epistola
257 3809 295 3868 ad
310 3808 460 3868 Hebraeos.
503 3807 561 3866 Cur
575 3806 651 3866 enirn
664 3806 759 3880 toties,
775 3813 804 3863 et
814 3813 873 3863 tam
894 3823 1029 3881 expresse
1045 3811 1250 3880 proponeretur
1262 3823 1314 3862 no·

116 3887 159 3944 bis
173 3888 312 3964 Christus,
327 3897 360 3948 ut
373 3907 460 3947 verus
474 3895 503 3946 et
512 3887 628 3964 proprie
641 3886 737 3944 dictus
753 3883 902 3958 Sacerdos,
917 3884 1005 3959 longe
1018 3883 1200 3960 praestantior
1215 3882 1314 3940 Sacer-

117 3965 230 4024 dotibus
244 3968 376 4026 omnibus
391 3967 546 4041 Leviticis;
568 3967 619 4044 qui
640 3985 692 4043 per
716 3965 761 4024 sui
776 3964 957 4024 Oblationem
978 3963 1050 4020 iram
1066 3961 1122 4020 Dei
1135 3960 1270 4037 placavit,
1285 3969 1316 4020 et

117 4054 250 4104 aternam
264 4047 385 4105 salutem
398 4047 482 4106 nobis
496 4056 541 4106 est
560 4046 691 4123 adeptus,
706 4045 763 4102 nisi
776 4054 808 4103 ut
822 4045 908 4121 plena
921 4042 1032 4119 peccati
1046 4040 1173 4116 expiatio
1186 4059 1238 4116 per
1251 4040 1315 4116 ejus

117 4124 337 4184 satisfactionem
351 4128 486 4203 praestita,
503 4134 535 4185 ut
556 4127 663 4185 veritas
687 4135 818 4184 veterum
839 4123 996 4200 figurarum
1010 4119 1115 4178 clarius
1128 4127 1315 4195 repraesenta·

116 4208 214 4264 retur?
255 4205 327 4263 Cum
341 4207 418 4264 enim
431 4206 557 4266 victimis
579 4206 642 4264 istis
656 4203 858 4282 piacularibus,
879 4221 932 4260 nec
946 4199 1077 4259 docmina
1090 4197 1314 4273 confimraretur,

117 4305 168 4344 nea
179 4285 344 4361 exemplum
354 4285 524 4344 obedientia
534 4295 563 4344 st
573 4285 722 4344 charitatis
732 4284 873 4355 oderetur,
885 4301 939 4339 nea
948 4279 1042 4338 foedus
1052 4285 1254 4356 percuteretur,
1263 4299 1316 4338 nec

117 4368 157 4424 ira
172 4365 227 4423 Dei
241 4383 293 4441 per
306 4383 337 4422 se
359 4365 528 4441 placaretur,
543 4385 660 4424 necesse
685 4372 730 4422 est
743 4364 892 4422 institutes
906 4360 995 4420 fuisse
1008 4359 1142 4436 primario
1157 4356 1194 4418 ad
1209 4356 1316 4416 Christi

120 4445 295 4504 Sacrificium
315 4452 345 4502 et
369 4446 598 4504 satisfactionem
622 4442 894 4522 repraesentandum,
910 4439 988 4517 quod
1002 4439 1139 4517 probatur
1157 4437 1187 4494 in
1201 4437 1316 4512 specie,

120 4531 143 4585 1.
156 4527 202 4584 Ex
211 4525 373 4584 Sacerdotis
383 4525 501 4600 ratione,
513 4545 600 4602 quam
610 4526 658 4583 hic
667 4523 804 4583 sustinuit
813 4521 953 4596 Christus,
966 4521 1033 4596 quia
1044 4517 1227 4578 constituitur
1238 4516 1317 4582 braic

119 4613 173 4687 agla
184 4612 224 4664 ab
243 4607 305 4680 aar,
319 4604 349 4662 in
363 4604 400 4662 iis
410 4623 474 4681 quae
488 4605 566 4681 apud
580 4606 675 4664 Deum
689 4601 854 4680 peragenda
868 4610 943 4674 sunt,
959 4608 1029 4677 puta
1042 4599 1079 4658 ad
1101 4600 1194 4676 ipsum
1209 4597 1316 4656 sconii·

119 4689 265 4763 cioaliquo
278 4687 407 4760 ἱλιπικᾷ
418 4684 600 4762 placandum.
612 4689 640 4743 2.
651 4685 700 4743 Ex
713 4683 823 4742 ratione
843 4681 973 4755 Victima,
984 4699 1049 4756 quae
1064 4679 1093 4737 in
1108 4679 1203 4738 locum
1217 4697 1317 4754 pecca·
