3150 5206
272 389 332 446 220
709 395 800 436 uocas
814 395 1016 436 auouscrnus.
1308 373 1428 454 [auur.
1444 395 1471 435 x.

272 547 381 620 Legem
395 542 482 600 minis
497 537 557 596 auis
571 535 762 596 conscientias
775 545 960 614 peccatorum
970 535 1115 610 terrarisse,
1130 541 1160 594 et
1174 535 1228 594 aub
1239 535 1314 611 jugo
1329 535 1473 594 servitutis

272 623 440 696 detinuisse,
463 621 530 678 Noa
550 625 686 693 putamus
707 623 804 675 mmcn
825 616 883 676 diei
900 635 969 675 vere
990 635 1075 692 posse
1091 615 1194 674 Patres
1209 613 1304 672 adhue
1319 613 1403 674 fatiam
1417 615 1470 673 sub

270 705 314 764 ira
323 703 378 761 Dei
387 711 416 760 et
429 709 511 760 reatu
525 696 643 773 pcccati,
654 715 708 754 nee
719 695 924 757 conscientiam
934 695 1149 772 tranquillatam
1160 714 1198 752 ex
1211 693 1299 772 plena
1308 693 1470 753 remissione

269 791 452 862 peecatorum
465 777 571 839 habere
585 775 723 852 potuisse.

357 895 361 905 -
572 855 632 914 IX.
655 855 761 930 Primo,
778 855 853 929 Quia
872 853 928 914 hoc
942 855 1094 931 Sponsiom'
1113 853 1221 912 Christi
1243 861 1392 931 repugnat,
1406 873 1471 930 que

270 918 509 1020 Pffll'ghg‘ffi
530 935 666 1012 importat
690 953 789 992 veram
811 942 995 1011 peecatorum
1017 933 1235 994 translationem
1258 933 1290 990 in
1313 934 1414 1011 ipsum,
1440 942 1471 991 ut

298 1033 511 1138 racana·
532 1010 1470 1153 2{usitatissimamsalamantina

269 1176 447 1254 obligatione
461 1173 614 1252 personali.
657 1173 730 1231 Haec
745 1174 820 1232 enim
835 1180 865 1231 et
879 1193 909 1231 ae
924 1181 1024 1232 mutuo
1039 1181 1261 1250 consequuntur,
1278 1181 1310 1231 ut
1324 1171 1392 1230 dum
1406 1192 1471 1249 pec·

268 1264 364 1316 catum
373 1255 406 1315 fit
416 1275 468 1332 pro
480 1254 558 1329 ipsis,
575 1252 631 1328 ipsi
638 1253 715 1311 'fiant
726 1253 841 1329 justitia
857 1253 913 1311 Dei
927 1253 956 1310 in
971 1253 1043 1330 ipso,
1060 1252 1129 1311 dum
1144 1259 1287 1326 oneratur,
1302 1251 1468 1326 liberentur,

269 1335 339 1394 dum
353 1335 547 1411 conjiciuntur
560 1339 677 1409 peccata
691 1333 721 1389 in
736 1333 829 1408 ipsum
842 1333 881 1390 ed
894 1333 959 1409 ejus
969 1333 1246 1406 condemnationem,
1258 1331 1425 1394 auferantur
1436 1331 1473 1390 ab

269 1413 341 1492 ipsis
355 1413 393 1472 ad
407 1433 506 1472 eorum
516 1411 762 1488 justificationem.

576 1489 617 1547 X.
635 1489 776 1566 Secundo,
792 1499 935 1569 repugnet
948 1500 1061 1550 namra
1074 1489 1204 1548 Foederr'a
1215 1489 1335 1564 Gratim,
1349 1491 1403 1550 sub
1416 1510 1471 1566 quo

269 1557 513 1662 uriffiffiiffffdffi
536 1569 637 1628 Patres
652 1569 797 1630 vixerunt.
826 1571 899 1630 Cum
913 1571 990 1629 enim
1004 1570 1109 1630 inferet
1122 1570 1354 1629 communionem
1369 1569 1470 1628 Fmde·

464 1650 470 1670 '
535 1657 662 1708 ratarum
676 1669 741 1708 eum
757 1650 829 1726 Deo,
845 1659 875 1709 et
888 1651 1177 1710 communicationem
1191 1650 1318 1708 omnium
1333 1650 1472 1708 bonorum

270 1729 547 1808 spiritualiumque
561 1729 599 1788 ad
612 1730 726 1806 plenam
741 1729 907 1789 felicitatem
917 1731 1109 1806 requiruntur,
1119 1729 1249 1806 adeoque
1259 1727 1363 1788 salutis
1373 1729 1470 1806 ipsius,

270 1810 329 1869 Vel
344 1809 445 1868 Patres
459 1809 495 1866 ab
510 1829 544 1868 eo
558 1810 693 1868 exclusos
707 1810 796 1868 fuisse
810 1809 973 1884 dicendum,
988 1810 1038 1868 vel
1051 1810 1077 1868 si
1096 1809 1128 1867 in
1141 1808 1214 1868 illud
1228 1816 1296 1868 aunt
1309 1810 1427 1886 recepti,
1441 1817 1472 1868 ut

271 1888 308 1948 de
322 1909 356 1948 eo
370 1887 497 1946 dubitari
511 1889 619 1966 nequit,
634 1908 751 1948 necesse
765 1897 811 1948 est
824 1909 858 1948 eo
881 1889 944 1966 ipso
964 1889 1103 1949 liberatos
1123 1888 1212 1948 fuisse
1233 1908 1250 1946 a
1271 1888 1472 1948 meledictione

273 1969 370 2046 Legis,
386 1968 471 2027 etita
486 1968 550 2044 Dei,
566 1977 596 2028 et
609 1989 626 2026 a
640 1976 723 2028 reatu
736 1976 766 2028 et
779 1969 956 2028 conscientie
969 1969 1089 2046 peceati,
1105 1977 1135 2029 et
1148 1967 1290 2027 admissos
1304 1968 1335 2026 in
1349 1969 1472 2045 gretiam

272 2047 328 2108 Dei
349 2055 378 2106 et
399 2047 647 2124 participationem
669 2049 780 2108 salutis.
821 2047 906 2106 Alias
927 2048 1123 2108 reconciliatio
1146 2067 1212 2107 eum
1233 2047 1285 2122 irc,
1310 2047 1473 2108 benedictio

270 2147 338 2187 eum
351 2126 571 2202 maledictione3
594 2137 623 2186 et
647 2135 739 2186 status
758 2127 974 2205 justificationis
988 2148 1054 2187 cum
1075 2135 1157 2188 reatu
1180 2127 1292 2204 pcccati
1316 2128 1472 2188 consistere

270 2214 377 2284 posset,
392 2205 471 2282 quod
485 2226 569 2266 nemo
583 2227 643 2264 nou
657 2206 738 2267 videt
751 2227 816 2266 esse
830 2205 978 2267 ἰώπων.
1006 2209 1068 2266 Nec
1082 2207 1107 2266 si
1120 2207 1285 2266 maledictio
1295 2207 1385 2284 Legis
1398 2209 1474 2266 euri·

270 2287 327 2345 bus
341 2287 480 2345 Veterum
503 2286 597 2345 adhuc
619 2287 779 2362 insonabat,
802 2289 938 2347 continuo
963 2287 1093 2365 sequitur
1114 2306 1164 2346 eos
1188 2286 1283 2345 adhuc
1307 2286 1397 2346 fuisse
1419 2289 1473 2348 sub

270 2366 341 2442 ipsa,
357 2365 426 2441 quia
443 2385 501 2424 non
523 2365 588 2425 ideo
613 2366 839 2442 praeponebatur,
855 2377 888 2426 ut
911 2367 965 2426 sub
990 2387 1024 2426 ea
1047 2375 1203 2440 manerent,
1219 2365 1271 2426 aed
1295 2375 1327 2425 ut
1349 2387 1387 2426 ex
1410 2369 1474 2444 ejus

271 2445 357 2504 minis
370 2445 586 2522 impellerentur
599 2445 637 2502 ad
650 2445 835 2521 quaerendum
850 2447 1008 2507 remedium
1022 2445 1123 2524 gratiae
1136 2447 1167 2504 in
1182 2445 1306 2520 Christo,
1321 2446 1372 2522 qui
1386 2447 1473 2506 inter·

271 2533 361 2585 ventu
377 2525 548 2602 Sponsionis
572 2543 640 2598 suae,
656 2533 685 2583 ct
700 2525 729 2582 vi
743 2525 843 2583 mortis
857 2525 969 2601 futurae,
985 2547 1048 2603 qam
1063 2527 1176 2602 profuit
1189 2534 1341 2602 antequam
1355 2527 1425 2602 ficit,
1441 2535 1474 2586 ut

270 2605 341 2665 scite
356 2605 521 2663 Bernsrdus
535 2603 670 2680 loquitur,
686 2623 735 2663 eos
749 2604 890 2664 liberabat
904 2606 941 2665 ab
955 2607 1136 2666 execratione
1152 2605 1250 2682 legis.

574 2683 633 2741 XI.
656 2683 762 2758 Tertio,
791 2684 933 2761 repugnat
947 2687 1054 2744 Reatua'
1070 2687 1189 2763 peccati,
1216 2685 1270 2744 sub
1292 2703 1351 2762 quo
1371 2685 1474 2746 Patres

269 2751 292 2795 ³
308 2749 438 2834 Ernesto
452 2763 506 2808 9⁹⁰·
532 2762 627 2822 adhuc
640 2763 728 2822 fuisse
753 2763 935 2841 pertendunt.
978 2766 1051 2826 Cum
1074 2766 1150 2824 enim
1171 2764 1314 2842 duplicem
1341 2765 1473 2826 involvat

359 2813 422 2862 eata,
532 2843 747 2919 obligationem,
763 2845 812 2902 vel
825 2843 862 2902 ad
875 2865 990 2922 poenam
1005 2846 1184 2922 personalem
1198 2844 1309 2921 abipso
1322 2853 1473 2922 peccatore

271 2923 415 2998 luendam,
431 2923 480 2983 vel
494 2921 531 2980 ad
545 2942 659 2998 paenam
674 2924 704 2981 ia
718 2943 824 3001 genere
838 2933 957 3001 peccato
971 2925 1097 2984 debitam
1111 2947 1118 2984 :
1141 2925 1172 2982 si
1183 2923 1300 2984 fueruat
1313 2923 1368 2982 sub
1382 2935 1472 2998 reatu,

270 3005 317 3064 vel
332 3004 448 3064 fuerunt
461 3001 557 3081 quoad
571 3003 746 3079 alterutram,
762 3005 811 3063 vel
824 3005 921 3081 quoad
939 3015 1099 3081 utramque.
1142 3005 1184 3062 At
1197 3011 1330 3062 aetrnum
1345 3002 1404 3063 dici
1422 3023 1472 3080 po·

270 3093 327 3144 test
339 3107 346 3160 ;
370 3085 435 3142 Non
450 3082 566 3142 fuerunt
580 3084 634 3143 sub
649 3104 684 3143 eo
697 3084 794 3161 quoad
807 3084 1014 3162 obligationem
1028 3084 1218 3161 personalem,
1233 3083 1302 3160 quia
1322 3083 1379 3142 iste
1399 3083 1472 3142 obli·

270 3163 350 3241 gatio
364 3171 409 3222 est
428 3161 568 3227 Arinem
593 3184 659 3222 eum
673 3163 869 3242 redemptione
883 3173 913 3224 et
926 3165 1018 3224 salute
1032 3163 1169 3238 fidelium,
1186 3183 1251 3240 quac
1264 3183 1282 3220 a
1295 3183 1382 3239 poena
1395 3163 1473 3223 omni

271 3242 415 3318 personali
429 3242 575 3300 bominem
589 3242 700 3302 eximit.
743 3243 826 3302 Licet
848 3243 924 3301 enim
938 3264 997 3302 non
1019 3243 1159 3302 manslata
1180 3243 1219 3302 sit
1242 3241 1272 3300 in
1298 3243 1471 3319 Sponsoram

271 3320 394 3396 proprie,
410 3321 478 3394 quia
491 3319 546 3378 fuit
560 3339 645 3396 poena
659 3322 819 3396 personalis
832 3330 862 3379 et
875 3324 999 3400 propria,
1014 3342 1079 3399 qum
1093 3323 1123 3380 in
1137 3323 1226 3381 alium
1246 3321 1395 3380 transferri
1415 3343 1472 3380 uon

271 3405 375 3474 potest,
395 3397 437 3455 ita
458 3407 554 3456 tamen
577 3417 628 3473 per
652 3399 842 3474 Sponsionem
867 3400 975 3460 Christi
998 3403 1128 3460 relaxata
1151 3409 1195 3460 est
1217 3408 1246 3460 et
1269 3399 1421 3477 dissoluta,
1439 3413 1472 3460 ut

271 3475 372 3534 fideles
386 3475 509 3551 amplius
524 3475 653 3552 obligare
666 3495 725 3535 noa
738 3477 840 3553 possit.
875 3478 941 3537 Non
954 3480 1058 3538 melius
1071 3480 1129 3539 dici
1143 3489 1238 3558 potest
1252 3480 1406 3540 coaluisse
1420 3481 1473 3540 sub

270 3561 352 3614 reatu
366 3554 462 3631 quoad
476 3553 682 3631 obligationem
697 3555 734 3614 ad
747 3575 863 3632 poenam
876 3558 907 3616 in
921 3577 1035 3635 genere,
1051 3560 1119 3637 quia
1133 3559 1184 3618 ille
1198 3560 1228 3618 in
1240 3561 1416 3637 Sponsorem
1429 3569 1474 3620 est

270 3634 418 3708 translata,
434 3641 464 3691 ct
477 3653 515 3691 ea
529 3653 563 3691 ce
577 3633 614 3691 ad
634 3633 806 3694 solutionem
819 3636 957 3696 vicariam
972 3639 1103 3698 Christus
1125 3639 1166 3698 ita
1189 3639 1244 3700 fuit
1263 3639 1420 3717 obligatus,
1441 3649 1474 3699 ut

270 3732 309 3771 cx
323 3712 387 3789 ejus
401 3712 578 3789 obligatione
593 3721 691 3772 secuta
705 3715 743 3774 sit
755 3715 842 3792 plena
855 3717 981 3794 ipsorum
996 3718 1170 3778 immunitas.

269 3818 293 3862 4,
328 3817 367 3864 Ε,
391 3816 513 3862 ‚amam
574 3792 652 3852 XII.
675 3793 792 3870 Quarto,
818 3805 960 3874 repugnat
980 3799 1182 3890 Jcetgfieata'oni
1193 3797 1318 3857 etaaluti
1338 3800 1470 3858 Petram.

300 3877 375 3930 tione,
392 3879 418 3922 at
434 3875 513 3922 saluta
534 3871 608 3930 Nam
624 3874 649 3932 si
660 3874 812 3950 justificati
826 3886 893 3936 suat
907 3885 936 3936 et
950 3877 1063 3952 salvata,
1084 3886 1117 3938 ut
1138 3877 1272 3954 utrinque
1287 3885 1332 3936 cst
1351 3879 1384 3936 in
1404 3898 1470 3938 eon-

299 3935 413 4043 Petrum
532 3951 617 4028 fesso,
638 3955 783 4029 quomodo
805 3954 863 4014 dici
886 3965 1008 4034 possunt
1031 3957 1119 4016 suisse
1143 3957 1238 4016 adhue
1262 3957 1317 4016 sub
1339 3967 1423 4019 reatu
1443 3967 1472 4018 et

270 4030 447 4090 conscientia
464 4032 599 4109 peccati?
629 4033 873 4094 Justificationem
897 4045 993 4095 autem
1017 4045 1047 4096 et
1070 4036 1266 4096 remissionem
1288 4046 1471 4114 pcccatorum

270 4110 329 4184 illia
343 4109 441 4170 datam
454 4109 552 4186 fuisse,
567 4133 625 4172 non
641 4113 726 4172 modo
740 4115 944 4191 promissiones
960 4115 1015 4174 Dei
1029 4117 1183 4175 luculenta
1197 4117 1233 4174 de
1247 4117 1299 4175 illa
1318 4117 1391 4195 ipsis
1405 4137 1470 4177 con·

270 4210 359 4250 eessae
373 4191 450 4249 clare
464 4191 609 4267 evincunt,
626 4193 722 4251 Exod.
737 4194 840 4254 xxxiv.
857 4200 884 4271 7,
900 4196 978 4254 Psal.
993 4196 1087 4255 xxxii.
1105 4199 1130 4272 1,
1146 4203 1175 4256 ct
1188 4196 1219 4254 li.
1235 4199 1262 4270 3,
1277 4200 1306 4271 4,
1322 4206 1352 4257 et
1365 4197 1428 4256 lxv.
1442 4200 1469 4268 3,

270 4271 412 4330 etlxxxv.
422 4273 450 4344 2,
466 4272 494 4344 3,
505 4271 599 4330 etciii.
612 4275 640 4347 3,
652 4281 780 4332 etcxxx.
789 4276 818 4347 4,
829 4275 887 4334 Isa.
899 4275 918 4335 i.
930 4278 976 4350 18,
989 4282 1018 4334 et
1026 4275 1098 4333 xliv.
1113 4279 1161 4351 22,
1178 4275 1268 4335 Mich.
1283 4276 1334 4334 vii.
1360 4279 1407 4354 18,
1425 4277 1469 4350 19,

271 4349 330 4410 Sed
344 4357 373 4408 et
387 4350 520 4426 exempla
535 4350 704 4426 Abrahami,
720 4352 851 4429 navidis,
868 4354 999 4414 Danielis
1013 4363 1042 4414 et
1055 4355 1186 4430 aliorum,
1201 4355 1307 4431 quibus
1329 4355 1394 4416 heae
1408 4375 1469 4432 grs-

268 4430 310 4489 tia
323 4427 436 4487 indulta
449 4436 494 4488 est
510 4429 628 4490 indubie
650 4431 857 4493 demonstrant.
899 4434 960 4494 Nee
984 4433 1032 4493 hic
1056 4434 1094 4494 ad
1117 4435 1302 4511 Prophetiam
1325 4454 1469 4494 recurrere

266 4509 361 4585 juvat,
377 4507 460 4584 quasi
481 4509 554 4583 loca,
579 4509 657 4569 Psal.
682 4511 786 4587 xxxii,
801 4512 841 4586 li,
857 4521 887 4572 et
905 4514 972 4588 ciii,
989 4514 1047 4572 sint
1066 4513 1323 4592 propheticaque
1344 4515 1382 4574 de
1399 4525 1468 4574 tem-

267 4607 337 4722 pore
351 4594 381 4645 et
393 4585 528 4646 fidelibus
543 4588 619 4648 Novi
634 4589 811 4652 Testamenti
825 4593 1014 4671 intelligenda
1028 4593 1094 4652 sint.
1138 4593 1212 4668 Quia
1224 4601 1304 4672 patet
1326 4593 1469 4652 Davidem

289 4685 330 4724 tec
344 4664 442 4724 sibiet
457 4665 591 4726 fidelibus
605 4669 650 4726 sni
664 4671 801 4747 temporis
815 4673 958 4749 applicare
970 4695 977 4748 3
1000 4671 1080 4732 nulla
1103 4681 1200 4732 autem
1224 4671 1291 4732 inde
1312 4673 1469 4733 consolatio
