3192 5206
212 345 272 404 290
628 357 720 400 tecue
733 357 864 400 nmmos
878 357 1011 400 rasrms.
1209 335 1338 419 [eumer.
1355 356 1424 398 rm.

214 507 241 562 2.
255 500 372 560 Phrssis
380 497 492 559 ntn'est
501 499 624 578 propria,
638 499 689 558 sed
700 500 932 577 metaphoricaet
941 499 1073 576 figurata,
1084 517 1148 575 quae
1157 519 1257 558 nornen
1267 499 1351 571 (afficit
1357 519 1424 577 per-

213 601 291 642 eonae
297 581 404 658 proprii
411 580 512 652 innuit,
519 580 1153 658 nonransxoarlaervelproprietatemnaturae,
1159 580 1306 655 imperium
1312 580 1429 639 sufficet

213 670 242 722 et
251 659 476 720 dominationem
485 659 599 718 Christo
608 661 781 720 collatamin
795 659 937 718 Mundum
947 667 976 718 et
985 659 1154 734 Ecclesiam,
1164 670 1197 718 ut
1208 659 1368 736 Apostolus
1379 659 1426 718 in-

213 748 394 818 terpretatum,
404 742 421 772 “
431 740 797 816 Oportetipsumreynare,”
807 743 821 796 l
831 738 895 798 Cor.
905 739 1426 815 xv.25,regnareverononesthujus

212 820 262 878 vel
275 820 354 878 illius
368 828 487 894 natura,
504 819 555 877 sed
568 839 698 897 personae
711 819 875 897 tarteria-av.
917 821 945 878 3.
968 819 1100 877 Christus
1114 837 1172 876 non
1186 819 1302 895 ubique,
1325 819 1378 876 sed
1392 819 1425 876 in

214 900 295 958 eoelis
306 908 417 958 tantum
432 899 538 957 dieitur
547 899 655 973 sedere,
668 899 743 975 Eph.
755 900 773 956 i.
789 903 837 972 20,
854 899 931 956 Heb.
943 898 1003 956 viii.
1021 902 1046 973 1,
1062 898 1146 974 enjus
1159 899 1202 956 rei
1213 898 1306 974 gratia
1316 897 1427 958 dieitur

212 979 244 1037 in
255 979 360 1038 eoelum
374 978 547 1054 ascendisse,
559 979 610 1036 nbi
623 979 736 1056 phrasis
750 981 780 1036 in
793 978 866 1036 coelis
876 977 1076 1037 determinatio
1087 984 1131 1035 est
1141 976 1206 1052 looi,
1222 997 1308 1054 quem
1323 978 1425 1036 Chris·

212 1068 260 1118 tus
271 1058 429 1118 ascendens
443 1058 605 1134 occupavit,
615 1058 636 1117 J
638 1059 685 1117 oh.
700 1057 761 1115 xiv.
776 1061 804 1131 2,
815 1061 843 1132 3,
853 1065 882 1116 et
895 1057 967 1116 xvii.
985 1057 1210 1133 lamaguera
1221 1057 1347 1116 eoelestis
1362 1057 1386 1116 si
1389 1078 1425 1135 g-

213 1137 349 1212 nifioatio,
365 1159 430 1216 quae
440 1138 567 1196 sessionis
580 1137 723 1196 vocabulo
737 1136 807 1196 satis
821 1136 1000 1214 exprimitur.

254 1218 367 1276 XXX.
389 1217 521 1276 Christus
534 1217 640 1275 dieitur
658 1216 821 1276 ascendisse
835 1217 866 1274 in
876 1216 990 1291 eoelum,
1002 1224 1035 1275 ut
1045 1216 1139 1274 omnia
1149 1219 1277 1292 repleret,
1291 1215 1366 1293 Eph.
1381 1215 1425 1275 iv.

215 1300 262 1370 10,
277 1317 335 1356 non
348 1298 413 1356 losa
427 1315 553 1373 corpore,
579 1295 631 1354 sed
651 1296 780 1355 membra
800 1296 939 1354 Ecclesia
962 1295 1086 1373 Spiritus
1108 1295 1207 1354 Sancti
1221 1294 1313 1370 donis,
1334 1316 1425 1372 quem

213 1397 330 1436 sensum
345 1376 507 1436 necessario
527 1376 675 1452 postulant
688 1375 887 1435 antecedentia
901 1384 930 1434 et
944 1376 1157 1452 consequentia.
1201 1377 1236 1433 In
1251 1375 1425 1434 anteceden-

212 1457 291 1515 tibus
305 1477 343 1515 ex
358 1457 435 1515 Psal.
450 1454 553 1528 lxviii,
569 1455 655 1514 finem
676 1454 860 1514 exaltationis
874 1455 1001 1514 ostendit
1014 1475 1077 1514 esse
1091 1455 1260 1514 effusionem
1280 1453 1424 1513 donorum

215 1535 339 1612 Spiritus
355 1535 462 1609 Sancti,
473 1554 533 1593 ver.
544 1537 571 1609 8,
583 1554 670 1612 quam
681 1534 853 1594 sententiam
867 1535 1039 1594 illustratam
1048 1534 1185 1594 antithesi
1194 1536 1292 1594 statim
1304 1535 1423 1611 repetit,

213 1635 273 1674 ver.
290 1617 317 1690 9,
335 1619 380 1690 10,
394 1614 509 1692 etquod
523 1615 588 1674 istie
603 1615 678 1674 dixit
692 1617 767 1673 dona
781 1616 861 1688 dare,
876 1622 962 1673 voest
976 1616 1069 1672 omnio
1080 1613 1204 1690 implere.
1246 1615 1283 1672 In
1294 1633 1353 1690 seq.
1369 1633 1423 1672 ex·

213 1695 381 1754 altationem
405 1694 533 1754 declarat
556 1694 593 1752 ab
618 1693 728 1754 effectis
749 1691 913 1768 ostendens,
939 1694 1083 1771 quomodo
1108 1693 1240 1753 Christus
1264 1694 1423 1770 exaltatus,

213 1775 342 1833 membra
357 1775 505 1849 Ecclesiae,
521 1775 690 1832 nominatim
701 1775 841 1832 Doctores
852 1774 915 1852 ejus
932 1774 1041 1851 Spiritu
1055 1793 1107 1832 suo
1121 1773 1248 1850 impleat.

255 1854 384 1912 XXXI.
407 1854 502 1928 Quum
528 1853 684 1913 “thesauri
704 1853 852 1930 sapientia
871 1861 901 1912 et
922 1852 1123 1929 intelligentia
1146 1852 1282 1911 dicuntur
1304 1852 1334 1910 in
1357 1852 1425 1929 ipso

213 1933 405 2008 absconditi,'’
422 1933 484 1992 Col.
498 1934 527 1991 ii.
544 1936 571 2007 3,
587 1935 641 1992 hoe
655 1953 714 1992 non
735 1933 858 2010 pertinet
872 1932 910 1990 ad
922 1941 1054 1992 naturam
1068 1932 1222 1990 humanam
1237 1932 1353 2005 Christi,
1369 1931 1424 1991 sed

213 2013 261 2071 vel
276 2013 313 2070 ad
327 2013 496 2090 mysterium
508 2013 663 2090 Evangelii
673 2012 892 2090 significationis
905 2013 1024 2086 ratione,
1037 2012 1073 2070 de
1081 2031 1139 2088 quo
1149 2011 1258 2070 Paulus
1271 2031 1332 2070 ver.
1347 2032 1424 2089 praa·

213 2091 275 2151 aed.
291 2101 397 2169 egerat,
413 2091 461 2150 rel
475 2091 513 2150 ad
527 2091 673 2151 Christum
683 2093 794 2169 ipsum;
810 2110 867 2149 non
878 2092 1056 2150 temmtione
1067 2091 1190 2168 subjecti
1201 2111 1253 2150 seu
1262 2091 1423 2168 sapientia,

213 2191 271 2248 qua
285 2172 417 2230 Christus
431 2171 492 2248 ipse
507 2171 644 2246 praeditus
655 2181 707 2246 est,
723 2191 810 2248 quam
820 2171 930 2230 ratione
945 2171 1059 2248 objecti,
1070 2171 1139 2247 quia
1151 2171 1182 2228 in
1195 2171 1259 2249 ejus
1272 2171 1425 2248 agnitione

214 2250 308 2308 omnis
322 2251 455 2310 salutaris
470 2251 609 2327 sapientia
623 2251 765 2310 consistit.

254 2329 403 2388 XXXII.
425 2329 539 2387 Christo
554 2328 659 2389 dieitur
684 2331 702 2362 “
713 2330 837 2406 Spiritus
852 2330 937 2389 datus
951 2332 1059 2412 ὶμίτςυς
1082 2350 1141 2388 non
1164 2329 1202 2388 ad
1225 2330 1423 2405 mensuram,’'

213 2408 235 2467 J
237 2408 284 2466 oh.
300 2407 339 2465 iii.
355 2411 403 2483 34,
418 2427 477 2466 non
498 2407 638 2481 absolute,
654 2410 737 2486 quasi
759 2408 835 2468 doun
861 2409 985 2487 Spiritus
1001 2411 1030 2469 S.
1046 2430 1110 2486 quae
1124 2410 1167 2468 illi
1181 2409 1286 2468 collata
1300 2419 1368 2468 sunt
1383 2429 1423 2468 ex

214 2487 347 2562 Oraoulo,
363 2487 421 2546 Isa.
437 2485 477 2544 xi.
493 2491 521 2562 2,
538 2487 706 2564 simpliciter
726 2488 867 2548 immensa
891 2491 957 2563 sint,
983 2498 1016 2549 ut
1040 2489 1208 2566 simpliciter
1221 2489 1362 2548 immensa
1376 2497 1425 2548 est

213 2567 334 2626 seientia
344 2575 374 2626 et
388 2567 528 2644 sapientia
539 2567 603 2626 Dei.
648 2567 706 2626 Sed
716 2578 878 2644 comparate
887 2569 983 2644 quoad
993 2589 1054 2644 nos,
1065 2577 1094 2627 et
1108 2569 1203 2628 omnia
1213 2568 1319 2627 Christi
1330 2587 1422 2627 mem-

212 2648 273 2719 bra,
296 2667 360 2724 quae
385 2667 422 2706 ex
447 2647 510 2723 ejus
535 2655 672 2724 tanquam
697 2648 807 2725 Capitis
822 2649 866 2708 sui
880 2648 1058 2726 plenitudine
1072 2648 1217 2724 accipiunt
1230 2648 1353 2724 gratiam
1367 2667 1423 2725 pro

212 2726 314 2804 gratia,
330 2727 352 2786 J
354 2728 401 2785 oh.
416 2728 435 2787 i.
454 2729 499 2786 16.
539 2727 585 2784 Ita
599 2747 663 2803 quae
677 2728 708 2785 in
722 2727 787 2786 aliis
808 2728 954 2805 disjuncta
968 2735 1044 2804 sunt,
1061 2727 1106 2806 (ut
1126 2728 1194 2786 huie
1207 2727 1315 2786 donum
1328 2747 1422 2786 unum

212 2807 305 2880 datur,
322 2807 366 2864 ilii
379 2807 500 2867 aiterum
516 2809 586 2865 sarsi
607 2811 634 2865 ri
654 2809 739 2888 peiegor
752 2834 793 2873 τις
807 2805 840 2866 du
856 2814 895 2873 siis
905 2815 950 2867 τοῦ
961 2815 1068 2888 Xgms'rl
1079 2810 1166 2884 juxta
1179 2827 1339 2866 multarum
1353 2809 1426 2866 doni

215 2887 327 2962 Obrr'sti,
345 2887 419 2964 Eph.
435 2887 474 2946 iv.
490 2890 517 2960 7,
533 2887 572 2945 id.
587 2907 674 2964 quam
695 2889 826 2947 Christus
841 2835 947 2965 largiri
967 2888 1051 2946 nobis
1065 2885 1169 2966 voluit)
1190 2887 1222 2943 in
1235 2885 1299 2963 ipso
1312 2887 1423 2964 reperi-

211 2975 300 3026 untur
313 2968 475 3046 conjuncta,
491 2967 560 3044 quia
574 2967 705 3027 Christus
726 2976 770 3028 est
790 2968 886 3026 omnia
899 2969 931 3025 in
945 2967 1085 3040 omnibus,
1102 2966 1163 3025 Col.
1184 2966 1225 3024 iii.
1242 2969 1294 3042 113
1309 2986 1375 3043 quae
1389 2967 1421 3026 in

212 3047 277 3105 aliis
298 3055 365 3106 sumt
387 3066 499 3123 semper
522 3046 696 3124 imperfecta,
722 3048 752 3105 in
776 3047 839 3125 ipso
860 3055 927 3106 sunt
950 3045 1167 3124 perfectissima.
1210 3045 1296 3104 Unde
1314 3045 1424 3106 dieitur

211 3135 309 3186 auctu
323 3129 382 3186 oleo
397 3128 498 3186 letitia
505 3147 594 3202 supra
605 3137 743 3187 consortes
756 3147 828 3204 suos,
846 3127 923 3186 Psal.
938 3127 999 3185 xlv.
1014 3129 1041 3200 7,
1058 3126 1135 3185 Heb.
1150 3125 1169 3184 i.
1181 3127 1209 3202 9,
1224 3125 1293 3203 quia
1306 3134 1423 3202 oportet

212 3224 278 3263 eum
293 3206 314 3264 ia
324 3213 388 3264 2an
400 3205 533 3286 regmina,
549 3207 634 3266 Rom.
648 3207 710 3266 viii.
725 3209 773 3265 29.

254 3283 419 3344 XXXIII.
443 3287 515 3343 Cum
530 3286 551 3344 J
553 3284 679 3344 udieium
693 3286 857 3346 universale
872 3286 910 3345 sit
923 3286 1099 3362 apotelesma
1119 3283 1212 3345 Officii
1237 3283 1421 3359 Mediatoris,

211 3361 348 3421 tribuitur
373 3365 507 3422 Personae
532 3365 690 3424 seeundum
712 3373 864 3442 utramque
887 3374 1027 3439 naturam,
1047 3385 1105 3422 non
1127 3364 1284 3424 seeundum
1299 3363 1421 3424 alteram

211 3447 333 3499 tantum.
377 3441 529 3500 Distinetoe
543 3462 613 3518 ergo
627 3445 807 3520 operationes
821 3443 969 3521 utriusque
983 3452 1092 3502 naturae
1104 3445 1141 3502 sd
1151 3444 1226 3503 iilud
1235 3453 1420 3518 ooneurrunt,

211 3519 319 3576 divinae
341 3521 458 3596 quidem
480 3540 532 3598 per
554 3522 783 3581 omniscientiam
807 3531 837 3582 et
860 3523 1104 3601 omnipotentiam,
1127 3524 1260 3583 humana
1281 3543 1351 3582 vero
1367 3543 1422 3600 per

211 3597 336 3656 reditum
361 3599 565 3676 adjudicium,
592 3609 621 3660 et
641 3609 722 3660 setus
740 3602 844 3678 judieii
867 3603 1017 3661 sensibiles
1040 3611 1070 3661 et
1093 3602 1224 3662 visibiles
1248 3601 1421 3679 descriptos,

212 3676 318 3735 Matth.
334 3697 405 3736 xxv.
448 3679 543 3752 Quum
558 3680 663 3739 dieitur
682 3683 839 3740 authoritas
856 3682 899 3740 alli
919 3685 989 3740 duta
1003 3683 1143 3757 judicium
1157 3683 1307 3742 exercendi
1318 3681 1356 3740 ‘lea
1371 3687 1423 3748 tris

213 3755 346 3836 taedeat,
362 3757 433 3817 Joh.
448 3777 477 3817 v.
493 3762 540 3834 27,
556 3760 697 3836 particula
711 3760 755 3835 t'er,
771 3781 829 3819 non
844 3770 902 3821 tam
924 3763 1123 3836 reduplicatioe
1142 3762 1281 3821 sumenda
1302 3771 1348 3820 est
1365 3783 1422 3839 pro

209 3845 354 3912 quassam,
370 3848 404 3896 ut
418 3837 550 3898 Christus
570 3859 628 3897 non
648 3849 769 3914 tentum,
785 3861 842 3918 qua
857 3842 946 3914 Deus,
969 3839 1120 3900 sedetiam
1134 3843 1291 3918 quahomo
1306 3841 1423 3902 diestnr

204 3916 298 3993 judex
313 3937 332 3975 a
346 3917 409 3977 Deo
424 3919 605 3992 constitutus,
620 3928 654 3979 ut
668 3920 828 3997 Apostolus
837 3921 973 3997 loquitur,
989 3918 1056 3979 Aet.
1071 3921 1143 3980 xvii.
1156 3924 1203 3995 31,
1216 3941 1302 3998 quam
1317 3941 1422 3981 cama·

209 3997 273 4054 liter
286 4017 338 4073 per
351 3998 428 4074 quia,
444 4005 477 4057 ut
491 4019 577 4057 eausa
591 4007 707 4060 notetur
726 4001 838 4059 collata
862 4000 937 4057 Filio
959 3999 1046 4076 hujus
1068 4001 1258 4074 authoritatis,
1282 4000 1421 4060 nimirum

208 4074 333 4134 officium
350 4077 529 4154 Mediatoris,
545 4079 624 4156 qnod
636 4099 688 4156 per
703 4079 933 4138 Ineamationem
952 4078 1052 4138 obivit.
1096 4080 1144 4140 Sia
1170 4080 1263 4138 Filius
1283 4081 1420 4156 hominis,

206 4153 255 4212 hia
269 4174 327 4213 non
343 4157 375 4213 in
391 4157 535 4216 abstreoto
549 4167 681 4218 naturam
695 4160 858 4232 humanam,
874 4157 926 4216 sed
943 4175 1094 4234 personam
1118 4160 1148 4216 in
1169 4168 1303 4220 senoreto
1327 4169 1420 4236 notat,

206 4233 297 4292 relate
311 4233 349 4292 ad
363 4235 488 4294 officinm
503 4238 574 4314 ejus,
589 4257 642 4296 nee
656 4238 736 4296 aliud
755 4237 892 4311 innuitur,
915 4255 1000 4312 quam
1021 4246 1193 4314 potestatem
1206 4239 1294 4298 talem
1308 4239 1352 4296 illi
1366 4240 1421 4299 da-

205 4321 265 4370 tam
280 4333 351 4386 esse,
367 4315 436 4390 quia
449 4325 493 4373 est
512 4317 644 4390 Messias,
664 4317 715 4392 qui
728 4337 746 4374 a
761 4317 882 4375 Daniele
896 4325 1017 4374 vocatur
1030 4319 1121 4375 Filius
1134 4319 1260 4391 hominis,
1275 4339 1338 4396 esp.
1354 4320 1417 4395 vii,

206 4402 236 4448 et
246 4391 294 4450 oui
305 4392 410 4452 Daniel
424 4393 498 4452 vidit
511 4395 661 4471 imperium
671 4405 700 4455 et
708 4404 878 4472 potestatem
889 4395 926 4454 ab
936 4395 1067 4472 Antiquo
1077 4397 1188 4456 diermn
1198 4397 1304 4472 datam,
1317 4406 1421 4474 utpote

205 4471 256 4604 iiul
267 4471 437 4606 sittapersoua
446 4471 504 4548 illa,
516 4494 582 4550 quae
593 4473 630 4532 ad
641 4484 761 4548 tantum,
774 4483 890 4552 tamque
902 4475 1025 4534 subilme
1036 4477 1146 4536 Munus
1155 4477 1361 4536 Mediatorium
1372 4488 1420 4538 eet

227 4568 288 4606 see
321 4592 329 4606 .

245 4625 408 4685 XXXIV.
431 4628 536 4688 Matth.
551 4631 654 4688 xxviii.
673 4633 717 4706 18,
742 4633 872 4692 Christus
891 4653 949 4692 non
969 4635 1096 4711 loquitur
1110 4635 1146 4694 de
1160 4654 1203 4711 eo,
1219 4635 1297 4713 qnod
1312 4655 1328 4693 a
1342 4635 1421 4714 hipp
