3192 5206
142 348 253 398 ouvsr.
269 329 316 411 ιι]
482 351 520 389 nn
535 350 650 392 orricio
665 350 782 392 canteri
797 351 992 392 usnrsroaro.
1288 335 1346 395 335

146 489 318 550 Mediatoris
345 489 480 568 profectae
503 491 561 552 sint
588 492 625 551 ab
649 491 860 552 sesecundum
883 493 1038 552 humanam
1065 499 1176 552 tantum
1198 495 1350 552 naturam?

145 568 196 627 An
238 569 398 630 secundum
438 574 613 648 utramque?
669 571 814 631 Pontificii
845 572 1029 648 distinguunt
1062 571 1137 631 inter
1171 573 1349 650 Prinm'piam

145 652 223 786 pund
235 660 264 708 et
278 647 456 728 Principium
470 673 524 728 pao
538 671 590 712 seu
611 651 738 712 formale.
782 652 861 710 Illud
883 652 983 711 dicunt
1007 671 1070 710 esse
1093 654 1273 731 suppositum
1298 672 1351 712 seu

173 749 313 807 ersonam,
325 751 383 790 non
394 731 543 790 Naturam.
565 732 631 790 Hoc
642 752 712 791 vero
723 732 826 790 volunt
836 749 899 790 esse
913 739 1044 790 naturam
1058 740 1170 791 tentum
1185 734 1351 808 humanam,

147 811 165 841 “
178 809 253 868 Nam
266 809 336 873 licet
350 811 431 871 Deus
445 811 532 886 erat,’'
547 811 642 888 inquit
656 811 740 887 Bell,
755 811 806 870 lib.
824 814 849 886 l,
867 813 884 844 “
894 811 944 888 qui
957 811 1127 888 patiebatur,
1143 812 1304 888 obediebat,
1321 820 1351 871 et

146 888 350 966 satisfaciebat,
366 899 462 950 tamen
476 891 538 950 hec
553 891 648 950 omnia
661 889 785 950 faciebat
804 891 962 951 secundum
976 891 1097 949 formam
1119 893 1204 967 servi,
1226 912 1284 951 non
1306 913 1350 952 se-

146 967 272 1028 cundum
288 969 408 1028 formam
424 971 509 1030 Dei.''
529 984 532 990 '

187 1047 248 1106 III.
271 1048 401 1123 Quatuor
414 1051 461 1110 hic
475 1059 543 1110 sunt
553 1059 685 1110 accurate
699 1049 905 1129 distinguenda
916 1050 991 1110 cirea
1005 1050 1133 1130 actiones
1156 1051 1270 1127 Christi,
1287 1071 1352 1128 quse

146 1126 315 1188 observavit
336 1129 471 1190 Damaso.
486 1131 536 1188 lib.
552 1130 582 1189 li.
597 1133 626 1205 4,
649 1131 722 1190 orth.
737 1131 787 1190 fid.
803 1151 827 1189 c.
845 1133 891 1191 18.
941 1134 967 1189 l.
980 1131 1034 1189 Est
1048 1133 1059 1188 ο·
1075 1132 1176 1211 irrepis,
1192 1133 1286 1208 Agens
1301 1151 1352 1190 seu

144 1203 325 1284 Principium
338 1213 416 1285 quod
424 1210 493 1288 agit,
516 1211 594 1286 quod
608 1219 653 1269 est
666 1212 845 1287 suppositum
855 1230 907 1269 seu
917 1229 1039 1288 persona
1054 1211 1169 1270 Christi.
1198 1215 1226 1269 2.
1249 1217 1284 1269 τι
1296 1211 1352 1293 lng-

147 1292 245 1356 ensal·
259 1308 311 1348 seu
324 1290 501 1366 Pnbczpnm
507 1292 633 1366 formale
647 1311 702 1366 pac
711 1290 772 1367 agit
786 1313 793 1365 ;
810 1290 891 1348 Illud
903 1309 955 1368 per
965 1290 1043 1367 quod
1057 1309 1156 1368 agens,
1169 1309 1220 1350 sen
1230 1311 1354 1369 persona

149 1367 254 1426 Christi
271 1377 413 1445 operatur,
436 1369 501 1428 duas
523 1370 633 1430 scilicet
646 1377 766 1444 natura,
776 1390 898 1446 quarum
906 1389 1086 1446 unaquaeque
1101 1370 1173 1429 citra
1186 1370 1275 1430 ullam
1284 1391 1353 1432 con·

147 1445 290 1506 fusionem
299 1460 441 1526 operatur.
464 1453 492 1508 3.
503 1449 673 1530 Erigon-ssu
684 1451 811 1525 ορεναιίο
821 1469 885 1526 quse
895 1449 1001 1526 pendet
1010 1469 1027 1507 a
1035 1449 1175 1528 principio
1186 1471 1252 1527 quo,
1262 1460 1292 1510 et
1302 1470 1353 1509 na·

148 1534 242 1586 turam
256 1527 301 1586 sui
314 1529 449 1606 principii
463 1529 558 1604 refert,
573 1539 605 1588 ut
619 1530 657 1588 sit
671 1528 778 1603 divine,
791 1529 816 1587 ai
826 1529 998 1606 principium
1008 1549 1065 1605 quo
1076 1529 1115 1588 sit
1128 1530 1227 1588 divina
1241 1541 1352 1607 natura,

148 1605 275 1666 humana
288 1628 366 1684 vero,
380 1609 404 1668 si
419 1609 457 1668 sit
477 1609 650 1668 humanitas.
671 1612 700 1668 4.
712 1609 842 1690 ualemus
856 1655 863 1684 ,
880 1628 929 1667 seu
940 1611 1108 1684 ὶπνιὶιισμι,
1124 1609 1203 1686 quod
1215 1610 1322 1687 pendet
1336 1629 1354 1668 a

148 1687 288 1765 principio
303 1689 389 1764 qnod,
405 1697 506 1764 estque
520 1709 591 1764 opas
604 1697 764 1764 externum,
777 1689 855 1766 quod
873 1688 1079 1747 Mediationem
1090 1707 1237 1748 vocamus.
1260 1690 1355 1748 Datur

130 1785 219 1843 ¹ergo
247 1766 355 1844 duplex
375 1768 558 1827 mediationis
574 1768 755 1844 prinmpium,
779 1788 929 1828 commune
956 1777 985 1826 et
1005 1768 1170 1846 proprium;
1203 1769 1354 1828 Commune

150 1864 240 1903 unum
250 1856 302 1922 eet,
314 1867 415 1926 nempe
425 1846 554 1906 Persona
562 1847 736 1923 mediatoris,
748 1849 903 1924 Propram
912 1865 982 1906 vero
993 1847 1110 1923 duplex,
1125 1847 1232 1906 Divina
1244 1849 1354 1908 scilicet

151 1933 181 1982 ει
188 1924 314 1984 humana
324 1935 433 2002 natura,
447 1928 555 1986 Divina
565 1927 680 2004 quidem
692 1928 838 2005 proprium
850 1937 879 1987 et
893 1926 1011 1986 formale
1025 1927 1197 2004 principium
1208 1928 1353 1988 actionum

151 2003 322 2080 divinarum,
339 2006 475 2065 Humana
487 2027 557 2066 vero
571 2008 769 2066 humansrum.
798 2008 864 2066 Non
873 2006 1018 2065 itaautem
1028 2007 1176 2084 principiis
1186 2007 1354 2067 formalibus

151 2103 202 2142 seu
216 2085 326 2144 naturis
340 2095 408 2145 sunt
421 2087 580 2146 tribuendae
596 2087 725 2146 actiones
745 2087 876 2164 propria,
900 2087 983 2164 quasi
1006 2085 1158 2163 separatim
1181 2095 1276 2164 agant,
1293 2087 1354 2166 agit

150 2163 226 2222 enim
241 2173 361 2242 utraque
375 2165 466 2224 forma
480 2187 545 2226 cum
559 2167 678 2226 alterius
699 2167 898 2226 communione
913 2166 990 2243 quod
1010 2167 1156 2243 proprium
1179 2175 1232 2242 est,
1255 2167 1354 2226 Verbo

150 2243 260 2303 scilicet
279 2255 413 2323 operante
435 2246 514 2323 quod
528 2247 618 2306 Verbi
639 2255 691 2322 est,
714 2255 743 2306 et
764 2266 849 2306 carne
870 2254 1031 2323 exequente
1052 2245 1131 2322 quod
1144 2247 1238 2305 carnis
1253 2255 1305 2319 est,
1321 2255 1354 2306 ut

152 2321 212 2381 Leo
225 2323 362 2402 loquitur,
378 2325 471 2402 Epist.
490 2329 535 2400 10,
550 2326 588 2384 ad
604 2325 686 2384 Flau.
709 2327 756 2385 Ita
765 2346 855 2386 unum
866 2334 910 2385 est
920 2344 1011 2402 agens
1021 2325 1187 2402 principale,
1199 2326 1268 2384 nim.
1284 2326 1353 2385 Per·

152 2422 223 2460 sona
237 2403 352 2480 Christi,
368 2413 397 2464 et
412 2425 499 2464 unum
514 2407 674 2482 ἀποτέλεσμα
688 2425 739 2464 seu
753 2426 826 2483 opus
841 2405 1063 2481 Mediatorium;
1087 2405 1145 2464 Sed
1160 2413 1293 2482 operatur
1303 2427 1356 2485 per

152 2481 225 2540 duas
245 2495 370 2558 naturas,
385 2495 418 2544 ut
438 2485 496 2546 duo
518 2486 667 2564 principia,
682 2485 758 2544 unde
773 2483 867 2545 fluunt
881 2486 945 2544 duae
967 2487 1076 2566 ingestu
1098 2505 1149 2544 seu
1174 2485 1354 2562 operationes

151 2561 188 2620 ad
204 2582 292 2620 unum
306 2563 379 2622 illud
393 2585 465 2642 epus
479 2573 690 2626 concurrentes.

192 2641 248 2702 IV.
271 2643 383 2702 Rursus
397 2645 524 2704 actiones
540 2645 647 2704 Christi
660 2645 691 2703 in
711 2645 818 2723 triplici
842 2644 942 2704 ordine
967 2645 1091 2722 spectari
1114 2651 1245 2723 possunt,
1270 2653 1356 2722 prout

151 2721 283 2781 Christus
298 2723 351 2782 sub
366 2723 471 2801 triplici
487 2725 567 2800 σχίσει
580 2725 690 2784 attendi
703 2733 807 2802 potest,
822 2725 871 2784 vel
885 2733 918 2784 ut
929 2725 1018 2798 Deus,
1036 2723 1084 2782 vel
1104 2734 1137 2782 ut
1151 2725 1245 2799 homo,
1261 2725 1309 2782 vel
1323 2733 1356 2783 ιιι

148 2801 310 2882 Malgasa.
332 2801 409 2861 Aliae
424 2813 491 2864 sunt
505 2825 582 2864 mere
591 2805 700 2879 dimna,
711 2824 783 2881 quas
793 2805 979 2881 nonnisique
994 2804 1074 2862 Deus
1088 2803 1183 2877 efficit,
1199 2803 1293 2880 qualis
1312 2811 1356 2862 est

152 2883 267 2956 creatio,
283 2884 473 2943 conservatio.
502 2883 578 2942 Alia
592 2904 669 2944 mers
684 2886 821 2960 bumana,
836 2883 931 2961 qualis
945 2891 989 2942 est
1003 2901 1078 2958 esus,
1098 2881 1264 2957 ambulatio,
1280 2901 1355 2940 som-

152 2979 216 3019 nus.
240 2960 317 3020 Aliae
331 2961 435 3040 meatu,
451 2983 515 3040 qua
528 2961 673 3046 surigna)
688 2964 831 3040 dicuntur,
847 2963 941 3040 qualis
962 2970 1007 3021 est
1027 2961 1194 3038 redemptio,
1210 2961 1248 3019 ad
1269 2981 1356 3038 quam

152 3039 355 3117 perficiendam
370 3062 429 3100 suae
443 3043 558 3102 fuerunt
571 3053 632 3102 turn
652 3043 759 3102 divina
773 3051 834 3102 tum
855 3043 988 3102 humanae
1002 3049 1112 3100 naturae
1125 3050 1230 3117 partes.
1272 3041 1355 3116 Qnoe·

152 3119 225 3178 ritur
239 3139 308 3197 ergo
322 3121 360 3178 ad
373 3142 460 3198 quam
473 3124 575 3182 harum
594 3124 739 3182 actionum
764 3121 888 3200 speciem
909 3121 1051 3199 pertineat
1074 3119 1219 3196 mediatio,
1246 3119 1295 3177 An
1319 3121 1357 3179 ad

151 3201 279 3258 actiones
286 3201 518 3262 verehumanas?
528 3212 560 3261 ut
571 3203 680 3296 vellent
690 3201 843 3295 Pontifieii,
859 3197 1103 3294 Anadffiadpmdc
1112 3199 1190 3276 quod
1201 3199 1356 3293 adsumus.

152 3303 394 3409 manhu
417 3282 883 3438 nlrftltttltltntttr
897 3280 1357 3435 hilisillfmfsffdliifff

183 3426 394 3524 utramquepacu-
414 3441 520 3500 dicitur
538 3441 750 3518 “acquisivisse
761 3441 922 3500 Ecclesiam
932 3439 1071 3516 sanguine
1080 3439 1162 3514 suo,”
1173 3448 1210 3513 et,
1225 3441 1239 3496 1
1252 3439 1317 3498 Cor.
1327 3439 1357 3498 ii.

182 3485 394 3584 lilhxploedtlli
416 3522 443 3594 8,
453 3520 621 3580 “Dominus
630 3521 730 3598 gloria
741 3519 1013 3595 crucifixus;”Heb.
1022 3519 1062 3576 ix.
1071 3521 1117 3594 14,
1131 3521 1206 3596 “per
1219 3519 1357 3596 Spiritum

181 3594 224 3649 2⁸³
415 3609 553 3660 aeternum
568 3620 600 3659 sc
614 3599 782 3673 obtulisse,''
797 3598 876 3676 quod
889 3619 947 3657 non
969 3606 1079 3658 tantum
1090 3599 1235 3675 pertinent
1255 3599 1293 3657 ad
1314 3599 1356 3656 in-

152 3677 306 3738 dicandam
317 3699 446 3756 personse
458 3681 646 3757 majestatem,
658 3679 710 3738 sed
718 3679 804 3738 etiarn
816 3678 970 3736 efficaciam
985 3677 1125 3752 sacrificii,
1141 3699 1205 3755 quse
1220 3699 1238 3737 a
1251 3678 1356 3737 divini-

150 3758 347 3834 tateprofluit.
380 3759 462 3818 Licet
472 3760 549 3819 enim
557 3760 620 3818 hac
630 3779 681 3836 per
691 3757 978 3817 communicationem
988 3757 1157 3817 idiomatum
1166 3758 1355 3834 explicentur,

152 3835 306 3914 designant
319 3845 416 3898 tamen
430 3839 517 3898 etiam
531 3858 599 3898 suas
620 3837 788 3911 divinitatis,
811 3857 869 3895 non
882 3838 978 3896 minus
1002 3857 1036 3896 ac
1057 3837 1245 3896 humanitatis
1268 3837 1356 3895 fuisse

151 3923 264 3990 partes3
284 3937 454 3994 unaquaque
468 3927 572 3978 natura
585 3916 664 3994 quod
678 3936 761 3975 suum
780 3925 824 3974 est
838 3916 1010 3991 conferente,
1025 3917 1151 3974 humana
1164 3915 1280 3991 quidem
1294 3917 1355 3973 eub-

153 3994 258 4052 staatia
272 3997 363 4070 operes
377 3997 425 4055 vel
439 3999 590 4075 passionis,
612 3996 714 4055 divina
728 4015 796 4055 vero
824 3996 888 4072 ejus
914 3999 1041 4055 calorem
1067 4003 1096 4053 et
1115 3995 1238 4071 pretium
1261 3993 1355 4052 infini-

155 4081 226 4132 tum.

184 4189 387 4294 ἰιιιιιιιι·
422 4155 518 4294 ..lt
536 4149 1356 4310 ..tulnusnnunltunltinu

238 4305 345 4352 Ch‘ssffl
419 4255 550 4372 Christiis
570 4323 615 4373 est
632 4314 785 4391 Propheta,
803 4279 952 4386 Sacerdbs,
968 4319 996 4368 et
1016 4310 1091 4384 Rex,
1107 4307 1265 4366 secundum
1289 4329 1357 4366 ean-

154 4387 221 4448 dem
242 4401 287 4450 est
310 4391 462 4452 Mediator.
504 4392 547 4451 At
561 4393 717 4453 secundum
739 4401 890 4469 utramque
904 4389 1010 4467 triplex
1023 4388 1097 4447 illud
1111 4387 1241 4447 Officium
1263 4388 1357 4464 potuit

418 4478 447 4528 et
457 4470 557 4531 debuit
566 4491 710 4532 exercere.
726 4472 810 4530 Patet
819 4471 912 4548 primo
921 4469 957 4528 de
966 4469 1129 4545 Prophetis,
1139 4487 1204 4526 nam
1214 4487 1272 4544 qus
1286 4467 1356 4526 Pro·

418 4549 504 4625 pheta
512 4549 612 4610 debuit
620 4551 703 4610 nobis
708 4551 837 4610 revelare
846 4550 970 4623 Patrem,
981 4550 1081 4626 atejus
1090 4548 1268 4608 voluntatem
1277 4555 1358 4624 pate·

154 4623 257 4688 facere.
274 4627 478 4707 Atquisnobis
486 4631 578 4706 potuit
588 4631 716 4690 revelare
726 4631 850 4704 Patrem,
860 4629 917 4687 nisi
926 4629 950 4686 F
953 4628 1028 4704 ilius,
1036 4629 1086 4706 qui
1094 4627 1173 4688 solus
1182 4645 1246 4686 eum
1256 4626 1358 4686 novit?

213 4507 352 4566 Prophetlsa
362 4524 368 4562 ;
