3152 5198
216 315 272 374 616
620 324 715 366 rocus
729 324 860 366 orciuos
876 324 1032 366 snsrruns.
1244 305 1380 386 [suasu.
1396 323 1432 363 11.

215 468 291 528 vivit
303 468 366 528 sine
378 473 507 543 peccato,
521 463 579 522 nisi
592 471 740 540 praecepta
759 465 953 522 observando.
993 461 1026 524 N
1027 479 1061 520 ec
1081 461 1275 536 Augustinus
1298 479 1428 536 respou-

217 544 547 620 densPelsgianisduas
559 542 626 599 illas
636 541 814 618 questiones
822 541 991 599 distinxisse
999 541 1119 614 legitur.
1144 539 1291 598 Distinxit
1298 541 1430 614 quidem

216 624 294 682 inter
307 624 386 693 istas,
406 624 509 680 Utrum
522 621 585 697 puis
599 629 768 678 renatorum
775 619 872 696 fucrit
883 619 944 678 sine
958 618 1083 692 erimine,
1097 617 1136 676 ad
1150 635 1243 692 qnam
1261 619 1431 691 respondet

217 702 402 771 affirmando,
413 705 444 758 et
461 701 564 758 Utrum
569 697 665 776 fierit
675 697 736 754 1111
751 707 875 772 peceato,
884 697 924 754 ad
937 714 1028 774 quarn
1042 697 1201 771 respondet
1214 696 1368 768 negando,
1390 696 1431 752 de

219 778 333 837 Peccst.
349 778 423 852 orig.
437 778 458 836 l.
473 777 493 834 i.
517 794 541 834 c.
556 775 602 830 48.
647 773 705 832 Sed
719 777 841 848 quando
855 775 954 849 agitur
967 774 1005 830 de
1019 773 1190 849 impletione
1201 771 1302 846 Legis,
1323 778 1361 828 ut
1375 772 1430 829 de·

217 856 314 914 fendit
327 855 475 913 neminem
489 869 553 910 esse
566 852 628 908 sine
652 857 781 925 peccato,
801 852 846 910 ita
859 859 941 910 tenet
954 851 1101 908 neminem
1114 850 1144 908 in
1159 852 1216 908 hac
1225 851 1289 908 vita
1298 849 1429 925 implere

221 931 343 1009 Legem.
359 933 439 991 Vide
452 933 504 989 lib.
519 931 556 986 de
568 928 688 1002 perfect.
709 927 730 986 J
732 929 799 986 usti.
814 937 909 988 contr.
926 928 1105 989 celestium.

512 1005 572 1063 XI.
595 1005 742 1077 Secundo,
760 1009 953 1065 confirmatur
965 1007 1023 1064 hoc
1037 1007 1133 1082 ipsum
1150 1023 1186 1062 ex
1200 1001 1298 1062 Laeta
1315 1003 1431 1063 Cernis

217 1077 239 1122 ²·
253 1076 292 1146 ¹3¹
305 1073 453 1144 ¹⁴¹²&st
473 1094 500 1140 ct
512 1083 647 1158 Spiritus,
658 1102 725 1158 quae
738 1092 881 1159 perpetuo
896 1084 1022 1142 occurrit
1032 1085 1064 1140 in
1076 1084 1214 1141 fidelibus
1227 1082 1260 1139 in
1272 1085 1332 1140 hec
1345 1101 1429 1141 mor-

246 1147 285 1178 ¹³²⁵
299 1133 451 1187 “Sim
470 1162 638 1232 1111111
650 1181 717 1236 quae
728 1163 951 1236 nigerrime
965 1161 1323 1237 suspiriaillisexprimit.
1346 1159 1430 1220 Cum

217 1239 296 1300 enim
311 1238 387 1298 Caro
409 1239 582 1298 adversetur
603 1239 679 1313 Legi
700 1239 765 1309 Dei,
786 1258 841 1297 nec
861 1238 908 1296 illi
928 1239 1113 1312 subjiciatur,
1133 1239 1182 1295 vel
1205 1238 1312 1312 subjici
1332 1239 1429 1297 etiam

219 1317 321 1394 possit,
337 1315 425 1374 Rom.
440 1316 500 1374 viii.
516 1317 544 1388 7,
568 1324 660 1393 patet,
675 1317 811 1391 quandiu
826 1315 902 1376 Caro
916 1315 947 1373 in
969 1317 1054 1374 nobis
1067 1321 1176 1386 manet,
1193 1315 1308 1396 (manet
1321 1325 1429 1374 eutem

218 1394 355 1472 quandiu
368 1389 417 1451 hic
430 1393 561 1530 sumus}2
570 1413 625 1453 nec
632 1393 793 1470 perfectam
801 1411 863 1452 esse
876 1393 1147 1463 sanctificationem,
1155 1412 1210 1451 nec
1218 1393 1332 1468 Legem
1343 1412 1362 1451 a
1371 1412 1428 1451 uo-

216 1472 261 1529 bis
273 1489 358 1547 posse
369 1472 493 1546 impleri.
564 1479 662 1530 uotam
675 1473 753 1528 hanc
767 1470 881 1529 Paulus
894 1472 1013 1528 duobus
1033 1470 1106 1528 locis
1119 1471 1259 1546 graphice
1273 1471 1428 1542 describit,

218 1549 286 1609 Gal.
305 1568 334 1607 r.
350 1549 397 1619 17,
422 1555 440 1584 “
453 1548 529 1608 Caro
543 1549 723 1624 concupiscit
746 1549 886 1606 adversus
905 1548 1058 1623 Spiritum,
1072 1555 1103 1605 ct
1126 1548 1254 1623 Spiritus
1277 1549 1428 1607 adversus

218 1627 353 1698 Carnem,
368 1629 432 1684 haec
446 1634 547 1684 autem
559 1627 637 1684 inter
650 1644 682 1683 se
696 1627 831 1700 opposita
844 1631 922 1696 sunt,
937 1632 1047 1682 utnon
1069 1643 1254 1700 quaecunque
1267 1625 1429 1684 volueritis

218 1706 322 1763 eadem
346 1703 461 1762 faciatis
471 1706 500 1774 ;”
530 1699 570 1762 Et
585 1705 671 1762 Rom.
687 1705 747 1773 vii,
772 1721 791 1760 s
803 1721 864 1760 ver.
888 1703 934 1774 14,
949 1705 1094 1778 usquead
1116 1703 1215 1774 finem,
1238 1701 1335 1776 “Ego
1355 1721 1429 1760 sum

217 1782 343 1842 carnalis
364 1787 395 1838 et
414 1781 553 1839 venditus
573 1782 628 1839 sub
651 1782 835 1856 peccatum,”
857 1779 898 1838 Et
920 1797 980 1838 ver.
1007 1780 1054 1852 19,
1086 1779 1188 1838 “Non
1209 1779 1287 1836 facio
1307 1781 1430 1837 bonum

217 1859 298 1934 quod
315 1859 394 1929 volo,
409 1860 460 1916 sed
474 1859 588 1916 malum
602 1859 683 1933 quod
705 1859 777 1915 nolo
798 1859 856 1915 hoc
877 1858 965 1930 ago,’'
986 1855 1027 1914 Et
1040 1875 1101 1915 ver.
1116 1858 1164 1928 23,
1188 1857 1319 1914 “Video
1333 1857 1431 1916 aliam

217 1937 330 2010 Legem
344 1936 375 1994 iu
389 1935 528 1993 membris
542 1935 615 1993 meis
635 1935 860 2008 belligerantem
874 1939 977 1992 eontra
1000 1935 1113 2008 Legem
1136 1934 1252 2004 mentis,
1277 1941 1308 1992 et
1331 1936 1428 2009 cepti·

216 2020 337 2071 vantem
348 2031 397 2070 me
411 2013 467 2070 sub
482 2012 593 2086 Legem
609 2013 729 2088 1111111.
772 2011 862 2070 Unde
876 2012 907 2068 in
921 2011 1037 2070 tristem
1049 2012 1138 2069 istam
1151 2013 1303 2086 querelem
1323 2030 1429 2070 erum-

216 2091 272 2167 pit,
282 2108 345 2148 ser.
358 2091 405 2161 24,
421 2089 543 2147 “Miser
556 2108 621 2163 ego,
636 2091 703 2164 quis
717 2108 764 2146 me
778 2089 916 2147 liberabit
929 2107 966 2146 ex
980 2091 1037 2147 hoc
1050 2107 1170 2164 corpore
1184 2089 1287 2146 mortis
1299 2089 1329 2147 3⁹³
1364 2089 1430 2148 Hae

215 2185 289 2230 vero
303 2187 368 2226 uon
382 2175 452 2225 sunt
465 2185 550 2225 voces
563 2168 692 2224 hominis
706 2167 819 2242 Legem
832 2167 960 2241 perfecte
973 2167 1124 2241 implentis
1137 2174 1167 2223 et
1176 2168 1429 2241 supererogantis,

215 2253 270 2309 sed
291 2244 436 2319 gementis
460 2246 515 2300 sub
535 2245 666 2319 pondere
686 2245 806 2319 peccati,
820 2251 851 2301 et
871 2246 911 2301 nd
933 2243 1141 2302 liberationem
1164 2243 1340 2302 anhelantis
1383 2243 1429 2302 Et

215 2340 287 2385 cum
306 2320 549 2392 Concupiscentia
562 2321 601 2377 sit
613 2329 766 2394 peccatum
781 2321 861 2394 Lege
875 2321 1009 2392 vetitum,
1024 2328 1059 2378 ut
1071 2320 1181 2378 ibidem
1196 2321 1364 2395 Apostolus
1380 2328 1428 2379 te-

214 2406 324 2467 statur,
340 2395 500 2462 Quomodo
513 2403 610 2470 potest
617 2397 740 2470 implere
755 2398 876 2471 Legem,
886 2399 939 2472 qui
951 2398 1082 2456 motibus
1092 2397 1336 2473 concupiscentie
1346 2415 1427 2457 sem·

213 2493 266 2554 per
282 2481 331 2537 est
344 2471 510 2531 obnoxius?
530 2473 626 2546 etqui
639 2491 705 2530 eam
716 2475 879 2532 luctantem
893 2483 924 2532 et
933 2475 1159 2550 belligerantem
1169 2475 1201 2532 in
1211 2475 1352 2532 membris
1362 2477 1427 2534 suis

214 2556 359 2616 adversus
374 2549 519 2626 Spiritum
532 2567 648 2625 semper
661 2551 832 2626 experituri

259 2632 338 2694 XII.
361 2629 428 2689 Scio
438 2627 488 2685 hio
503 2628 644 2688 Socinum
657 2646 808 2703 reponere,
818 2645 878 2685 non
888 2629 937 2703 agi
952 2628 1039 2687 Rom.
1049 2630 1109 2700 vii,
1120 2629 1158 2687 de
1172 2627 1269 2688 Paulo
1278 2629 1426 2705 regenito,

217 2715 270 2772 sed
284 2711 339 2772 snb
353 2707 434 2780 Lege
448 2705 618 2764 constituto.
661 2705 711 2763 Sic
723 2707 803 2763 enim
816 2706 868 2763 ille
881 2706 911 2762 in
926 2707 1029 2765 libello
1038 2708 1075 2764 de
1087 2706 1197 2782 Capitis
1210 2709 1302 2784 hujus
1313 2726 1403 2767 sensu
1416 2731 1424 2770 :

217 2797 235 2826 ‘⁴
249 2787 423 2850 Cavendum
437 2785 511 2854 est,”
525 2784 631 2859 inquit,
643 2789 660 2818 ‘¹
667 2783 783 2859 judicio
796 2802 864 2841 meo
877 2791 1022 2859 tanquam
1040 2785 1078 2842 ab
1092 2784 1156 2858 ipss
1165 2792 1255 2860 peste,
1270 2804 1309 2843 ue
1321 2787 1427 2844 locum

215 2868 316 2937 istum,
330 2881 392 2937 cap.
409 2861 437 2933 7,
450 2860 543 2937 Epist.
558 2863 597 2919 ad
612 2860 711 2932 Rom,
726 2862 764 2918 ad
779 2860 910 2918 Paulum
923 2862 1022 2936 ipsum
1038 2862 1104 2936 jam
1123 2868 1261 2919 renatum
1275 2863 1425 2938 pertinere

214 2945 301 3003 nobis
314 2940 546 3017 persuadeamus
557 2960 564 3010 ;
585 2940 642 2996 hoc
655 2938 733 2996 enirn
746 2940 814 2995 loco
828 2937 959 2996 Paulum
972 2939 1124 2996 hominem
1139 2938 1248 2998 Christi
1261 2940 1362 3014 grstia
1371 2959 1425 3000 ex·

213 3029 338 3098 pertem,
352 3023 382 3075 et
397 3016 514 3091 abipsa
530 3016 611 3090 Lege
633 3017 812 3090 pendentem
835 3013 999 3074 describere
1013 3017 1126 3073 affirmo
1137 3017 1169 3085 ;”
1191 3016 1236 3075 Ut
1254 3018 1299 3076 ita
1313 3019 1425 3077 deseri-

213 3101 302 3158 batur
314 3113 420 3172 pugne
433 3093 512 3152 inter
526 3094 690 3168 appetitum
704 3098 735 3151 et
744 3101 873 3151 mentem
887 3100 976 3170 atque
989 3093 1185 3166 intellectum,
1199 3094 1271 3168 quia
1283 3097 1425 3154 volunta-

213 3185 276 3234 tem
289 3175 357 3232 vult
372 3189 439 3230 esse
453 3172 591 3241 mediam,
606 3187 674 3244 que
688 3171 838 3229 interdum
858 3171 1011 3246 appetitui,
1024 3171 1178 3228 interdum
1198 3172 1293 3230 menti
1313 3173 1344 3230 in
1365 3175 1426 3231 hoc

214 3253 354 3312 conflictu
376 3248 499 3308 accedit.
548 3247 701 3306 Arminius
724 3266 786 3305 non
807 3248 898 3306 aliam
921 3248 1029 3306 insistit
1052 3247 1141 3305 vium.
1164 3247 1205 3305 Et
1228 3267 1289 3306 non
1312 3252 1424 3310 desunt

215 3331 307 3388 etiam
321 3347 338 3386 e
353 3325 482 3396 Nostris,
497 3325 592 3399 quiin
606 3326 684 3383 hanc
697 3325 874 3383 sententiam
893 3327 1096 3400 propendent:
1119 3325 1194 3383 Ideo
1204 3342 1317 3384 novum
1328 3345 1423 3402 queu-

214 3409 286 3464 dam
299 3411 329 3462 et
341 3403 465 3462 tertium
485 3408 596 3460 statum
614 3403 734 3478 fingunt
756 3402 834 3460 inter
847 3408 960 3460 statum
984 3402 1120 3475 Naturae,
1135 3403 1166 3460 in
1189 3420 1250 3478 quo
1264 3405 1355 3462 homo
1376 3413 1422 3464 est

215 3483 315 3542 adhuc
327 3478 514 3552 irregenitus,
528 3486 559 3535 et
576 3487 688 3537 statum
703 3479 823 3551 Gratiae,
835 3481 866 3536 in
880 3499 941 3555 quo
951 3479 1016 3553 jam
1036 3488 1081 3538 est
1093 3480 1252 3556 regenitus,
1269 3481 1341 3539 nim.
1361 3489 1421 3541 sta-

214 3566 282 3618 tum
295 3557 351 3615 sub
365 3555 447 3628 Lege
461 3559 491 3610 et
505 3557 560 3612 sub
575 3555 690 3629 Spiritu
704 3557 864 3629 servitutis,
879 3558 910 3614 in
923 3574 984 3632 quo
997 3558 1088 3616 homo
1105 3559 1240 3616 nondum
1253 3559 1293 3616 sit
1306 3560 1420 3634 regeni-

214 3643 273 3706 tus,
295 3635 347 3692 sed
367 3648 421 3689 uec
441 3629 531 3704 plane
558 3631 754 3706 irregenitus;
784 3635 836 3691 sed
860 3634 962 3708 aliqua
984 3634 1073 3709 Legis
1096 3635 1204 3693 notitia
1226 3635 1370 3709 imbutus,
1391 3647 1421 3696 et

216 3713 330 3791 Spiritu
343 3707 492 3770 servitutis
514 3708 667 3786 preditus,
681 3708 713 3766 in
727 3727 788 3783 quo
802 3711 983 3769 alternantes
996 3712 1067 3770 istas
1081 3713 1159 3771 vices
1180 3714 1339 3786 experitur,
1354 3715 1419 3790 qui·

214 3796 271 3852 bus
292 3804 509 3862 nonnunquam
528 3785 647 3843 videtur
667 3787 705 3843 ad
726 3786 841 3843 bonurn
863 3788 1000 3845 accedere
1019 3807 1056 3846 ex
1075 3789 1165 3864 Legis
1189 3791 1367 3864 cognitione,
1389 3801 1420 3851 et

216 3870 344 3947 Spiritus
355 3863 504 3925 servitutis
518 3864 658 3939 impulsu,
671 3864 761 3921 modo
775 3880 845 3920 vero
859 3865 897 3920 ab
911 3881 946 3921 eo
958 3867 1092 3924 recedere
1101 3875 1131 3925 et
1144 3868 1175 3924 in
1188 3875 1341 3942 peccatum
1351 3888 1419 3944 pro·

214 3947 287 4025 pelli
301 3965 338 4006 ex
351 3945 539 4020 appetituum
552 3949 760 4017 corruptorum
773 3941 957 4016 impotentis.
999 3942 1059 4002 Sed
1076 3945 1220 4020 quicquid
1240 3948 1419 4021 pertendant

215 4026 345 4100 utrique,
359 4038 420 4080 uon
430 4037 589 4099 possumus
597 4021 732 4078 recedere
742 4037 762 4078 1
774 4019 920 4078 sententie
932 4020 1010 4078 iuter
1020 4022 1212 4081 Orthodoxcs
1222 4025 1419 4082 communiter

215 4108 425 4176 receptaque
448 4099 552 4157 statuit
573 4098 704 4155 Paulum
726 4115 814 4172 agere
827 4099 865 4155 de
886 4115 918 4157 se
932 4105 967 4154 11
979 4100 1122 4173 regenito,
1147 4107 1177 4158 et
1196 4103 1310 4160 luctam
1332 4101 1417 4158 illum

214 4197 344 4255 gravem,
359 4197 425 4252 quse
439 4193 516 4251 saepe
529 4176 686 4232 intercedit
697 4175 775 4232 inter
787 4182 917 4234 veterem
930 4181 960 4234 et
972 4194 1085 4235 norum
1102 4177 1275 4251 Hominem,
1292 4177 1418 4239 Carnem

214 4263 245 4316 et
259 4255 402 4332 Spiritum
415 4253 561 4329 pathetice
578 4252 749 4310 describere.

256 4333 351 4392 XIII.
373 4333 435 4390 Nec
459 4331 564 4390 desunt
586 4331 712 4389 rationes
734 4329 822 4388 verite
837 4329 942 4406 quibus
965 4331 996 4390 id
1009 4333 1165 4410 probetur:
1196 4333 1418 4394 1111111111

215 4413 356 4488 temporis.
397 4409 472 4486 Quia
483 4410 591 4469 Paulus
605 4429 663 4467 non
676 4409 805 4486 loquitur
818 4410 849 4467 in
862 4418 990 4487 tempore
1021 4413 1200 4490 1111111111
1213 4416 1415 4490 untoward,

214 4492 266 4550 sed
279 4491 309 4549 in
323 4489 465 4567 presenti,
481 4508 541 4548 ver.
559 4491 604 4563 14,
629 4488 853 4566 “Egocsrualis
868 4491 962 4566 sum,”
1013 4509 1049 4565 c.,
1063 4511 1124 4551 ver.
1147 4495 1193 4568 19,
1225 4496 1244 4526 “
1255 4493 1321 4552 Non
1343 4493 1417 4554 fscio

214 4569 322 4626 bonurn
335 4567 414 4642 quod
435 4567 511 4640 volo,
524 4567 660 4626 Delector
674 4567 754 4643 Lege
764 4567 850 4640 Dei,''
865 4565 919 4626 &a
962 4567 1005 4628 At
1018 4589 1108 4646 quum
1118 4571 1181 4632 hsce
1191 4572 1344 4648 scribebat,
1358 4592 1417 4632 non
