3192 5206
230 332 288 390 358
633 332 725 374 aecus
739 332 869 374 onerans
883 334 1028 384 ansanus.
1252 315 1385 398 [Quaen.
1400 335 1452 376 rx.

232 487 271 548 ad
291 486 341 545 illa
355 476 531 560 auspicanda
548 477 611 554 jam
633 473 669 534 de
694 473 769 534 facto
793 474 934 534 Sacerdos
958 496 1021 536 ease
1044 475 1152 536 debuit.
1195 475 1295 536 Aaron
1315 476 1454 554 perfecte

234 575 296 628 erat
320 561 460 625 Sacerdos
481 558 567 618 etiam
589 565 650 614 tum
671 573 760 631 quum
775 555 950 616 subsistebat
969 555 999 614 in
1014 556 1108 633 Atrio,
1123 557 1193 616 licet
1205 557 1333 617 muneris
1347 565 1456 633 partes

236 665 337 707 omnes
351 663 410 702 non
424 637 613 717 implevisset.

277 725 320 784 X.
343 722 445 782 Passio
467 727 497 778 et
522 717 604 774 Mors
628 712 735 772 Christi
755 712 917 772 debuerunt
938 714 1055 790 quidem
1069 715 1272 794 praeparatoria
1286 723 1316 774 et
1329 723 1454 774 antem.

237 805 339 866 denter
353 823 383 862 se
397 800 504 860 hahere
517 795 555 854 ad
570 792 817 866 Intercessionem,
832 794 884 870 qui
896 793 951 854 fuit
961 795 1035 854 alter
1050 795 1210 854 Sacerdotii
1223 803 1304 854 actus
1318 794 1349 852 iu
1364 795 1456 854 coelis

238 882 429 965 peragendus.
473 876 533 938 Sed
550 893 609 932 non
634 879 751 949 possent
765 871 823 930 dici
836 874 1007 950 praeparatio
1023 875 1182 934 Sacerdotii
1196 875 1227 932 iu
1241 874 1315 932 coelo
1328 873 1455 934 demum

239 959 468 1034 administrandi,
494 975 559 1014 cum
577 954 609 1011 iu
630 953 686 1011 ista
707 959 799 1010 morte
817 953 932 1030 proprie
956 954 1064 1013 oblatio
1085 953 1272 1015 sacerdotalis
1286 961 1316 1014 et
1328 953 1455 1012 traditio

241 1042 349 1104 Christi
362 1060 414 1118 pro
428 1037 513 1097 nohis
526 1033 621 1112 posita
635 1031 681 1090 sit.

282 1122 342 1182 XI.
355 1120 433 1180 Heb.
445 1138 473 1176 v.
486 1119 513 1190 5,
527 1114 592 1174 Non
603 1112 723 1171 docetur
734 1109 855 1184 Quando
870 1112 1044 1172 constitutus
1055 1111 1140 1172 fuerit
1153 1111 1294 1171 Sacerdos
1305 1111 1454 1186 Christus,

242 1199 294 1262 sed
307 1222 325 1260 a
339 1201 412 1275 Quo,
427 1196 562 1255 nimirum
584 1213 602 1250 a
627 1191 721 1264 Patre,
737 1190 879 1266 quiillum
898 1193 1019 1269 agnovit
1039 1209 1090 1268 pro
1114 1193 1198 1250 Filio.
1241 1192 1366 1250 Notatur
1379 1209 1456 1268 ergo

243 1281 380 1340 divinitas
405 1273 583 1346 Vocationis,
608 1291 667 1328 non
688 1279 810 1348 tempus.
862 1271 924 1330 Nec
947 1272 971 1330 ei
995 1271 1151 1332 declaratio
1168 1270 1328 1330 sacerdotii
1342 1271 1456 1330 Christi

190 1391 194 1400 ·
243 1361 368 1440 pertinet
381 1357 420 1417 ad
433 1351 678 1425 resurrectionem,
691 1349 788 1408 statim
809 1350 973 1427 negandum
992 1360 1037 1410 est
1050 1371 1116 1410 eum
1135 1352 1197 1428 jam
1212 1359 1278 1409 ante
1292 1349 1381 1408 fuisse
1398 1349 1454 1408 Sa-

244 1439 400 1499 cerdotem.
416 1437 481 1495 Non
496 1428 698 1492 confundenda
712 1429 788 1488 enim
801 1449 849 1488 ras
862 1439 906 1490 est
920 1451 986 1489 cum
1000 1431 1064 1507 ejus
1078 1430 1318 1490 manifestatione.
1340 1430 1456 1488 Caetera

245 1540 311 1597 quae
324 1520 381 1580 hue
395 1515 540 1596 pertinent
553 1517 675 1589 possunt
687 1508 748 1586 peti
770 1528 807 1568 ex
827 1510 910 1588 Disp.
936 1510 973 1570 de
989 1509 1134 1570 Satisfaet,
1150 1511 1183 1569 P,
1199 1509 1254 1568 vl,
1276 1529 1294 1568 a
1318 1509 1373 1568 Th,
1388 1509 1454 1566 xix·

246 1619 338 1676 usque
352 1597 391 1658 ad
405 1614 510 1655 xxxin.

710 1825 905 1902 Qumsrm
928 1826 987 1886 ux.

249 1999 296 2056 Dc
309 2003 424 2067 notura,
440 1999 467 2049 ct
484 1989 596 2048 Unitate
609 1985 899 2124 Sacerdotp'p‘stilcblrist:5
913 1995 939 2079 et
952 1986 1014 2107 fur
1028 1985 1140 2046 dim,-
1153 1988 1302 2046 ,eampum
1319 1985 1457 2046 ΜΨ,
1572 1952 1573 2013 ss

780 2084 794 2121 e
829 2085 877 2123 aree
898 2085 957 2124 θα.

249 2272 272 2316 D
308 2269 315 2312 ,
333 2283 348 2313 ι
374 2267 489 2312 sm,
553 2224 577 2282 1.
594 2221 754 2283 Sacerdotii
764 2222 870 2282 Christi
885 2231 987 2282 natura
1000 2232 1029 2282 et
1043 2222 1169 2300 dignitas
1180 2243 1238 2283 non
1248 2223 1352 2282 melius
1360 2231 1460 2299 potest

274 2283 344 2374 binis
381 2326 489 2380 cypreum
510 2303 655 2380 cognosci,
670 2321 756 2377 quam
771 2321 808 2360 ex
823 2302 975 2361 collatione
987 2303 1110 2380 duplicis
1120 2304 1278 2363 Sacerdoti
1291 2303 1382 2379 typici,
1399 2323 1459 2380 quo

281 2384 362 2457 egum
377 2383 492 2452 sacerna
512 2384 543 2440 in
558 2381 659 2440 Veteri
672 2381 857 2440 Testamenta
871 2381 1072 2442 adumbratum
1087 2381 1149 2458 fuit,
1165 2383 1282 2442 Levitici
1294 2381 1404 2441 scilicet
1428 2391 1460 2442 et
1530 2397 1537 2409 ·

280 2449 309 2487 ‘¹¹
320 2441 419 2488 clm·
512 2460 762 2535 Melchisedeciaai,
778 2461 856 2536 quod
869 2471 1022 2538 utrumque
1033 2461 1072 2520 ad
1082 2462 1228 2522 Christum
1241 2462 1413 2540 respexisse,
1429 2469 1460 2520 et

251 2547 360 2625 inipso
380 2543 620 2620 complementum
646 2558 729 2598 suum
754 2540 913 2600 obtinuisse
938 2540 1089 2600 indubium
1103 2550 1156 2617 est,
1171 2543 1240 2602 lieet
1252 2542 1283 2599 in
1306 2541 1460 2618 posteriori

253 2628 341 2704 longe
355 2623 508 2703 perfectior
522 2621 585 2698 ejus
607 2619 703 2695 imago
718 2619 849 2678 exhibita
862 2620 908 2695 sit,
923 2639 1010 2697 quam
1024 2621 1054 2680 in
1068 2622 1177 2698 priori:
1199 2621 1285 2682 Unde
1300 2621 1459 2680 secundum

254 2706 383 2766 ordinem
399 2701 594 2763 Melchisedec
608 2699 721 2774 dieitur,
733 2717 792 2758 non
802 2719 872 2758 vero
881 2699 1038 2760 seeundum
1047 2700 1176 2760 ordinem
1191 2700 1326 2760 Aaronis.

254 2825 361 2874 collecto
377 2831 402 2870 Θ,
412 2823 496 2868 (ΗΜ,
538 2781 581 2840 11.
597 2780 680 2840 Licet
693 2779 769 2838 enim
782 2779 980 2839 Sacerdotium
992 2779 1157 2841 Leviticum
1167 2801 1224 2838 non
1232 2781 1319 2839 alium
1331 2781 1361 2838 in
1371 2779 1458 2838 finem

283 2898 339 2930 men
362 2858 498 2928 'smerdem
517 2859 885 2940 praeeipueinstitutumsit,
896 2880 982 2938 quam
996 2860 1268 2920 adedumbrandum
1283 2859 1390 2920 Christi
1406 2859 1457 2919 Sa·

284 2943 394 3044 Isevitipt
470 2941 495 2986 at
516 2941 683 3016 cerdotium,
710 2947 740 2998 et
764 2939 921 2999 similitudo
944 2942 974 2997 in
988 2941 1078 2998 variis
1092 2940 1201 3000 attendi
1215 2940 1320 3016 possit,
1342 2939 1457 2998 Certum

285 3001 385 3046 anast.
516 3030 613 3081 tamen
627 3019 705 3079 istud
718 3020 805 3098 longe
819 3039 883 3079 esse
897 3021 947 3079 illo
962 3020 1114 3096 augustius
1141 3029 1170 3078 et
1182 3019 1345 3096 perfectius,
1361 3028 1390 3078 et
1400 3018 1457 3077 dis·

257 3107 364 3166 crimen
379 3105 408 3164 in
420 3103 551 3182 pluribus
565 3119 721 3174 occurrere,
738 3100 800 3160 sive
823 3120 1019 3178 personarum,
1035 3101 1097 3158 sive
1111 3099 1308 3174 institutionis,
1325 3099 1386 3158 sive
1400 3098 1457 3157 effi-

257 3187 352 3261 cacias,
368 3185 430 3243 sive
443 3179 635 3261 perfectionis,
651 3189 680 3238 et
694 3178 853 3238 durationis
867 3180 1007 3239 habeatur
1019 3179 1101 3239 ratio.

539 3260 600 3318 Ill.
622 3258 886 3318 NamadPersonos
901 3259 980 3336 quod
987 3259 1098 3332 attinet,
1109 3257 1279 3318 Sacerdotes
1289 3257 1411 3316 Levitici
1422 3277 1457 3315 ex

281 3327 469 3409 1·Q¹¹⁰²⁴¹,P⁰‘'
519 3338 581 3398 sola
608 3337 698 3394 Trihu
724 3337 796 3395 Levi
821 3338 1062 3414 desumebantur;
1087 3339 1144 3398 Sed
1159 3338 1291 3397 Christus
1313 3357 1351 3395 ex
1372 3337 1458 3396 Tribu

326 3397 412 3436 Μ’
519 3414 607 3476 Judee
621 3415 760 3474 oriundus
773 3416 835 3492 fuit,
853 3417 929 3476 Heb.
952 3417 1002 3476 vii.
1020 3421 1065 3493 13,
1083 3421 1130 3476 14.
1173 3417 1222 3476 Illi
1236 3417 1307 3476 meri
1321 3417 1456 3492 homines,

260 3499 321 3557 Iste
348 3513 435 3556 verus
459 3502 489 3553 et
509 3503 633 3553 aeternus
659 3494 715 3552 Dei
739 3495 841 3554 Filius.
885 3494 934 3554 Illi
957 3507 1130 3574 peccatores,
1146 3497 1196 3574 qui
1220 3517 1293 3574 opus
1316 3497 1459 3556 habebant

259 3576 362 3636 offerre
382 3594 435 3652 pro
450 3573 561 3650 seipsis,
591 3572 652 3632 Ista
676 3581 793 3632 sanetus
820 3583 849 3633 et
872 3575 1081 3653 immaculatus,
1098 3578 1148 3655 qui
1171 3576 1326 3654 pronubis
1349 3585 1458 3638 tantum

259 3655 361 3715 offerre
375 3653 484 3726 debuit,
507 3662 536 3710 et
551 3670 609 3710 non
623 3671 675 3728 pro
690 3671 729 3728 ss,
746 3652 823 3712 Ileb.
838 3655 889 3713 vii.
909 3655 957 3731 26,
971 3660 1019 3715 27.
1062 3657 1111 3714 Illi
1125 3656 1295 3715 differebant
1309 3655 1346 3714 ab
1360 3657 1459 3714 hostiis

260 3754 332 3812 quas
356 3732 522 3806 offerebant,
539 3739 568 3790 et
589 3730 683 3789 alieno
705 3733 845 3808 sanguiue
869 3735 1063 3811 expiationem
1086 3736 1179 3795 fecere
1206 3736 1376 3810 debuerunt,
1402 3736 1458 3794 lete

262 3813 402 3874 Sacerdos
417 3821 445 3872 ct
459 3811 588 3870 Victima
602 3810 687 3869 simul
698 3809 759 3882 ficit,
771 3811 821 3888 qui
835 3813 960 3889 seipsum
972 3835 1023 3891 pro
1038 3815 1121 3875 nobis
1135 3815 1261 3891 tradidit,
1277 3823 1306 3874 et
1316 3816 1457 3892 proprium

261 3894 431 3972 sanguinem
458 3893 489 3950 in
510 3890 672 3951 Sacrarium
696 3890 793 3951 intulit
818 3900 953 3951 aeternam
977 3894 1202 3972 redemptionem
1225 3895 1309 3954 nobis
1331 3894 1456 3972 adeptus.

260 3975 310 4034 Illi
322 3975 420 4052 plures
434 3979 524 4046 erant,
539 3970 607 4047 quia
618 3969 724 4047 singuli
738 3991 797 4029 uon
810 3979 942 4048 poteraut
955 3981 1051 4051 partes
1064 3995 1164 4034 omnes
1177 3975 1261 4035 istius
1269 3975 1397 4034 muueris
1409 3975 1457 4032 im-

260 4053 348 4132 plere,
376 4053 434 4113 Sed
448 4051 588 4126 Christus,
609 4050 677 4127 quia
690 4049 895 4127 perfectissime
910 4053 1006 4111 omnia
1019 4073 1071 4130 per
1085 4055 1210 4132 seipsum
1224 4055 1344 4133 peregit,
1360 4055 1457 4115 uniens

261 4142 313 4208 est,
329 4133 379 4211 qui
393 4153 447 4193 nec
463 4134 642 4205 Successore,
658 4149 711 4189 neo
725 4129 842 4190 Vicario
857 4140 932 4208 eget.

564 4209 619 4268 IV.
641 4210 831 4287 altaspata
850 4210 929 4268 modi
943 4213 1133 4288 Institutionis,
1157 4213 1240 4274 Licet
1262 4213 1338 4271 enim
1352 4219 1456 4272 utrum-

520 4309 605 4367 quea
619 4289 683 4348 Deo
697 4289 735 4348 sit
748 4289 920 4367 institutum,
936 4291 1051 4351 diversa
1065 4301 1160 4352 tamen
1173 4293 1260 4369 longe
1274 4292 1329 4352 fuit
1349 4293 1456 4352 institu-

522 4369 608 4428 tionis
622 4369 685 4446 ejus
698 4369 780 4443 ratio,
796 4369 960 4430 Levitieum
971 4373 1086 4448 quidem
1102 4373 1163 4432 sine
1171 4373 1344 4450 juramento,
1358 4372 1458 4431 Christi

260 4468 330 4508 vero
360 4447 558 4508 Sacerdotium
584 4473 652 4524 μετα
677 4449 839 4529 διωμοσίας,
869 4451 946 4512 Heb.
975 4453 1024 4512 vii.
1054 4455 1101 4530 ab,
1126 4455 1172 4528 21,
1202 4461 1231 4511 et
1253 4452 1330 4511 Psal.
1359 4473 1405 4510 cx.
1430 4455 1455 4528 4,

260 4536 403 4605 quatenus
434 4527 564 4587 adhibita
595 4529 764 4588 sacramenti
795 4530 934 4607 religione
967 4541 1105 4591 aeternum
1136 4540 1164 4592 et
1193 4531 1380 4608 manaem
1406 4550 1456 4589 coe·

261 4271 282 4317 2.
298 4271 385 4323 Quoad
396 4271 500 4318 Institu-

327 4333 418 4375 tlonem
430 4345 436 4384 ;

259 4607 341 4666 lestis
366 4608 453 4666 Pater
481 4607 595 4666 Christo
623 4609 814 4668 sacerdotium
840 4611 987 4688 pollicitus
1010 4621 1063 4672 est.
1107 4611 1186 4672 lllud
1206 4615 1276 4670 urai
1291 4611 1358 4700 ripen
1372 4613 1457 4677 imas
