3152 5198
165 361 277 412 eumer.
294 341 351 424 ru]
581 362 619 400 ne
641 357 895 402 uusrrrrcnrroru.
1311 346 1367 402 577

202 503 315 562 XXX.
341 503 382 562 Ut
396 501 590 560 inobedientia
605 501 712 560 Ademi
727 521 794 559 vere
809 520 861 558 nos
873 506 1037 576 peccatores
1048 499 1197 558 constituit
1208 519 1259 578 per
1273 501 1364 579 impu·

158 583 316 656 tationem;
341 583 426 642 Itaet
440 581 561 642 Justitia
586 581 692 639 Christi
707 601 773 638 vere
789 601 841 638 nos
862 580 1002 656 justificat
1024 579 1203 655 imputative.
1237 581 1284 639 Ita
1306 585 1363 640 Im·

152 673 286 738 putatum
313 663 387 722 bene
422 661 577 738 opponitur
610 661 762 734 inhaerenti,
787 659 838 718 sed
865 679 923 717 non
949 679 1024 734 vero,
1050 658 1118 735 quia
1145 679 1204 718 non
1227 662 1363 737 fingimus

156 742 385 819 imputationem,
402 760 467 817 quae
479 741 617 799 consistet
639 741 669 798 in
691 760 770 798 mere
787 739 921 816 opinione
942 746 971 797 et
991 739 1066 815 juris
1079 737 1204 812 fictione,
1231 741 1282 798 sed
1297 763 1361 818 quse

156 824 282 880 maxime
296 823 382 880 realis
397 830 441 880 est
456 828 484 879 et
499 841 575 896 vera,
588 821 640 878 sed
653 821 709 878 iste
723 820 831 878 veritas
845 827 890 876 est
904 817 1109 894 imputationis,
1126 838 1184 876 non
1198 819 1360 898 infusionis,

152 901 287 977 juridice,
303 921 361 959 non
376 901 502 958 moralis.

195 980 325 1039 XXXI.
349 980 489 1056 Imputari
500 987 576 1038 recte
591 979 697 1037 dicitur
710 977 833 1036 Justitia
858 976 965 1035 Christi
978 977 1061 1035 uobis
1082 977 1112 1034 in
1126 977 1148 1037 J
1150 979 1285 1054 ustitiam,
1301 1001 1359 1040 non

154 1068 186 1118 ut
200 1060 480 1136 reputeturjustitia,
503 1080 567 1136 quae
586 1067 671 1117 antee
691 1058 752 1134 jam
776 1063 845 1128 erat,
871 1057 923 1116 sed
947 1065 979 1115 ut
999 1065 1098 1115 nostra
1111 1058 1161 1116 fiat
1187 1079 1251 1135 quae
1274 1071 1359 1120 antea

154 1147 215 1196 erat
228 1139 330 1213 aliena,
354 1148 383 1198 et
397 1147 430 1199 ut
450 1148 568 1217 propter
591 1157 654 1198 eam
665 1138 739 1214 justi
760 1135 989 1214 pronunciemus,
1015 1145 1044 1196 et
1065 1135 1206 1196 advitam
1221 1148 1357 1199 aeternem

153 1227 343 1295 acceptemus.

636 1375 829 1452 eumerio
851 1375 905 1433 ιιι

150 1535 197 1596 An
210 1537 381 1615 Justiflcatio
395 1539 525 1596 consutat
548 1547 655 1595 mutum
677 1535 706 1594 in
727 1535 898 1594 Rernissione
909 1538 1110 1609 pcccatorum!
1141 1537 1187 1594 Aa
1201 1557 1267 1596 vero
1281 1560 1353 1598 com·

186 1620 330 1692 plectatur
344 1618 428 1676 etium
446 1617 632 1694 Adoptioncm
659 1625 686 1674 et
711 1617 766 1674 ιῙιιι
794 1617 835 1674 ad
853 1614 961 1674 vitam?
1014 1615 1099 1672 Prius
1126 1615 1209 1692 Neg,
1240 1618 1351 1678 Poster.

193 1696 305 1754 Affirm.

190 1854 214 1911 Ι.
238 1854 421 1915 Diuimusde
435 1875 522 1916 eausa
546 1853 692 1914 meritoria
716 1875 766 1914 seu
791 1852 977 1913 fundamento
1000 1853 1242 1931 Justifieationis;
1265 1855 1350 1916 Nunc

150 1931 186 1992 de
201 1934 263 2010 ejus
281 1939 386 2009 forma
396 1955 447 1994 seu
456 1937 587 2012 partibus
601 1935 745 2012 egendum
760 1943 821 2010 est;
845 1933 882 1991 In
900 1953 957 2010 quo
972 1934 1117 1992 variantes
1139 1943 1206 1994 sunt
1225 1936 1349 1994 Theolo-

150 2032 253 2089 gorum
268 2015 425 2074 sententia.

448 2095 491 2153 ΙΙ.
516 2095 589 2154 Sunt
603 2095 653 2170 qui
678 2094 740 2152 sola
758 2092 939 2151 Remissione
953 2102 1134 2168 peecatorum
1149 2102 1240 2152 totam
1253 2094 1275 2153 J
1277 2097 1348 2154 usti·

168 2157 255 2261 Sim?
281 2155 365 2208 Ques·
406 2173 569 2234 ficationem
594 2173 708 2232 absolvi
731 2170 925 2247 contendunt;
956 2172 998 2231 Ut
1022 2181 1091 2230 tune
1111 2192 1164 2230 nos
1188 2173 1348 2250 justificare

225 2219 305 2262 ΗΜ
408 2254 488 2312 Deus
502 2254 662 2312 censendus
676 2253 722 2326 sit,
734 2251 850 2329 quando
860 2260 979 2328 peccata
988 2260 1086 2310 nostre
1097 2251 1180 2310 nobis
1195 2253 1347 2329 condonat,

147 2338 176 2388 et
190 2330 226 2388 ab
241 2333 319 2389 omni
333 2352 418 2409 poena
431 2334 565 2393 absolvit.
591 2333 689 2408 Atque
704 2333 734 2389 in
748 2351 782 2390 ea
793 2339 860 2390 sunt
874 2331 1025 2405 sententia,
1040 2331 1090 2406 qui
1105 2331 1195 2390 solem
1205 2333 1349 2410 justitiam

145 2411 292 2485 passivam
307 2411 414 2470 Christi
424 2413 507 2471 nobis
521 2413 656 2490 imputari
671 2418 808 2470 statuunt.
852 2410 915 2468 Alii
928 2429 998 2468 vero
1013 2410 1085 2470 duas
1099 2421 1195 2487 partes
1209 2413 1240 2469 in
1254 2413 1275 2472 J
1277 2414 1347 2472 usti·

145 2487 279 2548 ficatione
293 2501 411 2566 ponunt,
423 2493 622 2550 Remissionem
631 2500 820 2567 peccatorum,
837 2500 867 2548 et
880 2489 1095 2566 Imputationcm
1102 2492 1219 2564 justitia
1229 2516 1241 2564 ,·
1263 2493 1347 2551 illam

145 2586 210 2704 plura
232 2569 333 2629 eximit
356 2581 566 2647 peecatorema
586 2591 680 2649 poena,
702 2571 803 2646 Istam,
819 2589 883 2646 quse
898 2589 961 2627 eam
975 2569 1070 2628 reddit
1091 2571 1208 2647 praemio
1223 2591 1274 2630 seu
1289 2573 1349 2632 vita

176 2667 274 2724 gnum.

185 2727 245 2786 111.
268 2729 360 2788 Nobis
374 2750 443 2789 vcro
458 2739 559 2791 neutra
580 2730 722 2791 sententia
736 2731 806 2790 setis
820 2737 952 2789 accurate
971 2729 1026 2788 hoc
1040 2737 1241 2806 argumentum
1255 2731 1346 2808 expli·

140 2825 209 2864 cere
236 2807 360 2868 videtur.
404 2811 469 2868 Non
492 2812 593 2888 prima,
616 2811 692 2888 quia,
707 2819 740 2868 ut
760 2819 860 2887 postea
888 2810 1024 2882 dicemus,
1053 2808 1091 2866 ed
1110 2809 1347 2885 justificationem

142 2885 257 2961 plenam
271 2908 330 2947 non
344 2889 448 2948 sufficit
471 2911 489 2949 a
509 2911 594 2968 poene
614 2891 766 2964 absolutio,
782 2889 834 2947 sed
850 2889 1004 2964 requiritur
1018 2888 1103 2946 etiam
1114 2888 1190 2964 juris
1203 2889 1241 2945 ad
1255 2889 1346 2948 vitam

143 2968 372 3027 communicatio.
414 2970 476 3028 Nee
490 2970 516 3028 si
531 2969 692 3029 Orthodoxi
706 2987 910 3044 nonnunquam
921 2967 1155 3044 justificationem
1171 2969 1232 3025 sola
1246 2970 1346 3027 remis-

141 3043 222 3103 sione
250 3057 431 3123 pcccetorum
456 3050 596 3108 contineri
617 3056 757 3122 esserunt,
780 3047 909 3123 sequitur
936 3067 985 3105 eos
1009 3066 1068 3105 non
1088 3065 1243 3122 agnoscere
1259 3049 1345 3106 etiam
1391 3053 1396 3064 '

141 3123 199 3182 Jus
214 3125 374 3187 advitam:
396 3128 471 3202 Quia
491 3128 532 3187 ita
557 3129 715 3205 loquuntur
743 3133 842 3186 contra
867 3125 1042 3202 Pontificios,
1072 3127 1121 3203 qui
1149 3125 1186 3183 ad
1203 3127 1344 3203 justifica·

141 3203 256 3280 tione'm,
272 3225 330 3264 non
353 3208 440 3266 modo
462 3207 660 3266 remissionem
681 3215 864 3284 peccatorum
885 3205 1027 3283 pertinere
1046 3205 1158 3280 volunt,
1183 3206 1234 3264 sed
1257 3207 1343 3266 etiem

140 3281 282 3343 internam
306 3287 393 3344 animi
409 3287 633 3363 renovationem,
649 3296 678 3346 et
688 3286 810 3363 justitiae
824 3284 1015 3359 infusionem
1031 3284 1170 3342 adversus
1184 3305 1256 3361 quos
1270 3287 1344 3347 bene

141 3371 271 3423 statuunt
293 3367 355 3424 soie
372 3366 540 3426 remissione
561 3376 752 3443 peecatorum,
769 3365 822 3423 sub
836 3384 893 3440 qna
912 3372 941 3422 et
950 3364 1000 3441 jus
1021 3363 1058 3422 ed
1084 3365 1176 3422 vitem
1203 3366 1344 3443 complec-

140 3449 247 3517 tuntur,
277 3453 367 3504 totam
385 3447 621 3524 justificationem
651 3445 771 3520 absolvi,
794 3444 942 3503 exclusive
961 3443 998 3501 ad
1022 3444 1238 3503 renovationem
1252 3446 1343 3505 homi·

139 3520 192 3594 nis,
210 3543 260 3582 seu
270 3524 443 3584 infusionem
453 3527 586 3601 justitiae.

178 3601 233 3662 IV.
258 3604 316 3663 Sed
327 3625 380 3665 neo
391 3606 518 3666 secunda
532 3605 674 3665 sententia
685 3604 853 3681 simpliciter
861 3604 948 3680 recipi
958 3613 1061 3681 potest,
1073 3605 1142 3681 quis
1155 3606 1185 3663 in
1200 3626 1234 3664 ee
1243 3627 1344 3685 perpe-

136 3699 198 3738 ram
219 3686 434 3762 eonjunguntur
448 3685 579 3745 remissio
593 3693 783 3762 peecatorum,
799 3693 829 3743 et
841 3684 993 3761 imputatio
1003 3686 1134 3762 justitiae,
1149 3687 1232 3762 quasi
1247 3696 1343 3747 essent

138 3769 234 3832 partes
249 3763 304 3820 sibi
315 3764 538 3841 respondentes,
564 3765 708 3824 Remissio
722 3764 838 3841 quidem
853 3765 953 3841 prime,
970 3764 1127 3841 Imputatio
1142 3784 1212 3822 vero
1219 3766 1342 3840 justitia

136 3837 246 3895 altera:
267 3841 339 3900 Cum
361 3853 457 3902 temen
481 3845 609 3903 nonsibi
630 3845 755 3902 invicem
782 3843 974 3920 respondeant
993 3851 1025 3901 ut
1045 3863 1112 3920 pars
1135 3843 1218 3919 parti,
1235 3843 1287 3900 sed
1307 3854 1341 3903 ut

137 3935 225 3972 eausa
239 3916 276 3974 ad
290 3919 430 3994 effectum,
446 3932 476 3981 et
490 3923 707 3982 fundamentum
722 3922 759 3981 ed
773 3922 804 3980 id
815 3922 892 3999 quod
906 3942 941 3979 eo
955 3921 1064 3994 nititur,
1080 3929 1109 3979 et
1122 3923 1160 3978 ab
1174 3940 1209 3978 eo
1223 3921 1339 3997 pendet.

138 3993 212 4051 Nam
228 3994 251 4051 si
276 4006 353 4056 reete
374 4001 569 4077 philosophari
582 4004 725 4078 volumus,
748 4002 827 4060 Deus
849 4001 933 4059 nobis
946 4019 1005 4058 non
1025 3999 1144 4058 remittit
1157 4010 1284 4076 paccata,
1310 4011 1340 4062 et

107 4089 112 4095 ·
134 4082 236 4148 postea
250 4074 372 4152 imputat
390 4079 542 4155 justitiam,
566 4082 618 4140 sed
640 4083 732 4160 primo
755 4081 878 4157 imputet
888 4079 1039 4156 justitiam,
1056 4086 1085 4137 et
1102 4078 1207 4137 exinde
1221 4090 1339 4158 propter

134 4150 304 4228 imputatam
318 4155 397 4215 illam
408 4157 560 4234 justitiam,
576 4171 694 4236 peccato
707 4160 791 4218 nobis
805 4159 932 4218 remittit.
976 4157 1206 4217 Satisfaotionem
1218 4160 1294 4218 enim
1309 4171 1339 4222 et

135 4239 215 4305 aare.»
232 4233 408 4294 hrtcroedere
422 4256 540 4296 neeesse
560 4249 612 4312 est,
628 4250 660 4299 ut
675 4239 806 4298 remissio
823 4259 840 4297 a
855 4239 919 4296 Deo
933 4237 1052 4296 concedi
1073 4236 1164 4314 possit
1178 4238 1270 4296 illaesa
1284 4261 1338 4300 sna

128 4310 252 4387 justitia,
280 4322 309 4373 et
337 4323 370 4374 ut
397 4314 558 4392 legitimum
573 4319 610 4378 sit
623 4303 840 4377 fundamentum
856 4316 1004 4376 sententiae
1019 4317 1210 4388 absolutorias,
1226 4339 1290 4395 quae
1305 4322 1335 4379 in

133 4391 258 4466 gratiam
286 4393 452 4454 Electorum
467 4397 509 4455 fit.
551 4397 636 4471 Quod
663 4399 754 4475 siper
777 4398 995 4475 imputationem
1017 4397 1139 4472 justitiae
1158 4397 1231 4454 nibil
1255 4399 1336 4460 aliud

130 4470 293 4547 intelligere
308 4476 418 4533 vellent
438 4474 587 4553 Theologi,
604 4497 689 4554 quam
701 4477 783 4536 Juris
803 4477 842 4535 ad
855 4477 944 4534 vitam
959 4476 1150 4550 collationem,
1172 4484 1204 4535 nt
1227 4477 1335 4540 multos

130 4569 166 4608 eo
188 4552 330 4628 respicere
355 4563 464 4613 eertum
489 4563 541 4630 est,
557 4576 624 4614 vere
649 4557 765 4633 quidem
786 4556 817 4615 id
836 4564 966 4615 statuunt
980 4555 1103 4614 sednon
1117 4555 1187 4614 satis
1201 4555 1333 4620 accurate

130 4629 297 4704 loquuntur.

170 4727 244 4769 rans
265 4731 297 4771 11.
1114 4718 1173 4774 20
