3146 5210
211 359 270 415 472
601 377 692 418 noces
708 377 836 418 nacrrrus
856 377 991 424 oursrus.
1235 357 1359 438 [Quasi.
1374 377 1417 420 rr.

212 517 286 574 filios
304 518 366 592 llei,
382 517 462 594 loqui
477 526 506 576 et
520 518 643 577 clamare
659 519 688 576 in
703 519 794 595 nobis,
816 519 967 578 sublevare
983 517 1163 576 infirmitates
1185 527 1306 594 nostras,
1331 531 1361 580 et
1375 522 1418 579 in·

212 597 357 656 terccdere
372 619 422 674 pro
437 597 522 656 nobis
536 599 691 674 gemitibus
701 599 903 674 ineffabilibus,
917 599 1000 656 Rom.
1011 597 1070 655 viii.
1082 601 1130 672 26,
1143 619 1196 656 nos
1207 599 1375 659 confirmare
1390 613 1421 661 et

212 677 364 752 obsignare
380 679 409 735 in
424 678 500 735 diem
514 677 727 756 redemptionis
744 683 763 736 2
788 679 852 738 Cor.
868 679 887 737 i.
903 683 951 753 22,
967 679 1042 755 Eph.
1057 678 1096 736 iv.
1122 680 1169 751 30,
1186 681 1306 738 scrutari
1321 682 1419 756 corda,

212 765 241 814 et
255 759 291 814 ad
306 759 423 816 modum
435 758 519 833 ignis,
533 758 596 832 olei,
612 759 694 833 lucis,
710 758 787 833 vitas,
804 759 841 817 ad
854 759 971 817 intimos
996 758 1090 816 cordis
1115 778 1244 817 recessus
1258 770 1417 836 penetrare,

212 845 240 894 ct
255 837 312 894 alia
334 838 364 894 id
384 858 493 915 genus3
519 839 550 896 Si
570 845 632 896 tota
653 839 716 915 ejus
740 839 834 897 virtus
854 858 913 896 non
940 839 1060 896 ulterius
1079 839 1253 914 extenditur,
1279 841 1419 916 quemad

211 917 365 975 mediatam
388 919 530 976 actionem
558 938 609 994 per
636 918 775 993 Verbum,
804 937 863 976 non
890 938 959 976 vero
983 918 1180 976 immediatum
1202 920 1240 977 sit
1266 939 1417 996 regenera-

211 997 297 1056 tionis
312 998 492 1075 priucipium,
508 997 587 1074 quod
601 999 699 1072 vitam,
715 998 810 1074 fidem,
832 999 1013 1056 sanctitatem
1036 1007 1065 1056 et
1079 998 1218 1073 gaudium
1233 1000 1336 1058 animis
1351 1021 1417 1061 nos·

210 1077 263 1134 tris
277 1077 432 1135 infundat?
473 1079 537 1135 Imo
552 1078 703 1137 antithesis
717 1098 803 1154 quam
828 1079 988 1154 Apostolus
1016 1078 1141 1136 instituit
1164 1079 1239 1136 iuter
1253 1079 1375 1139 Carnem
1390 1091 1420 1139 et

214 1157 361 1233 Spiritum,
373 1158 457 1215 Rom.
469 1158 539 1230 viii,
553 1159 687 1234 postulat,
700 1167 732 1216 ut
746 1157 987 1235 quemadmodum
1000 1158 1073 1216 Caro
1087 1168 1131 1216 est
1145 1158 1314 1235 principium
1330 1160 1418 1219 intar-

211 1257 279 1294 uum
292 1245 320 1295 et
334 1237 531 1296 immediatum
547 1239 576 1295 iu
590 1237 706 1296 homine
721 1239 829 1297 carnali
843 1238 970 1295 omnium
985 1248 1188 1314 pcccatorum:
1230 1239 1277 1298 Its
1294 1239 1419 1316 Spiritus

212 1317 248 1374 sit
262 1317 434 1394 principium
449 1318 593 1377 intcmum
608 1326 638 1376 ct
651 1318 850 1377 immediatum
862 1319 892 1375 in
907 1318 1023 1376 homine
1037 1318 1117 1375 fidoli
1137 1327 1167 1376 et
1181 1319 1311 1393 regenito
1327 1321 1419 1378 omni-

210 1417 260 1454 um
275 1397 414 1456 bonomm
429 1417 556 1474 operum,
571 1417 623 1474 per
636 1417 722 1473 quem
736 1399 838 1456 vivant
851 1405 881 1456 et
895 1399 1051 1473 ambulent,
1068 1407 1096 1456 et
1113 1399 1201 1475 juxta
1216 1399 1271 1457 Dei
1286 1399 1417 1458 Verbum

211 1477 338 1535 actiones
353 1497 452 1536 omnes
467 1497 533 1536 suas
548 1485 728 1554 componant.
772 1479 816 1535 Eo
837 1478 962 1554 pertinet
984 1477 1062 1553 quod
1076 1478 1189 1551 dicitur,
1216 1478 1286 1538 Joh.
1311 1479 1372 1537 xiv.
1388 1490 1418 1539 ct

211 1557 281 1631 xvi,
306 1558 472 1616 Paracletus
487 1558 582 1616 omniu
599 1577 667 1615 suos
681 1557 828 1633 docturus,
844 1567 873 1616 et
897 1559 927 1615 in
951 1577 1065 1616 ornnem
1080 1559 1230 1616 veritatem
1245 1579 1295 1616 eos
1309 1558 1416 1618 deduc-

210 1645 311 1710 tu1·us;
334 1638 468 1712 Quodne
490 1638 555 1714 quis
569 1637 607 1695 ad
627 1637 812 1714 privilegium
833 1638 950 1713 aliquod
972 1639 1114 1714 peculiare
1131 1638 1281 1714 Apostolis
1301 1638 1415 1714 referat,

210 1717 360 1775 dolraunes
378 1722 455 1776 lec.
485 1719 513 1776 ii.
529 1721 576 1793 27,
606 1718 757 1775 adomncs
784 1718 885 1776 fideles
913 1717 1052 1790 extendit,
1083 1721 1101 1750 “
1115 1718 1171 1775 Sed
1200 1719 1282 1788 voa,'’
1311 1719 1416 1796 inquit,

211 1797 413 1856 “linctionem
426 1799 539 1856 habetis
553 1819 570 1855 a
587 1799 701 1870 Sancto,
718 1807 746 1855 et
761 1799 852 1856 nostis
867 1799 971 1870 omnia,
997 1818 1051 1855 nec
1066 1818 1138 1874 opus
1162 1798 1275 1856 hahetis
1290 1807 1323 1858 ut
1337 1800 1415 1875 quis-

209 1897 295 1954 quam
311 1898 363 1936 voa
375 1878 495 1950 doceat;
513 1879 619 1936 Unctio
634 1879 710 1935 euim
725 1878 787 1953 ipsa
801 1898 854 1935 vos
877 1878 961 1935 docet
984 1879 1109 1934 omnia.’'
1153 1878 1213 1936 t‘bi
1227 1898 1279 1953 per
1294 1878 1417 1937 l'nctio-

210 1976 275 2015 nem
291 1966 404 2016 constat
418 1958 543 2034 intelligi
566 1957 704 2034 Spiritum
722 1961 868 2028 Sanctum,
881 1979 938 2016 non
954 1969 1072 2016 externe
1084 1966 1195 2016 tautum
1209 1978 1260 2032 per
1275 1958 1416 2034 Verbum,

208 2037 385 2096 sedinterne
401 2047 430 2095 et
458 2038 624 2096 immediate
648 2037 748 2095 lideles
777 2038 948 2096 docentemz
991 2038 1055 2110 Quo
1078 2057 1165 2095 seusu
1187 2037 1258 2095 alibi
1273 2047 1416 2097 vocantur

208 2123 357 2184 stateem«,
372 2118 441 2177 Jolr.
457 2118 496 2175 vi.
511 2121 559 2194 45,
575 2138 633 2176 non
644 2117 730 2176 modo
744 2117 812 2194 quia
822 2117 921 2176 Verbo
937 2117 1042 2176 Christi
1054 2117 1250 2193 instituuntur,
1264 2116 1315 2176 sed
1329 2118 1417 2177 etiarn

210 2205 353 2274 quatenus
367 2217 384 2254 a
401 2198 485 2256 l'atre
499 2198 611 2256 interne
623 2198 762 2256 docentur
776 2207 806 2255 et
820 2198 972 2256 trahuntur
986 2197 1023 2255 ad
1038 2197 1193 2256 Christum.

207 2315 222 2360 6
256 2317 278 2359 A
302 2318 448 2360 necessitato
512 2278 580 2335 XL.
605 2279 703 2350 Sexte,
733 2279 763 2337 Si
781 2278 884 2337 Gratia
898 2278 1064 2336 immediata
1088 2298 1145 2335 non
1160 2287 1205 2336 cst
1226 2277 1416 2354 admittenda,

224 2349 263 2419 'er
284 2375 448 2429 possibilitate
469 2356 527 2414 Vel
538 2357 602 2414 ideo
611 2358 652 2430 fit,
679 2358 819 2433 quianon
833 2359 1058 2432 estneccssaria,
1075 2359 1122 2415 vel
1133 2358 1202 2434 quia
1215 2377 1272 2415 non
1288 2367 1332 2417 est
1347 2379 1409 2435 pos-

238 2432 300 2488 qus.
469 2435 570 2510 sibilis,
588 2437 636 2494 vel
659 2438 727 2512 quia
742 2438 800 2494 vim
822 2439 947 2513 aliquam
971 2437 1039 2496 facit
1064 2439 1196 2496 humanm
1210 2437 1362 2512 voluntati,
1386 2447 1416 2497 et

207 2513 298 2573 libero
313 2515 440 2574 arbitrio.
484 2515 542 2573 Sed
561 2516 634 2573 nihil
654 2517 711 2574 talc
731 2517 788 2575 dici
802 2526 906 2592 potest.
947 2519 1105 2576 Necessitas
1120 2519 1183 2594 ejus
1197 2537 1283 2594 supra
1295 2518 1416 2590 demon·

208 2603 297 2654 strata
311 2603 355 2654 est
364 2607 408 2654 ex'
416 2595 606 2672 corruptionis
627 2605 656 2654 ct
670 2597 845 2673 impotentias
859 2605 965 2656 nostrae
981 2598 1190 2673 magnitudine,
1205 2607 1235 2656 et
1248 2598 1416 2657 confirmata

207 2757 379 2815 Pcssibilr'tas
387 2765 475 2834 patet,
488 2776 545 2814 non
556 2757 642 2815 modo
657 2779 693 2815 ex
709 2757 943 2815 extraordinariis
955 2765 983 2816 et
994 2757 1167 2816 immediatis
1178 2758 1416 2816 conversionibus

207 2856 314 2911 eorum,
325 2837 375 2914 qui
389 2837 455 2896 ilico
471 2845 500 2894 et
512 2857 570 2895 uno
585 2838 667 2914 quasi
683 2846 827 2896 momento
842 2846 870 2895 et
885 2838 961 2896 oculi
980 2837 1059 2896 nictu
1074 2837 1182 2913 absque
1197 2837 1305 2913 praevio
1320 2837 1414 2896 Verbi

205 2920 349 2994 praeconio
360 2915 491 2991 renovati
506 2927 581 2992 sunt,
597 2926 626 2976 et
640 2918 677 2975 ad
692 2917 837 2976 Christum
852 2916 977 2991 adducti,
990 2927 1022 2976 ut
1032 2918 1062 2974 iu
1078 2918 1225 2992 haechace,
1237 2917 1370 2990 Latrone,
1386 2926 1416 2975 et

208 2997 300 3056 Paulo
319 2999 435 3072 visum3
459 2997 518 3056 Sed
532 2999 618 3056 etiam
640 3019 677 3056 ex
693 2998 771 3056 Viris
779 3005 936 3064 tractatam,
963 2998 1013 3073 qui
1038 3017 1157 3055 arcanos
1180 3006 1208 3056 et
1233 2996 1416 3056 immediatos

207 3077 370 3137 habuerunt
384 3079 508 3156 Spiritus
520 3079 549 3138 S.
562 3077 682 3152 afflatus,
699 3078 799 3154 quales
814 3077 927 3135 fuerunt
938 3076 1091 3154 Propheta
1106 3085 1135 3136 et
1147 3077 1290 3154 Apostoli,
1307 3077 1414 3153 aliique

206 3156 271 3214 Vll'l
296 3157 397 3233 divini,
423 3158 473 3235 qul
498 3166 661 3232 φτςίμιτοιὺτδ
676 3164 890 3226 11τιῦμιτοεᾶγῖτυ,
905 3158 962 3214 acii
981 3177 1000 3214 a
1014 3158 1123 3233 Spiritu
1146 3159 1175 3215 S.
1191 3158 1275 3215 10011Ιί
1294 3167 1366 3231 sant,
1382 3167 1415 3215 ut

206 3237 247 3296 ait
262 3238 374 3311 Petrus,
401 3237 534 3295 secundae
549 3257 610 3314 cap.
632 3238 650 3295 i.
669 3242 717 3312 21,
733 3247 762 3296 et
776 3239 807 3294 in
824 3237 929 3313 quibus
946 3237 1069 3313 Spiritus
1093 3238 1216 3295 Sanctus
1230 3237 1412 3313 loquebatur,

206 3317 312 3392 quique
328 3317 415 3376 dabat
426 3317 497 3394 ipsis
511 3317 599 3393 loqui,
616 3317 721 3376 Matth.
737 3339 766 3375 x.
785 3320 829 3390 19,
847 3320 894 3375 20.
938 3317 1011 3374 Nam
1027 3318 1050 3375 si
1075 3317 1168 3394 gratia
1191 3317 1358 3375 immediata
1382 3316 1413 3374 in

206 3395 277 3472 ipsis
302 3397 371 3470 egit,
393 3397 495 3472 quidni
522 3405 551 3453 et
573 3397 679 3474 poterit
703 3416 788 3472 agere
809 3397 840 3452 in
857 3397 944 3470 aliis,
967 3397 1120 3456 cumidem
1137 3397 1260 3473 Spiritus
1275 3397 1325 3472 qui
1341 3397 1412 3454 Pro·

205 3474 310 3551 phetiae
325 3475 379 3533 luit
388 3476 491 3533 author
502 3475 531 3532 in
544 3476 623 3533 Viris
634 3476 698 3550 Dei,
711 3475 749 3534 sit
759 3476 845 3533 etiam
860 3477 963 3534 author
977 3476 1044 3534 fidei
1055 3477 1085 3534 in
1100 3477 1298 3536 Credentibus
1326 3475 1413 3535 Unde

206 3555 292 3611 etiam
316 3554 463 3629 colligitur
487 3555 573 3613 talem
595 3555 717 3630 gratiam
742 3575 800 3612 non
821 3575 981 3632 repugnare
1005 3557 1131 3615 libertati
1146 3566 1270 3628 nostrae3
1292 3544 1371 3613 llam
1387 3558 1412 3614 si

205 3633 299 3710 potuit
322 3638 432 3709 operari
456 3634 517 3690 sine
536 3635 596 3692 ulla
610 3634 768 3692 voluntatis
783 3643 812 3692 et
831 3635 973 3694 libertatis
988 3635 1158 3695 Sanctorum
1170 3637 1296 3705 laesione,
1308 3635 1412 3712 quidni

205 3713 312 3790 pariter
321 3733 407 3790 agere
414 3713 519 3790 poterit
529 3713 707 3787 infidelibus
715 3713 826 3772 illibata
838 3724 971 3774 manente
980 3716 1107 3792 ipsorum
1115 3725 1217 3775 natura
1226 3707 1414 3775 etliber'tate?

507 3793 593 3852 XLI.
618 3793 757 3870 Denique,
774 3815 810 3852 ne
833 3795 922 3872 plura,
945 3815 1009 3870 quae
1031 3797 1146 3872 congeri
1169 3797 1263 3854 adhuc
1283 3804 1411 3872 possent,

466 3873 618 3932 afferamus
643 3883 830 3950 argumenta3
862 3875 998 3932 Absurde
1021 3877 1109 3950 varia,
1138 3877 1244 3952 quibus
1269 3877 1414 3934 sententia

204 3973 291 4030 quam
305 3953 508 4031 impugnamus
528 3955 674 4031 premitur,
701 3955 765 4032 ejus
778 3953 932 4013 falsitatem
954 3955 1024 4013 satis
1047 3956 1254 4015 demonstrant.
1297 3955 1372 4013 Nam
1387 3955 1413 4014 si

204 4033 285 4092 nulla
298 4035 383 4092 datur
396 4035 453 4092 alia
469 4035 593 4112 Spiritus
608 4036 735 4112 operatio
745 4035 776 4092 in
787 4035 957 4110 Vocatione,
970 4054 1056 4110 quam
1070 4036 1196 4094 mediata
1206 4055 1257 4113 per
1271 4034 1412 4110 Verbum,

204 4121 234 4172 et
247 4135 299 4190 per
312 4115 450 4173 moralem
470 4116 642 4189 suasionem,
660 4115 754 4174 Causa
775 4115 955 4172 discretionis
976 4114 1051 4173 iuter
1065 4115 1195 4192 ejusdem
1211 4115 1301 4174 Verbi
1316 4114 1413 4174 Audi·

204 4202 289 4266 toros,
308 4214 430 4270 quorum
444 4195 493 4253 alii
509 4203 723 4266 convertuntur,
748 4195 797 4252 alii
821 4203 939 4252 manent
965 4194 1114 4268 increduli,
1143 4215 1201 4254 non
1230 4194 1368 4272 pendebit
1396 4215 1415 4254 a

205 4273 314 4348 Gratis,
331 4274 383 4332 sed
397 4275 433 4332 ab
447 4276 572 4350 homine,
595 4283 695 4334 contra
715 4274 846 4348 Paulum,
872 4277 886 4330 1
904 4274 968 4332 Cor.
984 4273 1023 4331 iv.
1040 4278 1067 4334 ’1.
1091 4277 1163 4333 Cum
1179 4275 1256 4333 enim
1271 4274 1412 4349 Verbum,

202 4372 255 4430 per
275 4353 354 4429 quod
367 4355 460 4430 gratia
480 4355 650 4432 supponitur
670 4363 783 4412 tantum
797 4353 916 4429 operari,
932 4354 1039 4430 pariter
1052 4355 1183 4430 utrisque
1207 4375 1283 4431 saepe
1307 4371 1413 4430 propo-

203 4441 295 4504 natur,
325 4433 425 4492 eodem
458 4443 594 4511 tempore,
621 4443 649 4492 et
679 4433 753 4508 loco,
794 4432 831 4490 ab
859 4433 959 4492 eodem
988 4452 1128 4509 praecone,
1158 4443 1186 4492 et
1214 4455 1280 4492 cum
1307 4433 1414 4492 iisdem

202 4512 361 4571 rationibus
386 4523 414 4572 et
439 4515 563 4590 motivis,
580 4513 654 4572 nihil
672 4513 719 4571 bic
742 4532 890 4571 occurrere
911 4522 1015 4590 potest,
1043 4513 1119 4590 quod
1135 4533 1193 4572 non
1218 4515 1256 4572 sit
1270 4512 1414 4574 ambobus

203 4609 362 4658 commuue,
378 4601 407 4651 et
429 4613 479 4669 per
496 4613 675 4669 consequens
699 4591 777 4669 quod
801 4592 955 4652 discrimen
970 4595 1055 4652 unius
1070 4595 1106 4652 ab
1129 4594 1186 4653 alio
1201 4593 1294 4652 facere
1308 4593 1412 4670 possit.

204 4667 266 4724 Neo
269 4671 281 4743 j
286 4672 407 4730 uvathio
415 4693 559 4731 recurrere
567 4673 603 4730 ad
620 4674 807 4731 diversitatem
816 4673 1090 4733 circumstantiarum
1102 4674 1231 4732 Verbum
1242 4671 1413 4752 praeceden-

219 3851 241 3899 7.
252 3855 293 3900 Ab
311 3855 430 3898 absurdis.
