3192 5206
174 351 233 410 326
583 367 673 408 nocue
689 365 818 405 narinus
833 365 964 406 ruamus.
1181 343 1304 426 [eumer.
1320 363 1383 404 xix.

178 520 210 570 ut
232 507 342 589 integros
362 505 436 566 sedit
450 514 561 565 tantum
581 517 647 584 post
663 507 826 584 passionem
847 515 877 566 et
887 508 1132 582 resurrectionem,
1149 507 1219 565 Luc.
1236 505 1318 562 xxiv.
1334 506 1382 561 26.

181 589 293 648 Habuit
316 585 434 664 quidem
453 585 503 662 jus
525 588 608 664 regni
623 587 660 646 ab
673 585 779 645 unione
798 586 988 663 hypostatica,
1004 587 1055 647 sed
1070 587 1211 645 actualem
1226 583 1383 662 possessio·

180 689 245 728 nem
258 687 315 725 non
330 665 455 725 obtinuit
468 666 524 724 nisi
537 676 603 742 post
618 665 835 740 Ascensi0nenr,
853 667 929 725 Psal.
945 687 991 726 cx.
1008 671 1034 741 l,
1051 666 1119 726 Act.
1134 666 1164 724 ii.
1177 670 1224 741 34,
1236 667 1283 738 35,
1295 666 1343 723 36.

221 747 317 805 XIII.
345 747 463 820 Tempus
477 746 611 804 δεειίοηιζς
625 745 803 823 apostoriori
816 746 929 804 nullum
943 746 1028 805 datur
1041 746 1205 821 limitatum,
1217 745 1286 820 quia
1298 742 1386 802 debet

181 849 244 888 esse
255 827 284 891 ln
294 832 321 886 τι
336 822 435 889 >remla
449 826 665 902 inperpetuum,
678 833 751 886 teste
763 825 951 902 Apostlleb.
962 845 991 884 x.
1005 831 1051 884 12.
1094 826 1156 883 Nec
1166 826 1284 884 obstant
1297 821 1387 880 verba

182 909 259 968 Psal.
275 927 321 966 ex.
348 910 374 980 l,
390 905 441 963 ubi
454 925 585 964 sessurus
598 905 704 964 dicitur
717 927 742 966 aa
757 929 787 964 rr
801 908 888 964 donee
898 917 1044 981 ponantur
1057 906 1162 964 inimici
1173 910 1231 981 ejes
1242 906 1271 962 in
1284 904 1388 962 scabel-

183 989 356 1064 lampadam
370 985 455 1061 ipsias
471 1007 478 1044 ι
494 984 568 1059 Quia
583 995 684 1045 notum
705 994 750 1045 est
770 985 940 1062 particulam
961 986 1046 1045 istam
1070 987 1111 1044 ita
1135 1004 1261 1044 asserere
1276 992 1386 1041 certum

182 1077 305 1145 tempus,
321 1065 356 1124 de
371 1084 428 1141 quo
443 1065 547 1141 agitur,
563 1073 592 1123 et
608 1065 644 1124 de
663 1085 721 1142 quo
735 1065 862 1124 dubitari
877 1073 981 1143 potest,
1007 1075 1039 1124 ut
1056 1085 1113 1123 non
1135 1075 1223 1142 neget
1236 1063 1385 1122 continua·

182 1149 289 1208 tionem
304 1147 334 1203 in
347 1145 493 1220 futurum;
520 1153 552 1202 ut
579 1145 726 1221 colligitur
739 1165 777 1204 ex
792 1144 866 1203 Gen.
881 1145 984 1203 xxviii.
1001 1149 1047 1220 15,
1064 1146 1169 1204 Metth.
1185 1143 1288 1202 xxviii.
1304 1146 1351 1217 20,
1370 1144 1385 1200 1

183 1228 256 1287 Tim.
280 1225 318 1284 iv.
337 1228 382 1282 13.
426 1223 472 1281 Ita
495 1224 542 1281 hic
566 1225 704 1283 asseritur
719 1225 878 1283 dominium
900 1225 1007 1283 Christi
1028 1226 1059 1282 in
1082 1224 1177 1283 medio
1197 1224 1385 1295 inimieorum,

184 1307 215 1368 id
240 1316 284 1366 est
307 1306 479 1381 intempore
493 1303 671 1364 difficillimo.
711 1304 770 1363 Sed
783 1323 842 1363 non
856 1313 978 1380 negatur
991 1305 1021 1363 in
1035 1305 1172 1378 futurum,
1185 1303 1253 1380 quia
1266 1320 1387 1378 reguum

184 1387 271 1446 dehet
285 1405 348 1444 esse
368 1392 528 1456 aeternum3
554 1385 675 1444 mutatio
698 1384 815 1461 quidem
836 1382 923 1442 debet
945 1404 1008 1444 esse
1022 1385 1053 1443 in
1067 1384 1154 1442 modo
1169 1381 1318 1460 regnandi,
1335 1379 1386 1440 sed

186 1487 245 1526 non
259 1466 289 1523 in
302 1484 392 1542 regno
403 1464 475 1540 ipso,
490 1473 523 1522 ut
533 1483 585 1522 suo
596 1463 660 1522 loeo
671 1464 826 1522 videbitur.

226 1545 317 1604 XIV.
360 1543 450 1601 Porro
466 1543 556 1602 sessio
569 1545 625 1602 ista
639 1544 747 1602 Christi
760 1543 798 1601 ad
811 1544 942 1602 dextram
965 1544 1060 1603 Patris
1073 1564 1131 1602 non
1144 1550 1226 1602 notat
1240 1542 1327 1600 situm
1340 1540 1389 1600 vel

186 1626 380 1686 ubieationem
405 1623 539 1699 Corporis
554 1623 669 1699 Christi,
693 1643 759 1682 curn
772 1623 810 1682 sit
833 1632 925 1682 status
948 1624 1083 1682 Personae
1102 1624 1217 1682 Christi.
1260 1621 1321 1680 Nec
1334 1621 1390 1680 hoc

186 1706 271 1767 nobis
285 1705 342 1763 nisi
354 1723 406 1780 per
420 1703 592 1762 calumniam
606 1712 702 1781 potest
715 1704 832 1780 affingi3
854 1703 938 1780 quasi
958 1703 1061 1762 dextra
1077 1704 1133 1762 Dei
1152 1703 1237 1762 nobis
1248 1703 1285 1760 sit
1298 1701 1388 1775 loeus,

187 1797 217 1846 et
231 1785 321 1844 sessio
343 1783 381 1841 ad
401 1784 464 1860 ejus
478 1782 610 1842 dextram
624 1783 696 1842 situs
710 1783 827 1859 quidam
848 1783 957 1842 localis.
1000 1782 1111 1842 Coelum
1132 1783 1257 1860 quidem,
1280 1781 1311 1839 in
1332 1799 1390 1857 quo

187 1866 293 1925 dieitur
313 1864 412 1922 sedere
427 1862 464 1921 ad
478 1862 610 1922 dextram
625 1863 689 1937 Dei,
704 1863 789 1922 nobis
803 1871 847 1922 est
860 1863 951 1939 loeus,
967 1864 996 1920 in
1007 1883 1065 1939 quo
1079 1872 1216 1939 tanquam
1239 1862 1270 1920 in
1283 1859 1390 1938 palatio

186 1947 275 2022 regio,
292 1952 321 2003 ct
337 1942 505 2003 Sanetuario
519 1963 577 2002 non
591 1943 755 2001 manufacto
769 1943 850 2002 sedet
865 1942 902 2002 ad
916 1943 1048 2002 dextram
1059 1943 1131 2019 Dei,
1148 1943 1207 2002 Sed
1224 1961 1309 2001 nemo
1323 1959 1389 1999 uos·

188 2036 264 2085 trum
279 2024 358 2098 dicit,
373 2024 512 2082 Dextram
528 2023 584 2081 Dei
598 2042 661 2080 esse
675 2023 780 2081 locum.

228 2105 301 2162 XV.
323 2104 415 2177 Quem
430 2121 499 2160 vero
515 2101 678 2179 Ubiquistae
702 2103 786 2160 nobis
806 2102 879 2160 salso
899 2103 1063 2180 impingunt
1083 2121 1216 2176 errorem,
1231 2103 1308 2160 hunc
1322 2099 1393 2177 ipsis

183 2185 289 2250 merito
303 2181 456 2241 tribuimus
466 2182 553 2257 juxta
567 2182 695 2258 ipsorum
708 2182 901 2259 hypothesim.
944 2183 1018 2257 Quia
1032 2203 1069 2242 ex
1086 2183 1219 2242 Sessione
1235 2181 1342 2240 Christi
1355 2178 1393 2238 ad

187 2264 319 2323 dextram
329 2261 394 2336 Dei,
407 2260 548 2337 colligunt
561 2261 751 2338 ubiquitatem
766 2262 901 2340 Corporis
915 2263 1030 2337 Christi,
1046 2283 1079 2321 eo
1090 2263 1168 2340 quod
1179 2261 1282 2320 dextra
1291 2261 1347 2318 Dei
1356 2259 1394 2320 sit

185 2343 302 2419 ubique.
347 2341 394 2398 Sic
409 2340 485 2398 enim
499 2359 557 2398 non
571 2350 692 2417 possunt
705 2343 908 2418 argumentari,
929 2343 999 2418 quin
1013 2351 1176 2419 supponant
1188 2351 1218 2400 et
1232 2340 1394 2416 concipiant

186 2423 319 2482 dextram
329 2419 385 2476 Dei
395 2438 446 2495 per
456 2419 573 2478 modum
583 2419 641 2478 loci
651 2421 810 2496 cujusdam,
818 2429 847 2480 et
856 2423 1011 2481 sessionem
1022 2421 1273 2498 permodumsitus
1283 2419 1393 2480 locella.

228 2500 319 2558 XVI.
342 2497 391 2558 Ad
406 2508 615 2575 argumentum,
638 2499 717 2576 quod
744 2501 852 2578 petitur
878 2521 916 2559 ex
933 2503 1067 2561 Sessione
1088 2502 1196 2561 Christi
1209 2501 1247 2559 ad
1261 2501 1393 2558 dextram

189 2581 245 2640 Dei
269 2599 321 2656 pro
335 2577 505 2654 ubiquitate,
520 2587 623 2654 praeter
636 2599 671 2638 ea
684 2599 749 2656 quse
769 2581 831 2657 jam
856 2581 1014 2640 dictasunt
1029 2602 1122 2659 supra,
1138 2582 1173 2655 Q.
1188 2583 1215 2655 8,
1231 2580 1285 2638 Th.
1301 2582 1349 2654 29,
1364 2587 1395 2640 ot

188 2670 221 2720 ut
231 2660 304 2718 nihil
319 2658 448 2716 dicamus
462 2658 498 2717 de
512 2657 604 2717 forma
625 2659 796 2737 syllogismi,
812 2681 876 2737 qua
895 2670 992 2738 aperta
1007 2671 1051 2720 est
1066 2662 1170 2720 vitiosa
1183 2669 1300 2736 propter
1323 2678 1393 2737 qua·

188 2750 254 2800 tuor
277 2737 424 2814 terminos,
443 2759 532 2816 quum
546 2759 583 2797 ex
603 2740 706 2798 dextra
720 2741 784 2816 Dei,
800 2760 865 2818 quse
880 2750 923 2800 est
934 2742 1049 2818 ubique,
1065 2739 1246 2799 concluditur
1259 2759 1325 2798 enm
1344 2739 1395 2814 qui

188 2821 271 2882 sedet
284 2819 322 2878 ad
335 2820 468 2878 dextram
493 2819 558 2893 Dei,
574 2819 678 2878 dehere
700 2839 764 2879 esse
786 2821 912 2897 ubique,
945 2840 1010 2879 eum
1034 2830 1130 2879 tamen
1154 2821 1240 2896 longe
1261 2817 1395 2877 differant

188 2901 292 2960 dextra
308 2900 371 2974 Dei,
387 2907 417 2957 et
431 2899 530 2958 sedere
545 2898 583 2957 ad
594 2899 727 2958 dextram
742 2901 806 2974 Dei,
822 2921 876 2958 nec
900 2901 998 2960 statim
1021 2900 1071 2976 qui
1094 2900 1176 2958 sedet
1199 2898 1237 2956 ad
1251 2898 1392 2956 Dextram

190 2979 254 3056 Dei,
274 2980 378 3038 debeat
392 2999 455 3038 esse
479 2979 653 3056 ubicumque
668 2990 712 3039 est
726 2979 777 3038 illa
794 2980 914 3055 dextra3
937 2980 1062 3038 maxime
1087 3000 1153 3038 cum
1168 2977 1256 3036 sessio
1270 2976 1321 3034 illa
1334 2995 1393 3034 non

190 3062 228 3120 sit
242 3061 315 3119 situs
329 3059 430 3118 localis
444 3059 616 3136 designatio,
632 3060 684 3119 sed
703 3061 816 3137 imperii
834 3068 863 3118 et
884 3060 984 3138 gloriae
999 3059 1123 3118 collatio.
1139 3121 1141 3126 ,
1166 3060 1282 3117 Certum
1296 3063 1349 3131 est,
1367 3059 1393 3116 1.

191 3141 249 3200 Hic
264 3138 402 3198 confundi
415 3149 517 3198 statam
532 3149 558 3197 et
571 3140 689 3211 officium
695 3159 835 3216 personia,
848 3160 914 3198 cum
924 3140 1100 3216 proprietate
1114 3148 1233 3212 naturae,
1249 3137 1317 3214 quia
1330 3136 1394 3195 ubi·

190 3221 286 3296 quitas
300 3228 345 3276 est
368 3219 528 3295 proprietas
548 3227 677 3294 naturae;
701 3228 730 3278 at
745 3221 835 3278 sessio
849 3220 887 3277 ad
908 3220 1040 3278 dextram
1061 3229 1105 3277 est
1120 3227 1212 3278 status
1226 3226 1255 3275 et
1270 3216 1395 3275 officium

189 3318 328 3376 personae.
351 3303 378 3356 2.
395 3297 539 3356 Confundi
552 3298 727 3357 locutionem
740 3299 894 3376 figuratam
908 3309 937 3358 et
945 3299 1169 3375 metaphoricam
1183 3317 1248 3356 eum
1262 3297 1394 3373 propria3

191 3379 266 3436 Nam
280 3381 307 3434 τι
329 3376 428 3434 sedere
442 3376 479 3433 ad
493 3377 625 3434 dextram
638 3378 761 3454 figurate
775 3379 898 3454 dicitur;
921 3388 951 3437 at
965 3398 1027 3437 esse
1042 3378 1148 3456 ubique
1162 3377 1275 3454 proprie
1289 3375 1395 3434 intelli·

191 3457 278 3534 gitur.
321 3459 348 3512 3.
365 3455 509 3512 Confundi
523 3456 644 3532 gloriam
659 3466 687 3515 et
712 3456 883 3534 dignitatem
898 3479 962 3517 curn
977 3457 1207 3535 omnipraesentia
1219 3471 1238 3531 ς’
1249 3455 1323 3514 Nam
1337 3474 1396 3514 non

191 3535 288 3594 statim
303 3533 382 3610 quod
396 3533 552 3609 gloriosum
568 3543 620 3610 est,
637 3536 723 3594 debet
744 3557 807 3596 esse
822 3539 1035 3616 omnipraesens,
1051 3538 1076 3595 si
1100 3535 1332 3613 omnipraesentia
1345 3555 1395 3594 ua·

190 3625 285 3674 turam
307 3614 371 3689 ejus
385 3615 528 3689 propriam
543 3615 673 3691 destruit,
689 3616 767 3693 quod
791 3618 838 3676 hic
861 3618 913 3692 fit3
947 3619 1057 3695 Corpus
1071 3617 1176 3694 quippe
1192 3615 1396 3692 omnipraesens

192 3704 326 3766 statuere,
350 3703 394 3750 est
409 3693 503 3751 dicore
518 3714 622 3770 corpus
643 3715 702 3754 non
724 3717 839 3773 eorpus.
860 3700 888 3755 4.
905 3697 1048 3756 Confundi
1073 3716 1187 3755 carnem
1203 3695 1310 3753 Christi
1330 3715 1396 3753 eum

191 3775 254 3851 ejus
268 3772 397 3849 imperi0,
413 3781 517 3831 uttam
532 3774 590 3832 late
611 3785 709 3852 pateat
729 3777 854 3834 essentia
874 3777 977 3851 earnis,
999 3796 1086 3853 quarn
1101 3776 1191 3854 ipsius
1213 3775 1348 3851 Regnum
1362 3793 1396 3832 ac

190 3854 350 3931 imperium,
367 3852 445 3929 quod
469 3853 499 3910 in
527 3851 591 3912 Deo
619 3855 736 3932 quidem
764 3877 865 3915 verum
892 3865 945 3933 est,
971 3858 1001 3914 in
1029 3875 1113 3915 earne
1127 3875 1197 3914 vero
1211 3854 1397 3933 quantumvis

191 3933 360 4011 glorificate,
385 3953 444 3990 non
458 3932 535 3992 item.
580 3933 641 3992 Nec
666 3955 737 4012 opus
758 3945 803 3996 est
823 3956 938 3996 oannem
952 3956 1015 3995 esse
1039 3945 1208 4013 praescntem
1232 3933 1397 4012 ubieunque

190 4024 300 4091 regnat,
316 4033 375 4072 non
395 4013 489 4090 magis
502 4033 589 4090 qnam
603 4035 654 4072 rex
677 4015 764 4074 debet
777 4035 895 4093 corpore
908 4036 1035 4092 praesens
1046 4036 1109 4076 esse
1123 4016 1154 4074 in
1168 4014 1302 4073 omnibus
1314 4013 1399 4092 regni

190 4094 364 4171 provinciis;
386 4093 512 4151 maxime
534 4114 600 4152 cum
621 4095 753 4154 Christus
776 4096 814 4154 sit
839 4096 947 4174 ubique
971 4115 1098 4174 praesens
1119 4094 1216 4172 quoad
1238 4093 1398 4154 Personam

190 4193 264 4250 resp.
287 4181 396 4232 naturas
410 4172 525 4231 divinae.

231 4252 339 4310 XVII.
363 4251 444 4310 Licet
465 4253 597 4312 Nominis
612 4273 698 4331 supra
718 4275 802 4314 omne
823 4275 927 4314 nomen
955 4256 1084 4331 acceptio
1104 4262 1214 4314 natrrrae
1242 4273 1339 4312 assum
1361 4261 1399 4313 tre

189 4332 276 4392 etiarn
303 4352 356 4390 suo
382 4331 468 4389 modo
497 4343 658 4410 competat;
696 4334 742 4392 Ita
762 4343 859 4393 tamen
886 4343 930 4392 est
956 4335 1153 4410 intelligenda,
1181 4342 1215 4393 ut
1239 4353 1328 4392 secun
1350 4353 1399 4391 um

193 4411 377 4488 Scriptumm,
394 4413 582 4487 proprietates
596 4423 761 4471 naturarum
779 4423 938 4472 serventur.
981 4415 1028 4473 Ita
1043 4415 1136 4472 Filius
1149 4424 1195 4473 est
1208 4413 1294 4472 etiam
1310 4411 1398 4489 glori·

189 4491 292 4552 ficatus
313 4489 471 4548 secundum
485 4511 608 4566 earnem,
625 4492 676 4551 sed
696 4512 754 4550 non
777 4501 811 4551 ιιι
834 4513 900 4551 earo
922 4503 1089 4570 exaequetur
1102 4493 1186 4572 hipp.
1225 4493 1287 4551 Nec
1301 4499 1398 4550 tamen

137 4623 139 4627 ,
189 4579 341 4647 propterea
363 4570 508 4630 Christum
529 4571 623 4648 magis
636 4571 795 4631 dividimus
819 4581 869 4632 aut
893 4573 965 4632 duas
988 4574 1033 4633 illi
1054 4575 1163 4652 glorIas
1187 4583 1216 4634 et
1239 4579 1398 4652 potestates

188 4650 350 4726 tribuimus,
366 4669 452 4726 quam
463 4669 551 4728 quum
560 4651 706 4712 hominem
716 4651 845 4713 dIeentes
855 4653 944 4714 fuisse
958 4654 996 4714 ad
1006 4655 1162 4733 imaginem
1172 4654 1228 4714 Dei
1239 4651 1396 4726 conditum,
