3192 5206
245 365 303 422 2¹12
668 375 760 416 rocus
774 375 905 416 necinus
919 375 1053 416 rennues.
1282 355 1412 436 [Qumsr.
1428 377 1458 420 v.

245 523 291 598 sit,
307 541 372 581 cum
388 518 519 579 Christus
540 537 603 577 eam
617 515 742 577 filiorum
756 517 851 596 gratia
865 517 1031 596 susceperit,
1047 537 1100 577 nec
1117 515 1203 576 aliam
1220 537 1307 595 quam
1322 519 1459 580 omnibus

245 619 426 664 communem
437 599 582 677 suscipere
596 599 730 676 potuerit.

243 723 259 768 4
283 721 440 772 Queamen
453 718 487 764 A·
547 679 621 737 VII.
644 679 772 754 Quart03
805 677 880 754 Quia
905 681 1032 738 “semen
1056 677 1184 737 Abrahae
1206 679 1372 757 assumpsit,
1399 699 1458 740 non

260 756 357 826 'umba
382 791 487 834 mump-
508 758 672 836 Angelos‚”
689 759 766 818 Heb.
781 759 811 817 ii.
833 761 881 835 ⁶26,
907 759 959 818 ubi
978 763 1005 818 sl
1027 759 1248 836 ὅπιλιμβέκσθιι
1268 761 1384 837 proprie
1406 780 1456 838 ap-

274 841 324 894 sits
505 839 682 918 prehendere
697 847 726 898 et
740 857 894 914 assumere,
911 859 962 899 seu
983 839 1127 917 suscipere
1146 839 1299 918 significat,
1324 849 1354 899 et
1377 851 1456 900 recte

244 926 282 985 ad
295 922 521 1002 assumptionem
531 929 642 979 uatnrae
653 919 690 977 ad
700 920 840 980 unitatem
852 920 987 978 Persona
1001 919 1130 996 refertur,
1142 929 1175 979 ut
1186 939 1288 979 sensus
1299 919 1336 978 sit
1346 919 1456 980 Filium

245 1007 301 1065 Dei
314 1024 373 1063 non
388 1002 570 1080 Angelicam,
586 999 638 1058 sed
648 1001 811 1076 humanam,
827 999 988 1077 etquidem
1002 1000 1160 1059 secundum
1174 999 1403 1078 promissionem,
1416 1021 1456 1061 ex

244 1086 372 1145 Abrahae
391 1082 558 1161 posteritate
578 1089 710 1139 naturam
731 1081 940 1158 assumpsisse;
962 1101 1049 1158 quem
1070 1081 1228 1158 genuinum
1250 1100 1367 1139 sensum
1390 1101 1455 1142 essa

244 1185 350 1244 scopus
363 1162 500 1240 Apostoli
519 1169 549 1220 et
571 1161 659 1220 series
674 1162 814 1219 sermonis
834 1161 980 1238 ostendit;
1002 1161 1050 1219 hie
1064 1161 1140 1220 enim
1161 1160 1286 1220 intendit
1299 1161 1455 1222 veritatem

244 1255 355 1305 natura
368 1245 503 1303 humanae
515 1241 622 1300 Christi
633 1249 662 1299 et
683 1243 811 1317 lpuoon'm
824 1241 975 1300 nobiscum
990 1241 1111 1320 probare
1131 1261 1183 1320 per
1202 1241 1453 1320 perticipationem

243 1327 337 1386 carnis
352 1333 381 1384 et
395 1319 552 1399 sanguinis,
568 1340 633 1398 quae
647 1323 809 1380 necessaria
822 1330 884 1381 erat
902 1321 1067 1381 omnimodo
1081 1321 1119 1380 ad
1141 1321 1401 1400 Redemptionem;
1424 1333 1455 1382 at

243 1407 320 1484 quia,
333 1424 392 1463 ver.
405 1405 450 1478 14,
465 1405 510 1476 15,
521 1401 635 1460 dlxerat
645 1401 832 1479 participasse
847 1421 913 1460 eum
925 1402 1003 1460 carni
1015 1409 1043 1460 et
1055 1402 1189 1480 sanguini
1199 1410 1232 1461 ut
1242 1422 1296 1461 nos
1306 1402 1452 1478 liberaret,

239 1489 302 1566 jam
316 1486 401 1547 docet
421 1481 574 1562 quomodo,
590 1489 619 1540 et
639 1482 716 1540 unde
734 1501 849 1540 carnem
874 1481 953 1540 illam
974 1483 1198 1560 participaverit,
1212 1483 1349 1541 nimirum
1370 1503 1453 1542 asan-

242 1567 347 1626 mendo
362 1584 460 1624 semen
481 1562 617 1638 Abraha,
633 1561 672 1619 id.
687 1581 746 1621 non
758 1570 891 1621 naturam
905 1563 1060 1620 humanam
1074 1561 1104 1621 in
1115 1582 1229 1640 genere,
1242 1562 1294 1622 sed
1307 1562 1338 1620 in
1353 1561 1453 1642 singu·

241 1648 295 1706 lari
309 1655 441 1706 naturam
452 1665 490 1703 ex
504 1642 672 1701 Abrahamo
683 1642 851 1718 derivatam,
861 1644 948 1721 juxte
961 1642 1179 1720 promissionem
1193 1642 1236 1701 illi
1251 1641 1365 1702 factam.
1391 1643 1455 1703 Nec

241 1729 310 1787 huic
323 1723 551 1804 interpretationi
566 1723 690 1799 obstant,
706 1742 802 1800 quaa
823 1723 928 1782 Sooino
942 1732 972 1781 et
992 1723 1056 1782 aliis
1075 1723 1113 1782 ad
1126 1723 1185 1782 vim
1201 1724 1264 1801 ejus
1278 1722 1454 1782 eludendam

242 1808 408 1882 afferuntur,
434 1809 460 1864 1.
476 1807 495 1839 “
505 1803 584 1881 quod
598 1802 702 1880 Apost.
718 1825 777 1862 non
785 1803 861 1862 dixit
870 1803 1205 1897 tmndsnoinprseterito,
1219 1803 1270 1862 sed
1281 1803 1453 1880 ἰπιλιμβιέη-

242 1915 286 1947 w
301 1889 330 1946 in
351 1885 494 1966 presenti,
517 1904 583 1943 cum
604 1884 809 1962 assumptionis
820 1892 929 1944 natura
946 1884 1021 1942 actio
1036 1893 1074 1942 sit
1087 1892 1295 1960 momentanea,
1310 1903 1370 1942 non
1383 1905 1452 1944 con·

243 1969 363 2043 tinua;’'
396 1967 471 2041 Quia
498 1984 564 2023 eum
588 1964 657 2023 unio
678 1964 863 2041 hypostatica
884 1973 1022 2041 perpetuo
1043 1964 1128 2024 duret
1148 1972 1177 2023 et
1197 1973 1393 2040 conservetur,
1423 1974 1454 2024 et

243 2048 424 2108 conservatio
448 2046 486 2104 sit
513 2045 650 2103 continua
674 2045 806 2121 quadam
830 2045 872 2102 rei
896 2044 1055 2122 productio,
1081 2065 1140 2103 non
1164 2044 1239 2103 male
1263 2044 1294 2102 in
1317 2045 1454 2123 prasenti

242 2129 379 2206 loquitur.
422 2124 509 2184 Adde
520 2122 598 2201 quod
612 2123 744 2201 enallage
758 2125 908 2202 praesentis
921 2144 973 2202 pro
987 2124 1132 2202 praeterito
1143 2125 1307 2202 frequenter
1317 2127 1452 2200 occurrit,

242 2209 368 2267 maxime
383 2206 412 2263 in
434 2203 646 2262 narrationibus
667 2223 761 2263 rerum
777 2213 932 2282 gestarum,
947 2213 980 2264 ut
993 2225 1040 2264 res
1053 2224 1112 2263 non
1125 2213 1184 2265 tam
1199 2213 1272 2280 acta,
1287 2224 1375 2282 quam
1389 2207 1454 2283 geri

242 2287 384 2346 videatur.
427 2289 456 2343 2.
479 2286 497 2317 “
510 2283 593 2341 Idem
617 2284 752 2360 probaret
772 2305 823 2362 per
846 2285 932 2361 idem,
949 2285 1023 2344 Nam
1044 2285 1106 2344 fieri
1126 2286 1210 2344 nobis
1225 2285 1357 2362 similem,
1373 2285 1454 2363 quod

243 2367 381 2443 sequitur,
397 2365 473 2422 idem
488 2363 624 2438 estquod
645 2383 790 2424 assumere
804 2374 936 2424 naturam
951 2373 1098 2426 nostram:
1122 2365 1179 2424 Sed
1193 2366 1283 2424 verba
1291 2366 1451 2443 sequentia,

247 2449 328 2507 Unde
339 2445 438 2520 detuit,
454 2463 513 2502 non
527 2451 586 2502 tam
601 2442 759 2502 illationem
774 2445 923 2504 continent
936 2446 973 2503 ab
987 2465 1022 2504 eo
1036 2446 1114 2524 quod
1128 2446 1175 2504 hio
1195 2447 1341 2521 asseritur,
1363 2465 1452 2524 quam

243 2526 461 2586 affirmationem
475 2523 655 2583 necessitatis
669 2523 747 2583 illius
762 2524 811 2600 rei,
828 2545 893 2602 qua
907 2524 948 2583 ibi
962 2527 1107 2602 asseritur,
1123 2526 1159 2585 ob
1174 2525 1204 2584 id
1218 2526 1297 2604 quod
1311 2527 1451 2605 sequitur,

244 2617 276 2666 ut
287 2607 323 2665 sit
337 2607 477 2680 Pontifex,
493 2601 547 2662 &a
580 2606 608 2662 3.
625 2605 643 2638 “
656 2603 760 2663 Samen
770 2604 897 2663 Abrahae
908 2615 953 2664 est
967 2606 1119 2666 collectiva
1132 2605 1249 2674 locutio,
1264 2627 1330 2685 quse
1344 2607 1453 2666 multos

244 2688 363 2750 denotat
387 2685 521 2745 nimirum
546 2683 704 2760 credentes,
722 2685 805 2743 Rom.
835 2685 873 2744 iv.
892 2688 937 2760 16,
961 2685 1027 2745 Gal.
1042 2687 1083 2746 iii.
1105 2687 1171 2746 29.”
1216 2687 1274 2746 Sed
1295 2706 1393 2746 semen
1413 2688 1453 2748 da

243 2789 301 2828 uno
316 2765 533 2826 individualiter
545 2764 632 2823 etiam
654 2765 768 2842 dicitur,
782 2774 816 2825 ut
840 2786 896 2825 non
919 2766 1016 2842 semel,
1032 2775 1061 2825 et
1081 2767 1128 2827 hic
1149 2767 1332 2845 peculiariter
1344 2767 1452 2827 intelli·

244 2849 371 2927 gendum
386 2867 449 2907 esse
463 2846 549 2905 docet
563 2845 680 2922 Paulus,
697 2847 763 2905 Gal.
778 2847 819 2904 iii.
838 2849 884 2906 16.

286 2930 376 2990 VIII.
400 2934 436 2987 'rt
450 2926 666 3004 ιπιλιμβίηνθιι
685 2946 744 2984 non
758 2935 853 3005 potest
866 2927 914 2985 hie
928 2926 965 2985 ad
979 2927 1120 2986 auxilium
1134 2937 1164 2988 et
1176 2927 1368 3007 patrocinium
1382 2928 1451 2989 sim·

245 3011 314 3088 plex
335 3009 443 3086 referri,
466 3009 534 3086 quia
554 3007 676 3067 verbum
697 3008 752 3066 hoc
773 3009 905 3085 nuspiam
926 3005 981 3066 hoo
1003 3027 1090 3066 sensu
1111 3009 1243 3068 occurrit.
1286 3009 1348 3067 Neo
1368 3009 1451 3068 locus

244 3091 329 3149 Rom.
344 3111 394 3148 xv.
420 3095 448 3165 I,
470 3090 527 3147 huc
549 3088 692 3166 pertinere
719 3095 831 3166 potest3
855 3088 930 3163 Quia
943 3087 1022 3146 aliud
1045 3097 1089 3148 est
1110 3091 1312 3170 ηοσλιμβᾶιω
1326 3087 1450 3164 deliine,

244 3171 323 3230 uliud
346 3170 525 3240 termnum,
539 3167 647 3249 owigpa,
670 3167 730 3226 illio
752 3167 883 3228 Christus
903 3167 1009 3226 dicitur
1028 3187 1174 3228 assumere
1195 3171 1225 3228 in
1245 3170 1376 3248 gloriam,
1399 3189 1452 3230 seu

243 3251 398 3329 participes
419 3250 512 3309 faeere
530 3247 630 3325 gloria
644 3247 779 3323 coelestIs,
796 3248 842 3306 hio
856 3268 926 3307 vero
940 3246 1019 3325 quod
1030 3257 1158 3308 assumat
1172 3269 1279 3326 semen,
1295 3269 1347 3309 seu
1360 3249 1450 3328 parti-

244 3349 312 3406 ceps
333 3329 384 3388 fiat
404 3329 498 3387 carnis
519 3336 549 3386 et
570 3325 728 3404 sanguinis.
751 3331 780 3384 2.
818 3328 868 3386 Ab
888 3329 943 3387 hae
965 3327 1083 3402 ὶπιλιίψιι
1104 3329 1299 3390 excluduntur
1319 3329 1449 3407 Angeli3

245 3408 296 3467 sed
311 3429 328 3466 a
342 3428 410 3467 eura
421 3407 529 3467 Christi
543 3405 653 3483 Capitis
668 3406 698 3463 in
711 3425 829 3466 munere
844 3427 896 3466 suo
911 3409 1040 3486 exaltati,
1056 3430 1113 3468 non
1125 3410 1320 3470 excluduntur
1330 3410 1450 3489 Angeli,

244 3488 295 3565 qui
310 3489 449 3547 Ecclesia
471 3485 674 3562 triumphantis
695 3487 824 3545 membra
845 3496 920 3563 sunt,
944 3489 1020 3548 Heb.
1043 3491 1094 3550 xii.
1116 3495 1164 3549 2⁴2.
1207 3492 1235 3549 3.
1258 3489 1391 3550 Christus
1404 3511 1450 3550 se·

243 3588 310 3626 men
325 3567 481 3644 assumpsit
489 3566 519 3622 in
533 3563 625 3640 larris,
641 3573 674 3624 ut
688 3565 919 3627 antecedentium
933 3578 963 3629 et
977 3571 1213 3648 consequentium
1228 3570 1344 3630 collatio
1355 3569 1450 3647 docet,

244 3667 314 3725 ergo
328 3666 386 3705 non
400 3648 517 3706 demum
531 3644 662 3721 incaelis,
677 3653 709 3705 ut
723 3647 833 3706 vellent
846 3648 1027 3708 Adversarii.

242 3745 265 3792 ⁶·
279 3746 487 3852 bist-‘¹⁰⁸³‘
506 3725 771 3866 ...tullus
786 3728 972 3868 illabili
987 3729 1452 3871 ltltlhffieilllldbtt

243 3887 315 3945 Luo.
336 3885 377 3945 iii.
400 3887 484 3946 Rom.
499 3887 519 3946 i.
535 3887 562 3962 3,
575 3886 654 3964 quod
674 3887 746 3946 falso
767 3887 810 3946 illi
831 3889 1013 3965 tribueretur,
1029 3890 1054 3950 si
1068 3891 1184 3950 aliunde
1198 3855 1317 3969 quanin
1331 3891 1366 3951 B.
1382 3855 1450 3950 Vir:

242 3967 311 4045 gine
325 3968 420 4026 caruis
435 3968 625 4027 substantiam
641 3969 820 4046 sumpsisset.

241 4083 344 4190 tes
357 4092 482 4200 suits
503 4047 596 4188 falls
612 4047 719 4205 {tta
734 4049 922 4189 illidii
935 4049 1392 4210 tttl.¹jt.l¹¹tttttltt.t
1405 4057 1452 4190 tf

271 4207 482 4306 mvtytfflauttts
503 4209 619 4282 diruere,
635 4227 701 4266 cum
722 4218 872 4286 peccatum
892 4211 923 4268 in
944 4211 1045 4270 eadem
1065 4219 1177 4290 natura,
1193 4211 1224 4270 in
1244 4231 1303 4290 qua
1315 4211 1449 4272 commis-

270 4276 299 4306 ω
316 4277 323 4306 ¹
339 4292 344 4305 '
504 4307 567 4346 sum
582 4286 644 4360 fuit,
661 4288 772 4365 expiari
782 4288 923 4349 debuerit.
1248 4321 1250 4326 ·

256 4383 347 4432 Fontes
368 4387 468 4432 solutio-
545 4368 604 4426 XI.
627 4369 760 4428 Christus
781 4369 887 4429 dicitur
901 4371 1041 4430 Dominus
1062 4371 1178 4448 eC'oelo,
1202 4375 1217 4430 1
1242 4373 1306 4432 Cor.
1328 4393 1379 4430 xv.
1400 4375 1448 4448 ll,

328 4459 395 4490 num.
503 4467 561 4506 non
570 4447 681 4506 ratione
691 4450 818 4508 materia
828 4451 963 4528 corporis,
980 4451 1031 4510 sed
1046 4453 1156 4512 ratione
1176 4455 1200 4512 l.
1210 4473 1343 4530 persone
1356 4463 1448 4528 Ama,

241 4531 271 4581 et
281 4532 392 4582 naturae
407 4523 522 4602 divina,
539 4547 604 4605 qua
616 4547 647 4586 se
660 4528 691 4586 in
706 4549 790 4588 came
813 4531 1020 4607 manifestavit,
1043 4535 1071 4592 2.
1089 4534 1191 4593 Caene
1204 4533 1350 4608 efficientes,
1366 4531 1451 4591 nimi-

241 4621 305 4660 rum
316 4603 440 4678 Spiritu
454 4605 558 4684 Sancti,
582 4627 619 4665 ex
640 4627 698 4685 quo
718 4609 883 4670 humanitas
904 4621 1043 4689 concepta
1062 4621 1114 4687 est,
1137 4617 1165 4673 3.
1190 4613 1365 4674 Conditionis
1387 4613 1452 4671 siloa

243 4679 350 4740 Christi
371 4682 402 4740 in
422 4684 515 4760 terris,
531 4705 596 4764 qua
610 4705 669 4747 nou
683 4695 796 4749 terrena
809 4699 839 4750 et
851 4690 1006 4768 mundana,
1022 4692 1074 4752 sed
1088 4693 1188 4753 divina
1201 4700 1232 4753 st
1244 4693 1372 4752 coelestis
1385 4691 1450 4768 luit,
