3152 5198
296 341 353 398 626
688 364 776 404 torus
799 365 928 403 rnnrnrs
950 365 1101 404 serrrnrs.
1306 358 1414 423 [Quasi.
1431 359 1456 397 u.

297 500 353 558 cati
367 501 512 578 reliquias.
557 503 615 564 Sed
628 504 702 564 illud
716 514 793 564 recte
807 504 843 563 de
857 505 915 564 illis
929 505 1118 583 praedicatur,
1132 503 1205 579 quia
1218 504 1287 562 licet
1297 499 1406 560 nondum
1418 517 1459 574 per·

295 579 368 638 fecte
384 581 442 639 siut
455 583 585 659 regeniti,
601 603 669 643 vere
681 594 777 644 tamen
788 594 817 644 et
828 605 886 644 non
899 585 1076 664 hypocritiee
1091 593 1158 642 sunt
1173 581 1313 642 renovati.
1334 579 1404 655 Quod
1416 577 1461 666 dep

296 659 472 736 distinguere
493 665 597 722 nolunt
619 665 771 738 Pontifieii,
792 685 942 743 perperam
956 665 1040 724 nobis
1054 663 1204 742 objiciunt,
1221 683 1275 721 nos
1289 679 1384 738 negem
1396 656 1461 714 fitet-

297 760 344 798 nm
360 761 445 818 opera
460 763 523 802 esse
534 764 602 802 vere
616 745 700 820 bona,
713 745 781 822 quia
791 765 825 802 ea
838 745 1006 822 imperfecta
1018 764 1081 804 esse
1095 743 1304 821 pertendimus,
1319 743 1383 799 Cum
1394 747 1462 794 tunes
1514 769 1515 826 ,

295 821 403 880 veritas
418 833 446 882 et
460 823 597 900 perfectio
611 844 728 901 operum
743 824 948 883 diversissimae
963 825 1029 899 sint,
1052 825 1091 882 Et
1104 822 1154 882 illa
1169 825 1264 900 possit
1278 820 1338 879 dari
1358 819 1407 877 sine
1419 816 1463 902 ista

597 903 638 961 X.
661 904 755 980 Opera
774 905 920 964 Fidelinm
944 925 1008 964 esse
1023 925 1090 963 vere
1111 904 1189 961 bona
1203 902 1357 980 probatur:
1377 895 1462 984 1.th

555 1003 613 1040 non
628 985 700 1043 fiunt
721 986 815 1044 solum
830 1005 894 1044 cum
909 985 1037 1062 generali
1062 1004 1205 1043 concursu
1229 983 1294 1055 Dei,
1318 979 1365 1038 sed
1378 971 1463 1064 spepdt

556 1063 681 1123 motione
696 1073 725 1124 et
739 1065 864 1143 impulsu
878 1066 1002 1142 Spiritus
1015 1065 1121 1138 Sancti,
1137 1065 1189 1140 qui
1203 1061 1316 1121 habitat
1329 1053 1464 1116 inconibus

295 1141 441 1216 fidelium
465 1161 570 1218 eosque
585 1144 623 1202 ad
646 1147 723 1204 bona
742 1167 829 1223 opera
850 1145 967 1204 excitat.
1011 1145 1097 1204 Unde
1112 1144 1163 1218 illi,
1179 1151 1215 1202 ut
1238 1139 1374 1219 primaria
1397 1149 1463 1190 eeus‘t

295 1239 380 1294 opera
405 1220 461 1280 ista
483 1222 577 1281 solent
600 1225 697 1299 tribui,
724 1227 808 1284 Erec.
825 1226 928 1284 xxxvi.
944 1229 991 1300 27,
1019 1223 1084 1283 Gal.
1102 1244 1128 1282 v.
1149 1228 1199 1298 22,
1224 1223 1311 1280 Rom.
1326 1214 1463 1302 rihhilt

296 1299 404 1357 Phili.
421 1303 448 1375 6,
471 1310 500 1359 et
521 1302 550 1362 ii.
575 1308 621 1364 13.
665 1306 725 1364 Nee
752 1306 825 1364 fiunt
847 1315 956 1364 tantum
981 1305 1125 1363 excitante
1150 1312 1180 1362 et
1202 1299 1365 1380 impellente
1385 1295 1463 1368 Spiritu

296 1379 410 1456 Sancto,
428 1383 479 1440 sed
503 1384 589 1442 etiam
612 1386 804 1445 mediantibus
818 1387 918 1462 gratim
939 1384 1041 1444 infusae
1055 1383 1256 1461 qualitatibus,
1279 1399 1342 1457 qua
1364 1380 1464 1449 superant
1514 1423 1515 1428 ,

293 1467 403 1519 naturae
428 1463 566 1523 ordinem.
610 1467 696 1526 Unde
726 1466 834 1525 Paulus
861 1466 962 1543 gratiae
990 1465 1047 1522 Dei
1071 1464 1167 1523 omnia
1196 1482 1252 1522 sua
1272 1477 1356 1537 opera
1380 1459 1465 1540 accepts

292 1541 388 1618 refert,
406 1546 420 1601 1
435 1544 498 1602 Cor.
514 1563 564 1602 xv.
581 1549 627 1622 10,
640 1555 668 1606 et
683 1547 754 1604 nihil
769 1547 830 1604 sine
846 1566 876 1604 se
891 1546 1084 1604 Christusnos
1098 1563 1183 1622 posse
1198 1541 1311 1612 asserit,
1323 1535 1385 1596 Job.
1398 1549 1435 1587 xv·
1446 1543 1463 1581 ὓ·
1516 1597 1517 1618 ,

294 1622 378 1696 Quod
393 1634 488 1682 autem
508 1643 525 1682 a
541 1625 649 1703 Spiritu
664 1636 693 1685 et
707 1626 800 1704 gratia
815 1624 921 1684 Christi
936 1625 1111 1702 producitur,
1127 1642 1196 1682 vere
1212 1623 1321 1680 bonum
1334 1633 1386 1673 non
1399 1617 1464 1686 potest
1515 1691 1516 1694 Ἴ

293 1721 351 1760 non
365 1723 437 1762 esse.
480 1705 541 1763 Nec
556 1707 651 1766 obstat
665 1707 747 1783 Caro,
770 1727 835 1783 quae
854 1707 883 1763 in
898 1705 982 1763 nobis
1001 1704 1095 1763 adhuc
1119 1711 1219 1762 manet
1234 1724 1242 1778 ;
1266 1699 1338 1774 Quia
1351 1695 1404 1772 ejfll
1416 1704 1463 1776 lli·

294 1783 387 1840 sentia
400 1783 604 1860 perfectionem
626 1786 741 1864 quidem
765 1785 999 1845 sanctificationis
1024 1785 1124 1844 tollere
1146 1791 1254 1860 potest,
1280 1776 1400 1837 sednon
1421 1780 1464 1841 01⁰⁵

293 1863 454 1922 veritatem.

335 1941 394 2001 XI.
417 1948 445 2002 2.
461 1944 535 2018 Quia
550 1967 635 2024 opera
650 1946 705 2006 ista
721 1946 782 2004 Deo
797 1946 929 2023 placent:
953 1945 1032 2022 Ergo
1046 1962 1114 2002 vere
1128 1943 1207 2002 bona
1222 1949 1308 2014 sunt;
1331 1933 1394 1993 Nam
1410 1917 1464 2011 illd

292 2023 406 2098 proprie
425 2032 454 2082 et
469 2045 519 2101 per
544 2047 574 2085 sc
598 2035 745 2104 peecatum
770 2035 823 2101 est,
850 2026 913 2084 Deo
935 2025 1048 2102 plaeere
1069 2023 1177 2100 nequit.
1223 2021 1303 2080 Loca
1316 2021 1377 2074 sunt
1389 2005 1463 2100 'ahs-ra
1515 2041 1516 2070 t

296 2105 310 2159 1
328 2103 390 2161 Pet.
406 2103 435 2162 ii.
451 2107 478 2178 5,
496 2105 572 2165 Heb.
588 2107 627 2165 xi.
643 2111 671 2181 4,
685 2111 711 2181 5,
725 2109 752 2181 6,
765 2116 794 2165 et
805 2106 856 2165 xii.
867 2108 915 2181 28,
929 2107 1013 2163 Rom.
1024 2104 1074 2161 xii.
1089 2106 1114 2178 1,
1130 2111 1159 2161 et
1169 2102 1233 2161 xiv.
1248 2103 1295 2176 18,
1311 2082 1463 2184 Pnups-183

293 2183 399 2241 Fateor
424 2185 544 2260 primam
566 2185 771 2265 acceptationis
796 2206 920 2262 oausam,
936 2205 999 2245 esse
1021 2183 1167 2242 Christum
1178 2183 1210 2240 in
1225 2201 1284 2260 quo
1311 2181 1381 2265 gret}
1392 2178 1464 2224 Slfflu’

294 2263 364 2334 Deo,
382 2263 457 2338 liph.
473 2265 491 2322 i.
508 2269 535 2340 6,
551 2267 619 2342 quia
635 2267 762 2325 Persona
779 2267 859 2343 prius
873 2273 917 2324 est
941 2273 1024 2342 grata
1039 2264 1110 2338 Dee,
1126 2271 1156 2320 et
1178 2262 1224 2320 illi
1248 2252 1417 2319 reconciliate
1430 2254 1465 2316 per
1515 2289 1516 2312 l

293 2341 482 2399 llcdiatorem
495 2366 501 2416 ;
514 2363 572 2420 quo
586 2365 672 2405 sensu
688 2347 769 2405 Deus
783 2346 889 2404 dicitur
902 2348 981 2422 prius
992 2344 1152 2420 respexisse
1167 2341 1206 2401 ad
1218 2313 1463 2425 Abelen13qp⁸¹³¹fid
1515 2399 1516 2410 ,

292 2419 461 2478 sacrificinm
474 2423 545 2498 ejus,
563 2424 637 2481 Gen.
653 2425 692 2482 iv.
707 2429 735 2482 4.
753 2425 811 2482 Sed
825 2427 880 2484 boc
895 2446 952 2484 non
967 2425 1070 2497 obstat,
1081 2421 1237 2500 quominus
1253 2421 1332 2478 Deus
1344 2411 1463 2470 llllsefflm
1515 2429 1517 2492 Τ

292 2500 450 2559 delectetur
464 2511 580 2580 propter
593 2523 691 2560 veram
706 2504 873 2578 bonitatem,
890 2523 954 2580 quse
969 2505 998 2561 in
1013 2502 1072 2562 illis
1093 2502 1226 2576 occurrit,
1243 2500 1396 2559 manantem
1407 2485 1462 2574 ΙΡιιῐε
1513 2533 1518 2555 a

291 2603 327 2642 ex
340 2583 556 2658 regeneratione
578 2583 680 2658 cordis,
696 2593 725 2642 et
736 2583 877 2660 Imaginis
893 2583 1008 2642 Divina
1028 2583 1246 2642 restauratione.
1289 2577 1359 2665 Num
1372 2565 1461 2626 uncu-
1516 2579 1517 2584 ¹

291 2683 347 2740 que
362 2662 464 2721 faciem
489 2684 570 2723 suam
592 2665 674 2724 Deus
697 2663 916 2741 contemplatur,
940 2663 1019 2721 illam
1048 2663 1150 2722 merito
1174 2669 1261 2737 amat,
1291 2665 1320 2715 et
1338 2671 1366 2710 111
1384 2646 1463 2702 1¹⁰¹¹⁰fe
1516 2669 1517 2682 l

291 2743 386 2818 habet,
403 2753 489 2821 atque
504 2744 569 2804 ideo
584 2765 642 2804 non
663 2745 724 2804 sine
739 2764 826 2803 causa
840 2743 945 2803 dieitur
959 2743 1003 2800 illi
1016 2743 1130 2821 placere
1144 2741 1276 2800 fidelium
1290 2736 1348 2795 vita
1361 2724 1393 2786 ad
1404 2732 1462 2779 ΜΨ

290 2823 402 2883 titetem
416 2833 445 2883 et
455 2825 599 2902 justitiam
613 2826 779 2902 composite.
1454 2878 1461 2925 ,

333 2905 409 2963 Xll.
432 2908 460 2964 3.
486 2905 561 2979 Quia
574 2905 633 2964 illis
647 2925 756 2964 merces
775 2905 967 2982 promittitur;
997 2903 1076 2981 quod
1089 2922 1148 2960 non
1162 2901 1243 2959 fieret
1270 2899 1295 2960 si
1315 2910 1368 2987 non
1390 2891 1464 3004 seseq

291 3003 359 3043 vere
373 2985 458 3044 bona.
501 2985 575 3044 Nam
596 2985 664 3044 licet
687 3005 774 3062 opera
795 2985 868 3042 nihil
889 2985 1015 3043 habeant
1035 2982 1065 3040 in
1088 3001 1118 3040 se
1143 2981 1222 3058 quod
1235 2995 1338 3039 meren
1350 2967 1428 3058 pulsat
1445 2971 1462 3061 θ,

291 3065 428 3143 consequi
443 3066 530 3124 talem
544 3066 714 3140 mercedem,
730 3085 794 3142 quae
819 3064 885 3124 ideo
899 3075 943 3123 est
956 3083 1033 3123 mere
1055 3061 1189 3138 gratuita,
1204 3068 1237 3120 ut
1250 3065 1350 3138 postea
1362 3047 1462 3169 dicetupd,

290 3143 399 3203 Tamen
421 3145 531 3205 babent
549 3145 695 3222 quandam
719 3145 928 3204 ordinationem
951 3153 980 3202 et
1001 3141 1191 3219 aptitudinem
1211 3148 1245 3199 ut
1270 3133 1421 3226 ordil'ltsstur
1445 3190 1449 3201 .

289 3227 447 3302 praemium,
464 3233 526 3284 tum
540 3245 578 3283 ex
601 3225 764 3284 conditione
787 3225 941 3302 operantis,
964 3223 1015 3300 qui
1030 3221 1201 3298 supponitur
1215 3219 1320 3292 fidelis,
1335 3210 1363 3271 ld
1384 3207 1425 3291 0⁵,h
1443 3207 1463 3246 ¹¹¹

290 3305 412 3380 gratiam
436 3314 465 3364 et
486 3305 640 3364 amicitiam
667 3305 723 3363 Dei
747 3305 899 3378 admissus,
932 3311 992 3363 turn
1018 3322 1056 3360 ex
1079 3300 1243 3358 conditione
1273 3307 1383 3376 operum
1406 3287 1461 3352 ¹2⁵⁰*

289 3401 361 3454 rum,
377 3403 442 3460 quae
463 3384 532 3444 licet
554 3405 612 3443 non
633 3385 760 3443 habeant
784 3384 1010 3461 condignitatem
1033 3379 1070 3438 ad
1093 3380 1252 3457 praemium,
1277 3365 1461 3458 habent·11³men

287 3460 456 3520 relationem
470 3462 676 3541 dispositionis,
693 3485 757 3542 quae
771 3465 925 3541 requiritur
935 3463 966 3521 in
980 3461 1108 3538 subjecto
1123 3459 1161 3518 ad
1183 3459 1246 3536 ejus
1266 3447 1455 3536 possesffl⁰¹¹⁰⁰³¹
1517 3455 1519 3566 Ι

288 3547 325 3612 et,
341 3558 398 3614 qua
409 3541 511 3616 posita,
527 3563 585 3600 non
595 3551 692 3619 potest
705 3564 763 3602 non
778 3544 840 3602 dari
854 3543 1011 3621 praemium,
1024 3550 1064 3614 ut,
1081 3539 1131 3598 illa
1141 3549 1255 3617 negata,
1268 3556 1326 3598 non
1336 3507 1461 3638 polfflfflbs'

287 3617 381 3678 tineri.
423 3619 498 3677 Nam
513 3630 545 3679 ut
569 3620 631 3678 sine
656 3625 807 3684 sanctitate
822 3643 906 3681 nemo
927 3621 1038 3680 videbit
1053 3621 1156 3696 Deum,
1172 3627 1202 3678 et
1225 3619 1358 3695 nisique
1370 3600 1453 3722 septi}

287 3697 325 3760 sit
339 3719 376 3760 ex
399 3719 474 3779 aqua
496 3708 525 3760 et
549 3699 665 3777 Spiritu,
691 3721 748 3758 non
763 3710 858 3776 potest
877 3701 990 3778 ingredi
1017 3701 1150 3776 Regnum
1165 3698 1311 3768 coelomm,
1326 3687 1429 3766 John?
1454 3705 1460 3734 ¹

289 3781 365 3842 Heb.
381 3782 431 3841 xii.
450 3783 495 3857 14,
514 3781 559 3840 lta
572 3780 667 3858 posita
681 3780 833 3839 sanctitate
847 3781 1010 3840 necessario
1023 3779 1140 3858 ponitur
1154 3778 1248 3856 gloria
1262 3798 1299 3838 ex
1313 3761 1460 3834 conuenere

287 3861 481 3939 inseparabili,
503 3883 567 3940 quae
589 3860 741 3922 intercedit
754 3859 829 3919 inter
842 3860 928 3936 ipsas.

329 3942 422 4002 XIII.
445 3943 605 4003 Veritatem
619 3942 759 4002 bonomm
781 3958 898 4017 operum
922 3937 1068 3998 Fidelium
1089 3959 1149 3998 non
1169 3937 1300 4010 destruit,
1323 3905 1458 4010 qu⁰d⁸ffif'

286 4041 398 4081 mamus
413 4025 509 4082 omnia
523 4043 609 4101 opera
623 4023 710 4083 etiam
735 4021 844 4102 optima
865 4019 896 4078 in
919 4020 974 4077 hac
997 4019 1058 4078 vita
1072 4038 1131 4077 non
1144 4038 1241 4078 carere
1255 4019 1384 4095 peecatoi
1404 3993 1459 4118 Qui,

284 4099 354 4161 licet
367 4101 541 4162 affirmemus
562 4103 658 4180 quoad
682 4106 803 4176 modum,
828 4119 976 4178 nunquam
990 4119 1024 4158 ea
1045 4097 1219 4176 perfectione
1233 4097 1304 4171 fieri,
1319 4083 1458 4185 qp⁸³2⁰⁵⁵¹¹

286 4182 426 4240 sustinere
448 4182 574 4258 rigidum
594 4181 698 4260 judieii
720 4182 812 4240 divini
835 4200 965 4253 examen,
989 4187 1105 4256 propter
1129 4177 1359 4237 sanenfieasoms
1377 4163 1449 4232 1ηῑΡθῐ

285 4259 456 4336 sectionem
482 4262 640 4321 Statuirnus
656 4271 751 4320 tamen
766 4261 861 4340 quoad
875 4281 934 4319 rem
958 4259 1035 4318 bona
1055 4277 1118 4316 esse
1133 4277 1228 4336 opera
1271 4257 1311 4315 Et
1330 4250 1353 4312 si
1364 4233 1456 4323 Ρθθωῑω

284 4340 428 4416 dicuntur,
442 4342 498 4399 boc
512 4341 732 4418 intelligendum
744 4362 795 4418 per
809 4341 942 4400 accidens
952 4338 1060 4397 ratione
1072 4337 1158 4422 modi,
1171 4357 1230 4396 non
1243 4357 1295 4414 per
1304 4355 1334 4395 se
1344 4335 1370 4389 et
1379 4319 1457 4380 natum

284 4439 345 4478 sua.
388 4419 435 4480 Ite
448 4428 546 4480 manet
560 4439 672 4498 semper
686 4421 839 4481 discrimen
853 4421 928 4496 inter
942 4417 1161 4494 irregeniterum
1170 4425 1201 4477 et
1215 4425 1370 4502 renatorum
1383 4403 1454 4493 ,pere

285 4497 341 4556 Illa
355 4499 431 4557 enim
456 4499 648 4560 essentialiter
667 4509 696 4560 et
711 4501 843 4579 specifice
866 4499 942 4558 mala
964 4507 1040 4572 stant,
1064 4497 1194 4575 adeoque
1209 4483 1405 4583 destitutaplht
1416 4481 1454 4594 Ψ,

283 4577 464 4635 cumstantiis
479 4587 507 4637 et
522 4578 743 4654 conditionibus,
768 4601 832 4657 quae
857 4579 1042 4657 requiruntur
1054 4578 1093 4636 ad
1116 4577 1271 4637 essentiam
1293 4577 1358 4635 bom
1376 4567 1454 4638 ⁰9⁸¹*

282 4669 345 4722 ‘11¹ae
367 4654 486 4728 proinde
511 4663 623 4715 tanturn
648 4657 725 4716 bona
747 4666 814 4717 sunt
838 4656 935 4734 quoad
957 4655 1081 4734 speeiem
1110 4665 1138 4716 et
1166 4657 1366 4734 apparentiam.
1401 4631 1453 4694 3²⁰

295 956 377 1014 Opera
415 959 535 1004 Fidelium

314 1023 375 1060 suut
386 1031 440 1062 rere
452 1020 520 1062 bona
