3192 5206
126 375 236 425 unser.
251 354 297 436 r.]
489 374 677 416 opsessores
691 375 729 416 nr
744 377 838 419 srsru
853 377 978 418 criu1srr.
1141 359 1146 370 '
1278 367 1336 424 271

17 511 18 516 ἵ
126 526 155 578 et
173 516 346 595 sanguinem
363 515 530 594 sumpsisse,
547 517 658 595 Colloq.
675 519 831 579 Francoth.
846 527 899 580 art.
915 520 955 580 iii.
971 527 1000 578 et
1023 518 1128 580 Embd.
1149 529 1202 582 art.
1225 523 1265 581 iv.
1301 523 1338 584 In

126 597 271 658 sententia
284 597 424 673 negativa
437 597 621 656 consentiunt
636 599 736 677 Belgae
750 609 780 658 et
799 599 946 676 Germani,
966 600 1045 678 quod
1059 599 1191 662 Christus
1209 622 1248 662 ex
1270 605 1337 664 sub·

124 679 234 740 stantia
257 677 359 735 Mariae
374 697 489 736 carnem
506 685 536 736 et
558 679 728 756 sauguinem
745 699 804 740 non
828 681 1034 758 assumpserit3
1057 683 1152 743 sedin
1168 683 1340 747 affirmativa

125 759 203 819 unde
224 757 415 834 assumpserit
435 757 618 818 dissentiunt.
662 760 801 820 Germani
821 761 852 820 id
863 782 893 820 se
907 763 1040 838 ignorare
1059 763 1194 824 fatentur.
1237 765 1339 843 Belga

124 860 196 898 vero
211 839 318 898 clarius
332 837 504 915 profitentur
524 859 639 898 carnem
655 840 762 900 Christi
776 861 840 900 esse
855 861 892 900 ex
909 843 1047 902 Sermone
1068 844 1145 920 vitoe,
1170 864 1208 903 ex
1230 846 1339 904 semine

126 919 231 996 Patris,
252 918 332 996 quod
346 937 443 978 semen
460 919 498 978 sit
509 918 639 978 Verbum
654 920 720 979 Dei.

433 999 494 1058 Ill.
516 999 583 1058 Non
604 1001 750 1077 quaeritur,
772 1001 822 1060 An
844 1001 976 1062 Christus
1001 1023 1117 1064 earnem
1140 1003 1283 1080 habuerit,
1309 1014 1340 1066 et

228 1111 234 1124 ·
270 1111 298 1158 ¹.
392 1077 479 1138 homo
504 1077 590 1138 fuerit
615 1089 644 1138 et
664 1081 723 1140 dici
746 1082 860 1160 possit?
883 1083 950 1159 Sed,
976 1083 1026 1142 An
1049 1085 1136 1144 homo
1161 1085 1264 1146 similis
1288 1106 1340 1164 per

393 1159 490 1218 omnia
511 1159 595 1218 nobis
614 1159 699 1220 fuerit
722 1171 844 1240 excepto
858 1166 1001 1240 peccato?
1026 1165 1073 1240 Et,
1096 1166 1147 1224 An
1172 1186 1286 1229 carnem
1300 1187 1340 1228 ex

129 1239 164 1298 B.
179 1237 313 1316 Virgine,
329 1244 359 1296 et
372 1259 431 1298 non
445 1239 562 1300 aliunde
576 1240 733 1302 habuerit?
754 1243 838 1317 Quod
856 1243 901 1301 illi
915 1252 1031 1321 negant,
1047 1266 1100 1309 nos
1114 1246 1298 1308 affimamus.

129 1358 256 1404 mm,
272 1369 372 1402 sueve-
434 1320 489 1379 lV.
514 1321 652 1380 Rationes
666 1332 753 1382 sunt:
770 1324 886 1398 Primo;
904 1324 978 1398 Quia
987 1326 1096 1402 passim
1110 1335 1231 1386 vocatur
1245 1329 1340 1388 Homo

157 1431 214 1462 rum
250 1415 373 1460 hominem
394 1409 421 1459 at
434 1401 525 1460 Filius
546 1401 672 1477 tanat,
687 1402 766 1479 quod
786 1404 927 1462 veredici
947 1425 1006 1464 uon
1026 1417 1132 1483 posset,
1159 1407 1184 1466 si
1208 1417 1340 1468 naturam

158 1475 229 1518 ”⁰¹4³
270 1474 374 1518 ⁵5¹¹²³¹⁰¹¹¹
394 1489 500 1540 uostrae
511 1480 643 1556 similem,
651 1482 689 1541 id
696 1503 733 1542 ex
744 1484 910 1545 hominibus
921 1483 1101 1563 desumptam
1112 1507 1170 1548 non
1182 1487 1340 1548 habuisset.

131 1589 150 1636 1.
158 1533 263 1640 pilii?
264 1547 379 1636 ‘imm
399 1561 461 1620 Nec
485 1561 511 1620 si
532 1559 649 1639 Angeli,
672 1563 722 1640 qui
746 1565 801 1623 sub
823 1565 915 1623 forma
935 1566 1061 1624 humana
1081 1567 1265 1644 apparebant,
1287 1568 1341 1626 ali·

158 1654 230 1720 nomo
245 1653 284 1719 ,et
313 1648 378 1694 filius
400 1641 515 1718 quando
529 1651 670 1702 vocentur
680 1644 890 1704 hominesmal
904 1641 984 1719 llius,
999 1647 1068 1722 quia
1081 1647 1154 1706 tales
1168 1647 1342 1706 videbantur

158 1707 280 1762 ¹¹⁰¹¹¹¹¹¹¹⁸³
398 1721 443 1796 iis,
469 1721 574 1799 quibus
602 1723 786 1800 apparebant,
813 1725 944 1802 sequitur
973 1725 1050 1784 idem
1075 1725 1111 1784 de
1140 1726 1255 1786 Christo
1282 1727 1342 1786 dici

130 1821 225 1878 posse,
248 1801 318 1879 quia
331 1801 464 1879 nuspiam
478 1801 584 1862 dicitur
597 1803 633 1862 de
652 1803 710 1862 illis
732 1804 811 1880 quod
825 1805 931 1864 luerint
950 1805 1019 1863 Filii
1033 1805 1166 1880 hominis,
1182 1806 1260 1882 quod
1274 1805 1343 1866 facti

130 1882 190 1940 sint
204 1902 280 1957 caro,
295 1881 375 1959 quod
394 1883 549 1960 participes
563 1882 669 1942 fuerint
683 1885 777 1943 camis
791 1893 820 1944 et
834 1884 993 1962 sauguinis.

129 1976 153 2021 2
184 1975 249 2027 Quin
291 1976 382 2020 dieitur
444 1963 482 2022 V.
506 1963 653 2038 Secundo,
670 1964 880 2038 Quiavocstur
895 1966 1026 2024 “Semen
1041 1964 1286 2040 mulieris,’'Gen.
1301 1966 1343 2026 iii.

161 2035 381 2138 sfffljffilnfissfil
405 2045 450 2116 15,
468 2046 486 2075 “
499 2043 603 2102 Semen
618 2044 776 2120 Abrahae,’'
793 2046 867 2104 Gen.
893 2046 944 2104 xii.
960 2049 987 2122 3,
1014 2053 1043 2106 ct
1065 2045 1137 2104 xxii.
1156 2047 1201 2120 18,
1220 2048 1237 2078 ‘⁴
1249 2047 1344 2109 Filius

161 2109 268 2198 tm„
285 2127 384 2206 „gg
406 2121 561 2198 sennar
577 2123 645 2184 Aet.
660 2125 700 2184 ru.
716 2127 763 2200 ιι,
784 2128 802 2158 “
814 2126 907 2185 Filius
924 2125 1047 2185 navius
1067 2134 1097 2185 et
1121 2127 1246 2186 Fructus
1269 2126 1344 2186 nm-

160 2213 209 2266 ω
405 2203 508 2262 borum
523 2205 615 2282 ejus,’'
632 2204 736 2266 Luni.
759 2209 807 2282 32,
824 2207 910 2266 Rom.
924 2207 944 2266 i.
960 2210 987 2282 3,
1010 2209 1027 2239 “
1041 2205 1146 2266 Sernen
1160 2206 1300 2284 Virginis,
1316 2216 1346 2268 et

132 2286 259 2345 Fructus
274 2285 412 2358 ventris,”
429 2284 501 2343 Luc.
516 2285 535 2342 i.
551 2287 598 2360 31,
614 2287 662 2362 42,
680 2289 697 2319 “
711 2287 820 2346 Factus
834 2307 871 2346 ex
891 2287 1042 2362 muliere,”
1058 2287 1125 2345 Gal.
1140 2287 1181 2345 iv.
1196 2289 1224 2345 4.
1267 2287 1345 2362 Quo·

132 2365 220 2424 rnodo
233 2386 304 2425 vero
318 2365 382 2424 istis
396 2364 561 2424 nominibus
574 2363 708 2442 insigniri
718 2375 824 2444 posset,
839 2367 944 2426 nisiex
956 2367 1018 2445 ipsa
1030 2367 1162 2426 Mulieris
1174 2375 1203 2428 et
1213 2367 1347 2446 Virginis

131 2445 304 2521 substantia,
320 2454 451 2506 naturam
465 2453 572 2504 nostrae
587 2445 709 2505 similem
724 2447 898 2508 habuisset?
924 2448 985 2508 Nec
1000 2447 1058 2507 dici
1071 2456 1174 2525 potest,
1193 2451 1219 2506 1.
1240 2450 1347 2508 Filium

131 2527 295 2585 Abrabomr'
315 2529 359 2586 vel
381 2525 505 2584 Doridis
526 2527 631 2600 vocari,
657 2527 726 2602 quia
749 2528 804 2586 illic
822 2528 980 2604 promissus
1004 2537 1051 2604 est,
1075 2528 1122 2588 Ita
1143 2529 1219 2588 enim
1240 2531 1348 2606 pariter

131 2615 234 2684 posset
247 2607 345 2666 vocari
359 2605 436 2664 lilius
455 2605 583 2664 omnium
598 2605 735 2682 fidelium,
751 2607 857 2684 quibus
871 2608 957 2668 etism
972 2609 1131 2686 promissus
1146 2617 1209 2685 est,
1231 2613 1260 2668 2.
1275 2612 1348 2668 Esse

131 2686 241 2745 Filium
260 2687 391 2762 Dauidie,
407 2706 438 2744 eo
452 2688 535 2746 modo
556 2705 611 2763 quo
632 2687 726 2745 Filius
739 2689 860 2764 Josephi
872 2690 975 2748 dicitur
984 2713 997 2763 ,·
1019 2689 1094 2763 Quia
1115 2689 1209 2748 Filius
1223 2689 1348 2767 Josephi

132 2767 283 2843 aequivoce
297 2775 410 2826 tautum
432 2774 552 2825 vocatur
566 2767 635 2842 quia
651 2767 785 2844 opinione
800 2768 921 2828 aliorum
935 2769 1003 2828 talis
1024 2768 1185 2843 videbatur,
1203 2771 1221 2802 “
1230 2769 1261 2834 ὥς
1272 2769 1348 2845 ἐνομί-

132 2846 220 2922 ζπο,”
235 2855 269 2906 ut
282 2847 324 2905 ait
338 2847 441 2920 Lucas,
465 2846 516 2904 sed
531 2846 625 2905 Filius
640 2847 764 2906 Davidis
787 2847 874 2907 debet
897 2849 955 2907 dici
978 2848 1092 2926 proprie
1116 2857 1146 2907 et
1168 2847 1300 2926 univoce,
1317 2857 1350 2909 ut

135 2927 188 3004 qui
204 2947 242 2986 ex
258 2927 393 2986 Patribus
407 2935 437 2985 et
451 2946 488 2985 ex
503 2927 611 2985 semine
627 2927 749 2986 Davidis
765 2928 923 2988 secundum
938 2949 1052 2988 carnem
1063 2937 1143 2988 ortus
1158 2926 1220 3003 fuit,
1234 2929 1318 2988 Rom.
1328 2929 1347 2987 i.

133 3011 162 3082 3,
180 3016 210 3068 et
224 3007 265 3066 ix.
281 3011 308 3066 5.
352 3010 380 3067 3.
401 3007 460 3066 Vel
473 3008 611 3066 Frentum
624 3008 699 3066 uteri
710 3009 816 3066 Murice
840 3009 904 3082 dior,
928 3009 996 3084 quio
1010 3009 1038 3066 ιἰι
1061 3027 1095 3066 sa
1116 3017 1262 3083 conceptis
1279 3009 1347 3083 ficit,

134 3107 192 3146 ιιοιι
213 3108 251 3146 ee
279 3107 335 3162 σα,
370 3087 445 3162 Quia
468 3106 527 3146 non
551 3087 704 3146 denotatur
727 3095 840 3146 tautum
862 3090 937 3146 locus
961 3087 1165 3165 conceptionis,
1189 3088 1348 3148 sedetiam

134 3169 266 3243 moria,
278 3176 311 3226 ut
320 3167 482 3246 explicatur
496 3167 581 3226 Rom.
593 3167 612 3224 i.
628 3169 655 3241 3,
672 3166 738 3226 Gal.
753 3167 793 3225 iv.
809 3170 836 3242 4,
850 3187 939 3244 quum
945 3171 1043 3243 sactus
1057 3187 1095 3234 ex
1107 3167 1348 3227 molimdicitur.

135 3247 198 3306 Neo
218 3248 244 3306 si
268 3246 399 3308 Christus
420 3246 474 3306 fuit
496 3247 639 3306 Dominus
660 3247 762 3306 Marisa
783 3247 942 3306 secundum
969 3247 1117 3325 Spiritum,
1139 3247 1270 3325 sequitur
1291 3268 1348 3306 non

135 3327 270 3406 potuisse
284 3347 347 3387 esse
362 3327 470 3386 Filium
485 3328 548 3404 ejus
563 3327 720 3386 secundum
736 3347 860 3388 carnem.
902 3331 931 3388 4.
953 3328 1010 3388 Vel
1024 3349 1116 3387 remea
1130 3328 1247 3404 intelligi
1264 3329 1348 3405 spiri·

136 3411 221 3482 tualc,
237 3429 294 3466 aon
307 3411 461 3480 naucratim
483 3407 558 3481 Quia
571 3407 629 3467 tsle
643 3427 742 3467 semen
762 3407 849 3468 debet
867 3408 1001 3486 intelligi,
1017 3409 1100 3487 cujus
1114 3409 1143 3466 vi
1159 3429 1197 3468 ex
1212 3409 1348 3470 Patribus

136 3487 206 3546 oriri
221 3487 322 3546 debuit
337 3487 495 3546 secundum
510 3507 633 3564 carnem,
650 3489 735 3548 Rom.
756 3489 797 3547 ix.
813 3491 841 3548 5.

132 3609 148 3656 3
173 3607 380 3657 &sancturus
440 3567 496 3626 VI.
519 3567 636 3644 Tertio;
660 3567 734 3641 Quia
757 3569 901 3646 particeps
916 3567 1009 3629 factus
1031 3578 1076 3629 est
1096 3569 1197 3629 Carnis
1221 3579 1251 3630 et
1276 3571 1347 3630 San-

151 3639 221 3711 'enro
249 3669 275 3711 οι
303 3667 382 3710 frater
402 3647 508 3724 guinis,
524 3657 604 3706 etex
620 3667 654 3708 eo
669 3648 755 3708 frater
768 3657 867 3708 noster
880 3658 1009 3725 vocatur,
1025 3635 1103 3709 llcb.
1119 3651 1148 3710 ii.
1173 3652 1218 3726 10,
1237 3653 1283 3725 14,
1301 3655 1347 3711 16.

163 3729 260 3778 ¹¹⁰⁶er
400 3728 461 3787 Neo
467 3747 533 3786 caro
541 3735 569 3786 et
576 3729 694 3806 sanguis
701 3729 869 3806 simpliciter
874 3749 924 3806 pro
932 3729 1096 3789 infirmitate
1101 3739 1198 3810 potest
1204 3731 1286 3806 sumi,
1297 3731 1349 3790 sed

134 3810 268 3872 innuitur
278 3808 440 3882 necessario
455 3807 563 3868 veritas
577 3817 687 3868 natmae
701 3810 843 3884 humanae,
858 3811 927 3887 quia
940 3810 1037 3888 egitur
1050 3810 1086 3869 de
1100 3811 1225 3884 homine,
1241 3811 1276 3868 de
1291 3831 1348 3886 quo

135 3891 214 3954 Pol.
229 3897 360 3964 octavus,
376 3888 412 3948 de
427 3908 461 3948 co
475 3886 526 3964 qui
546 3897 664 3964 gustare
685 3889 786 3948 debuit
807 3899 928 3948 mortem
951 3910 1003 3967 pro
1021 3890 1162 3964 omnibus,
1187 3889 1237 3966 qni
1261 3889 1349 3948 freter

133 3981 241 4045 noster,
262 3978 292 4028 et
313 3969 415 4027 similis
435 3968 465 4026 in
480 3967 613 4026 omnihus
630 3987 694 4026 esse
713 3968 821 4045 debuit,
844 3990 904 4030 ver.
922 3973 968 4045 17,
984 3970 1077 4044 deco,
1093 3969 1195 4046 quiex
1208 3987 1267 4028 uno
1281 3988 1346 4026 san-

134 4053 224 4131 guiue
233 4049 478 4124 essetnobiscum,
493 4048 647 4125 “namqui
659 4048 818 4108 sanctificat
828 4051 918 4126 etqui
928 4049 1151 4122 sanctificantur,
1164 4066 1200 4105 ex
1211 4067 1269 4106 uno
1281 4057 1349 4108 sunt

133 4131 266 4205 omnes,”
278 4149 339 4188 ver.
353 4132 400 4204 11,
415 4128 550 4187 nimirum
562 4147 599 4186 ex
611 4128 711 4188 eadem
723 4148 818 4188 masse
832 4150 883 4189 seu
893 4137 997 4190 natura
1005 4129 1138 4203 humana,
1150 4146 1237 4203 quam
1251 4137 1346 4202 vocat,

133 4233 194 4272 ver.
214 4214 261 4286 14,
279 4213 298 4242 “
310 4229 424 4268 carnem
446 4217 475 4268 et
497 4207 668 4286 sanguinem
680 4209 708 4284 ;¹'
731 4216 763 4268 ut
784 4210 914 4287 ejusdem
928 4216 1039 4268 naturae
1059 4216 1121 4265 erat
1139 4207 1170 4266 in
1183 4206 1251 4265 Vct.
1267 4207 1345 4265 Test.

134 4291 274 4352 Pontifex
289 4289 471 4348 sanctificans
485 4288 624 4366 populum
648 4307 712 4346 cum
734 4289 849 4365 populo,
866 4289 943 4348 Heb.
972 4307 1001 4346 v.
1018 4290 1044 4362 1,
1060 4287 1108 4344 vel
1131 4284 1345 4363 primitiarum

134 4371 256 4450 reliquis
270 4369 421 4430 fructibus.
463 4367 562 4446 Atque
577 4367 618 4426 ita
642 4367 727 4428 docet
742 4368 888 4428 Christum
907 4367 1041 4425 idoneum
1056 4385 1128 4439 esse,
1149 4373 1182 4423 ut
1195 4384 1246 4442 pro
1260 4365 1346 4423 nohis

133 4459 291 4532 pateretur,
308 4457 337 4508 et
356 4449 490 4527 passione
511 4468 565 4507 sua
584 4467 638 4506 nos
660 4447 852 4506 sanctificaret
868 4455 897 4506 et
917 4446 1078 4519 redimeret,
1093 4457 1126 4503 ut
1141 4444 1216 4503 Goel
1238 4453 1344 4504 noster.

134 4529 290 4608 Quomodo
304 4549 373 4588 vero
387 4529 436 4588 vel
450 4549 513 4588 esse
526 4549 565 4586 ex
583 4547 641 4586 uno
655 4527 806 4586 nobiscum
822 4527 972 4599 diceretur,
987 4525 1035 4584 vel
1050 4524 1137 4582 frater
1150 4532 1249 4584 noster
1261 4525 1346 4584 uobis

132 4614 165 4672 in
179 4609 318 4672 omnibus
332 4609 434 4668 similis
454 4609 659 4686 perhiberetur,
675 4607 701 4668 si
720 4615 852 4667 naturam
866 4609 1029 4680 humanam,
1046 4625 1097 4664 seu
1111 4623 1226 4663 carnem
1239 4613 1345 4664 nostroe

133 4690 329 4772 lpotcurnon
341 4687 468 4749 habuit?
499 4687 560 4748 Noc
571 4687 667 4748 obstat
676 4687 754 4765 quod
764 4695 868 4748 natura
877 4687 939 4746 haec
950 4685 1036 4746 etiam
1047 4684 1177 4764 reprobis
1186 4687 1345 4748 communis
