3186 5210
140 344 255 394 Qurssr.
278 320 358 401 vnn]
562 338 600 376 ns
623 339 790 378 vocsrross
812 341 849 380 ur
870 341 948 382 runs.
1285 325 1344 382 493

140 505 207 564 qua
231 489 352 541 vocatur
375 481 451 559 fides
478 479 688 554 miraculorum,
716 479 820 539 Matth.
843 481 914 540 xvii.
938 483 986 556 20,
1011 482 1108 542 lCor.
1134 483 1195 541 xiii.
1218 487 1246 540 2.
1289 484 1346 542 Vel

141 566 266 642 denique
281 563 311 619 in
334 581 406 635 eam,
432 579 496 637 qum
520 559 683 617 fiducialem
697 561 951 637 apprehensionem
969 561 1075 620 Christi
1099 571 1128 622 et
1142 562 1346 622 beneficiorum

142 648 206 723 ejus
220 646 365 720 importat,
388 660 452 717 qua
468 640 543 718 fides
562 641 721 719 justificans
748 649 777 699 et
805 640 935 699 salvifica
961 641 1074 717 dicitur,
1100 642 1136 700 de
1162 663 1219 719 que
1239 645 1346 720 passim

143 726 300 802 Scriptura.
344 721 414 795 Quae
428 719 575 778 distinctio
596 719 740 793 fundatur,
757 728 818 778 turn
838 721 869 778 in
889 741 945 779 usu
961 721 1123 798 Scriptura,
1140 742 1204 798 quae
1226 723 1347 781 subinde

142 801 337 864 diversimode
352 801 388 858 de
402 799 459 859 fide
473 799 609 875 loquitur,
632 809 694 858 tum
719 819 756 857 ex
784 801 847 877 ejus
868 801 949 858 varia
971 801 1008 858 ad
1031 801 1175 878 objectum
1198 803 1346 861 relatione.

143 887 219 944 Nam
235 883 330 957 Quum
351 880 495 956 objectum
511 879 629 937 offertur
652 879 742 938 menti
763 879 930 957 simpliciter
951 881 1005 938 sub
1026 881 1091 938 idea
1105 882 1175 954 veri,
1190 882 1263 940 fides
1284 903 1349 959 quae

142 966 219 1023 eirea
239 961 312 1020 illud
333 967 464 1018 versatur
478 959 614 1017 historica
628 958 740 1034 dicitur,
753 959 881 1017 ubivero
893 960 1061 1037 proponitur
1075 961 1129 1019 sub
1142 961 1208 1019 idea
1222 963 1290 1020 boni
1303 983 1348 1021 ra·

143 1046 222 1103 tione
231 1040 430 1120 promissionis
439 1039 563 1115 alicujus
578 1039 741 1115 singularis,
755 1047 783 1096 et
797 1040 893 1116 quoad
904 1050 1040 1098 eventurn
1052 1041 1309 1100 extraordinarium
1320 1052 1350 1100 et

143 1123 357 1194 miraculosum,
368 1119 442 1177 fides
455 1118 657 1176 miraculorum
668 1119 742 1176 illud
756 1119 954 1195 apprehendit.
997 1120 1057 1179 Ubi
1071 1119 1189 1179 offertur
1208 1122 1262 1180 sub
1285 1122 1350 1180 idea

144 1204 213 1263 boni
242 1201 321 1260 utilis
349 1207 378 1257 ct
397 1197 528 1276 jucundi,
548 1197 620 1255 fides
648 1199 821 1274 temporaria
840 1201 871 1256 in
886 1219 919 1256 eo
934 1208 1099 1276 occupatur.
1143 1201 1203 1260 Ubi
1225 1201 1350 1279 denique

145 1283 300 1343 exhibetur
313 1279 367 1338 sub
379 1279 443 1336 idea
456 1277 525 1336 boni
536 1277 661 1351 honesti,
674 1278 797 1354 pertinet
811 1277 849 1336 ed
868 1279 956 1337 fidem
967 1278 1183 1356 justificantem.

186 1363 224 1421 V.
248 1361 401 1436 Perpetem
423 1377 491 1416 vero
513 1357 679 1432 adversarii,
702 1367 734 1415 ut
766 1358 902 1415 Bellarm.
924 1359 974 1416 lib.
999 1362 1024 1415 l.
1047 1358 1083 1416 de
1104 1360 1214 1418 Justifi.
1237 1380 1298 1436 cap.
1321 1363 1350 1434 4,

145 1440 320 1521 pertendunt
334 1437 443 1516 speeies
458 1437 528 1495 istas
549 1437 644 1495 varias
658 1457 716 1495 non
731 1437 883 1512 diversam,
901 1437 950 1495 sed
971 1457 1058 1496 unam
1073 1439 1250 1515 eandemque
1265 1439 1352 1497 fidem

145 1521 339 1592 constituere;
382 1537 448 1576 eum
472 1536 489 1574 a
510 1537 541 1575 se
568 1516 693 1575 invicem
715 1515 772 1576 sint
800 1518 994 1594 separabiles,
1024 1537 1090 1574 nam
1113 1518 1143 1575 in
1167 1519 1300 1577 Diabolis
1323 1527 1352 1577 et

145 1602 245 1661 multis
266 1597 431 1657 infidelibus
445 1605 489 1655 est
512 1596 585 1654 fides
607 1596 752 1670 historica,
774 1597 824 1672 qni
838 1605 936 1655 tamen
949 1597 1005 1656 fide
1020 1598 1193 1674 temporarie
1207 1607 1236 1656 et
1245 1598 1352 1675 justifi-

146 1692 230 1742 eante
239 1687 346 1752 carent,
362 1678 427 1736 Jac.
442 1677 472 1735 ii.
490 1679 536 1750 19,
546 1685 578 1734 ut
590 1685 619 1734 et
629 1675 685 1733 fide
699 1676 912 1750 miraculorum,
928 1685 1114 1754 quaepatrare
1137 1697 1195 1735 non
1221 1685 1352 1754 possunt.

147 1763 183 1820 In
198 1759 263 1820 aliis
275 1757 398 1817 occurrit
411 1756 483 1814 fides
497 1756 678 1833 temporaria,
693 1756 724 1812 in
738 1755 843 1832 quibus
857 1777 910 1814 nec
922 1757 1007 1815 datur
1018 1757 1189 1834 justificans,
1206 1758 1276 1816 Luc.
1292 1757 1353 1815 viii.

147 1846 194 1917 13,
217 1859 270 1898 nec
294 1838 367 1896 fides
387 1836 598 1910 miraculorum,
615 1834 684 1896 Act,
705 1835 765 1892 viii.
783 1838 829 1894 19.
855 1837 891 1894 In
905 1837 969 1894 aliis
994 1837 1066 1894 fides
1087 1837 1289 1896 miraculorum
1311 1848 1355 1896 est

145 1922 256 1998 absque
273 1918 459 1996 justificante,
482 1924 515 1974 nt
529 1916 558 1973 in
574 1915 664 1988 duda,
675 1923 703 1974 ct
717 1915 815 1974 inillis
830 1915 982 1993 dequibus
996 1917 1101 1993 agitur,
1118 1917 1223 1976 Matth.
1239 1917 1290 1975 vii.
1305 1922 1353 1976 22.
1393 1927 1400 1938 '

148 2003 184 2060 In
207 1998 365 2058 innumeris
378 1996 513 2054 fidelibus
528 1995 612 2054 datur
626 1995 698 2053 fides
709 1995 873 2072 justificans
888 1997 949 2055 sine
960 1995 1016 2054 fide
1031 1997 1243 2055 miraculorum.

188 2081 244 2138 VI.
267 2078 350 2136 Licet
363 2095 432 2134 vero
446 2075 535 2134 varice
549 2077 611 2134 istae
626 2074 699 2134 fides
717 2084 839 2151 possunt
860 2096 1028 2134 concurrere
1043 2077 1073 2134 iu
1087 2097 1145 2134 uuo
1161 2077 1300 2155 subjecto,
1323 2085 1357 2135 ut

146 2163 177 2220 iu
194 2157 343 2237 Apostolis
368 2165 397 2216 et
421 2155 485 2214 aliis
499 2155 604 2230 visum,
620 2163 649 2212 et
672 2163 742 2213 tunc
766 2175 824 2212 non
848 2157 946 2233 plures
971 2157 1029 2214 siut
1052 2155 1178 2232 habitus,
1194 2157 1246 2214 sed
1266 2177 1356 2216 unum

147 2240 328 2315 eundemque
343 2237 444 2296 saltem
459 2235 666 2312 aggregatione
682 2235 874 2311 constituant;
891 2237 956 2294 Non
971 2236 1100 2313 sequitur
1114 2257 1131 2294 a
1144 2245 1225 2313 parte
1240 2237 1283 2295 sui
1299 2257 1357 2294 non

148 2319 272 2392 differre,
285 2337 349 2376 cum
359 2325 388 2374 et
397 2315 510 2392 objecto
522 2314 643 2387 formali,
656 2323 685 2372 ct
695 2313 781 2372 modo
793 2316 968 2392 operationis
980 2323 1037 2372 tarn
1048 2316 1123 2374 clare
1134 2316 1358 2393 distinguantur.

150 2401 198 2458 Ita
212 2398 283 2456 fides
295 2397 421 2454 salvifica
441 2403 537 2472 potest
547 2394 605 2452 diei
619 2395 765 2452 continere
787 2395 945 2454 eminenter
965 2395 1050 2453 fidem
1063 2395 1275 2470 miraculorum,
1291 2397 1359 2472 quia

148 2485 277 2556 potesta
292 2477 354 2534 Deo
375 2496 409 2534 eo
424 2474 539 2550 elevari,
555 2483 588 2533 ut
609 2474 676 2532 edat
690 2474 837 2533 miracula.
882 2475 940 2534 Sed
954 2495 1011 2534 non
1027 2475 1171 2551 reciproce
1185 2476 1258 2534 fides
1272 2477 1357 2534 mira·

149 2558 279 2618 eulomm
294 2555 415 2614 includit
425 2554 641 2632 justificantem,
657 2574 723 2612 cum
738 2553 766 2610 in
782 2555 920 2631 reprobos
931 2555 1027 2613 vanos
1041 2555 1135 2614 cadat.

191 2637 263 2695 VII.
287 2635 425 2710 Quamvis
440 2633 512 2692 fides
527 2633 657 2692 salvifica
671 2634 709 2692 sit
723 2653 781 2692 una
795 2643 825 2692 et
840 2643 939 2702 lotape
954 2635 983 2692 in
1008 2634 1151 2710 omnibus,
1167 2643 1225 2693 tam
1247 2645 1359 2710 aparte

147 2717 264 2795 objecti,
281 2716 356 2792 Eph.
377 2715 417 2772 iv.
430 2717 457 2788 5,
473 2713 551 2790 quod
563 2713 639 2772 idem
654 2713 709 2771 fuir
723 2722 783 2772 tam
803 2714 834 2770 in
855 2713 946 2772 veteri
961 2733 1047 2789 quam
1064 2713 1149 2773 Novo
1161 2715 1355 2790 Testamento,

150 2796 248 2876 quoad
268 2795 467 2868 substantiam,
497 2812 584 2870 quam
612 2801 723 2869 aparte
745 2793 870 2869 subjecti
898 2793 1053 2870 specifice:
1084 2793 1149 2852 Iloc
1177 2813 1235 2851 non
1263 2794 1359 2854 obstat

146 2876 302 2954 quominus
317 2895 376 2932 vox
389 2872 458 2931 fidei
473 2873 622 2950 aequivoca
636 2873 667 2930 in
681 2891 733 2931 sua
744 2873 925 2949 aequivocata
940 2872 1143 2949 distinguatur,
1156 2892 1221 2948 quae
1237 2873 1358 2932 totidem

150 2959 214 3034 ejus
226 2955 337 3034 species
352 2954 541 3012 constituunt.

595 3191 789 3265 QUAESTIO
824 3191 915 3250 VIII.

426 3371 465 3409 ns
488 3369 589 3408 venus
611 3369 692 3408 rrum
715 3367 938 3409 uusrrsrcnnrrs
954 3367 1087 3409 ACTIBUS.

281 3515 357 3580 Quot
370 3510 456 3568 Fides
471 3510 603 3588 Suloffica
617 3509 741 3568 includat
751 3520 829 3568 acuas
843 3511 872 3569 in
885 3520 1017 3587 coneptu
1029 3531 1080 3569 cuo
1086 3512 1233 3586 formali!

149 3715 284 3762 sonanda
320 3713 390 3757 m
453 3669 477 3728 I.
502 3669 544 3729 Ut
572 3668 706 3746 Cognitio
730 3671 885 3728 Habituum
907 3689 965 3728 nou
989 3671 1106 3729 aliunde
1128 3672 1234 3730 certius
1261 3671 1361 3730 haberi

178 3774 243 3817 orrea
262 3773 342 3816 notus
362 3771 390 3815 fi·
410 3757 506 3826 potest
520 3768 606 3826 quarn
621 3770 658 3808 ex
673 3749 837 3826 cognitione
851 3750 972 3808 Actuum
985 3771 1084 3810 eorum
1098 3752 1316 3828 praecipuorum,
1333 3759 1363 3809 et

181 3831 228 3873 dssl·
419 3829 524 3904 Objcctz'
536 3829 612 3888 eirca
626 3829 704 3905 quod
718 3836 886 3904 versantur;
909 3829 1020 3888 Natura
1034 3831 1102 3888 fidei
1113 3831 1166 3888 rite
1180 3830 1287 3907 percipi
1302 3850 1360 3888 non

149 3913 245 3984 potest
266 3905 322 3963 nisi
344 3905 401 3965 duo
426 3908 482 3967 ista
506 3917 741 3985 cognoscantur:
772 3911 799 3966 1.
825 3909 1004 3983 Quibusnam
1032 3910 1144 3969 actibus
1169 3917 1289 3966 constet.
1332 3912 1360 3966 2.

153 3983 305 4059 Quodnam
317 3985 354 4042 sit
368 3987 431 4062 ejus
446 3989 601 4064 objectum.

194 4063 236 4120 Il.
259 4063 298 4121 Et
312 4063 349 4120 ad
362 4065 448 4124 Actora
458 4067 574 4143 quidem
599 4066 678 4144 quod
700 4067 812 4142 attinet,
836 4065 1029 4126 diversimode
1051 4086 1069 4124 a
1089 4065 1247 4142 ”I'heologis
1269 4066 1361 4143 expli·

151 4151 262 4215 cantur,
278 4141 343 4200 aliis
357 4143 461 4220 plures,
477 4145 542 4204 aliis
561 4147 710 4224 pauciores
722 4147 924 4206 statuentibus.
969 4145 1043 4202 Sunt
1053 4145 1103 4221 qui
1117 4144 1234 4202 unicum
1248 4152 1362 4204 tantum

151 4229 272 4302 ponunt,
285 4221 353 4279 nim.
377 4221 547 4302 Assensum,
570 4246 621 4285 seu
642 4227 871 4285 Persuasionem.
900 4224 963 4281 Alii
977 4223 1050 4282 duos
1064 4231 1177 4282 tanturn
1191 4234 1360 4301 agnoscunt,

152 4301 293 4362 Notitiam
315 4307 344 4359 et
368 4301 539 4363 Assensum.
582 4305 644 4364 Alii
668 4306 784 4366 tertium
799 4305 918 4380 addunt,
938 4303 1073 4362 nimirum
1097 4302 1257 4362 Fiduciam.
1300 4304 1363 4362 Alii

149 4383 241 4442 etiam
261 4387 404 4458 quartum,
418 4381 621 4442 confidentiam
637 4386 748 4444 seilicet
762 4405 813 4444 seu
824 4383 1066 4462 acquiescentiam
1079 4382 1248 4442 voluntatis.
1292 4383 1363 4457 Qua

151 4463 277 4521 diversae
293 4461 444 4520 sententiae
459 4482 517 4520 non
531 4471 590 4521 tam
605 4473 718 4523 mutant
738 4473 870 4524 naturam
885 4463 961 4538 fidei,
977 4482 1063 4540 quam
1076 4463 1155 4520 illam
1170 4461 1364 4522 diversimode

151 4541 309 4619 explicant.
352 4539 437 4613 Quod
455 4542 571 4618 quidem
593 4543 659 4602 iude
680 4544 723 4619 fit,
746 4545 823 4621 quod
846 4543 894 4602 elii
915 4543 1001 4601 fidem
1034 4542 1177 4602 collocant
1207 4541 1314 4620 pariter
1335 4544 1365 4602 iu

150 4621 342 4682 intellectuat
358 4619 525 4698 voluntatc3
548 4622 598 4680 elii
610 4643 679 4682 vcro
690 4631 802 4684 tantum
812 4625 842 4683 in
856 4623 1005 4682 intellectu
1027 4622 1192 4692 formaliter,
1208 4631 1237 4680 et
1261 4623 1365 4683 volun-
