<?xml version="1.0" encoding="UTF-8"?>
<!DOCTYPE html PUBLIC "-//W3C//DTD XHTML 1.0 Transitional//EN"
    "http://www.w3.org/TR/xhtml1/DTD/xhtml1-transitional.dtd">
<html xmlns="http://www.w3.org/1999/xhtml" xml:lang="en" lang="en">
 <head>
  <title>
</title>
<meta http-equiv="Content-Type" content="text/html;charset=utf-8" />
  <meta name='ocr-system' content='tesseract 3.04.00' />
  <meta name='ocr-capabilities' content='ocr_page ocr_carea ocr_par ocr_line ocrx_word'/>
</head>
<body>
  <div class='ocr_page' id='page_1' title='image "./francisciturret00pictgoog_0045.png"; bbox 0 0 3108 5198; ppageno 0'>
   <div class='ocr_carea' id='block_1_1' title="bbox 242 297 1460 381">
    <p class='ocr_par' dir='ltr' id='par_1_1' title="bbox 242 297 1460 381">
     <span class='ocr_line' id='line_1_1' title="bbox 242 297 1460 381; baseline -0.003 -17"><span class='ocrx_word' id='word_1_1' title='bbox 242 309 279 364; x_wconf 77' lang='lat' dir='ltr'>ll</span> <span class='ocrx_word' id='word_1_2' title='bbox 705 321 796 364; x_wconf 81' lang='lat' dir='ltr'>uoous</span> <span class='ocrx_word' id='word_1_3' title='bbox 811 320 990 362; x_wconf 83' lang='lat' dir='ltr'>usoacruus.</span> <span class='ocrx_word' id='word_1_4' title='bbox 1275 297 1404 381; x_wconf 74' lang='lat' dir='ltr'>[eumer.</span> <span class='ocrx_word' id='word_1_5' title='bbox 1422 321 1460 360; x_wconf 86' lang='lat' dir='ltr'>n.</span> 
     </span>
    </p>
   </div>
   <div class='ocr_carea' id='block_1_2' title="bbox 236 461 1458 705">
    <p class='ocr_par' dir='ltr' id='par_1_2' title="bbox 236 461 1458 705">
     <span class='ocr_line' id='line_1_2' title="bbox 279 461 1458 542; baseline -0.003 -18"><span class='ocrx_word' id='word_1_6' title='bbox 279 466 374 525; x_wconf 86' lang='lat' dir='ltr'>XXI.</span> <span class='ocrx_word' id='word_1_7' title='bbox 397 465 575 542; x_wconf 78' lang='lat' dir='ltr'>Praecptum</span> <span class='ocrx_word' id='word_1_8' title='bbox 592 463 646 522; x_wconf 81' lang='lat' dir='ltr'>[v.</span> <span class='ocrx_word' id='word_1_9' title='bbox 672 471 716 522; x_wconf 89' lang='lat' dir='ltr'>est</span> <span class='ocrx_word' id='word_1_10' title='bbox 729 463 837 522; x_wconf 89' lang='lat' dir='ltr'>morale</span> <span class='ocrx_word' id='word_1_11' title='bbox 851 470 881 522; x_wconf 89' lang='lat' dir='ltr'>ct</span> <span class='ocrx_word' id='word_1_12' title='bbox 901 469 1070 541; x_wconf 90' lang='lat' dir='ltr'>perpetuum</span> <span class='ocrx_word' id='word_1_13' title='bbox 1084 461 1180 540; x_wconf 91' lang='lat' dir='ltr'>quoad</span> <span class='ocrx_word' id='word_1_14' title='bbox 1200 461 1393 522; x_wconf 81' lang='lat' dir='ltr'><strong>substantiam</strong></span> <span class='ocrx_word' id='word_1_15' title='bbox 1409 463 1458 522; x_wconf 88' lang='lat' dir='ltr'>rei</span> 
     </span>
     <span class='ocr_line' id='line_1_3' title="bbox 236 541 1454 622; baseline -0.003 -16"><span class='ocrx_word' id='word_1_16' title='bbox 236 546 388 621; x_wconf 76' lang='lat' dir='ltr'>mandatae,</span> <span class='ocrx_word' id='word_1_17' title='bbox 404 544 539 605; x_wconf 83' lang='lat' dir='ltr'>nimimm</span> <span class='ocrx_word' id='word_1_18' title='bbox 553 542 632 622; x_wconf 86' lang='lat' dir='ltr'>quod</span> <span class='ocrx_word' id='word_1_19' title='bbox 653 543 717 603; x_wconf 87' lang='lat' dir='ltr'>Dec</span> <span class='ocrx_word' id='word_1_20' title='bbox 731 544 827 602; x_wconf 90' lang='lat' dir='ltr'>cultus</span> <span class='ocrx_word' id='word_1_21' title='bbox 840 542 945 621; x_wconf 88' lang='lat' dir='ltr'>aliquis</span> <span class='ocrx_word' id='word_1_22' title='bbox 959 542 1086 602; x_wconf 87' lang='lat' dir='ltr'>solennis</span> <span class='ocrx_word' id='word_1_23' title='bbox 1100 550 1238 602; x_wconf 86' lang='lat' dir='ltr'>externus</span> <span class='ocrx_word' id='word_1_24' title='bbox 1252 541 1403 618; x_wconf 77' lang='lat' dir='ltr'><strong>debeatur,</strong></span> <span class='ocrx_word' id='word_1_25' title='bbox 1422 553 1454 602; x_wconf 86' lang='lat' dir='ltr'>et</span> 
     </span>
     <span class='ocr_line' id='line_1_4' title="bbox 236 621 1453 705; baseline -0.003 -20"><span class='ocrx_word' id='word_1_26' title='bbox 236 626 315 705; x_wconf 89' lang='lat' dir='ltr'>quod</span> <span class='ocrx_word' id='word_1_27' title='bbox 329 633 438 685; x_wconf 72' lang='lat' dir='ltr'>certem</span> <span class='ocrx_word' id='word_1_28' title='bbox 462 633 576 701; x_wconf 90' lang='lat' dir='ltr'>tempus</span> <span class='ocrx_word' id='word_1_29' title='bbox 600 623 643 683; x_wconf 92' lang='lat' dir='ltr'>illi</span> <span class='ocrx_word' id='word_1_30' title='bbox 667 624 705 684; x_wconf 88' lang='lat' dir='ltr'>sit</span> <span class='ocrx_word' id='word_1_31' title='bbox 726 624 952 701; x_wconf 65' lang='lat' dir='ltr'>assignandum</span> <span class='ocrx_word' id='word_1_32' title='bbox 974 642 1033 682; x_wconf 90' lang='lat' dir='ltr'>non</span> <span class='ocrx_word' id='word_1_33' title='bbox 1060 622 1156 700; x_wconf 90' lang='lat' dir='ltr'>quoad</span> <span class='ocrx_word' id='word_1_34' title='bbox 1177 621 1453 682; x_wconf 74' lang='lat' dir='ltr'>determinationem</span> 
     </span>
    </p>
   </div>
   <div class='ocr_carea' id='block_1_3' title="bbox 136 703 1450 785">
    <p class='ocr_par' dir='ltr' id='par_1_3' title="bbox 136 703 1450 785">
     <span class='ocr_line' id='line_1_5' title="bbox 136 703 1450 785; baseline -0.004 -18"><span class='ocrx_word' id='word_1_35' title='bbox 136 763 143 776; x_wconf 83' lang='grc'><strong>,</strong></span> <span class='ocrx_word' id='word_1_36' title='bbox 235 706 409 785; x_wconf 78' lang='lat' dir='ltr'>peculiarem</span> <span class='ocrx_word' id='word_1_37' title='bbox 423 705 481 764; x_wconf 90' lang='lat' dir='ltr'>diei</span> <span class='ocrx_word' id='word_1_38' title='bbox 495 705 618 783; x_wconf 83' lang='lat' dir='ltr'>septimi,</span> <span class='ocrx_word' id='word_1_39' title='bbox 634 723 699 782; x_wconf 86' lang='lat' dir='ltr'>quea</span> <span class='ocrx_word' id='word_1_40' title='bbox 713 703 768 763; x_wconf 75' lang='lat' dir='ltr'>firit</span> <span class='ocrx_word' id='word_1_41' title='bbox 777 703 853 782; x_wconf 90' lang='lat' dir='ltr'>juris</span> <span class='ocrx_word' id='word_1_42' title='bbox 866 704 993 780; x_wconf 84' lang='lat' dir='ltr'>positivi,</span> <span class='ocrx_word' id='word_1_43' title='bbox 1009 723 1131 781; x_wconf 83' lang='lat' dir='ltr'>quaeque</span> <span class='ocrx_word' id='word_1_44' title='bbox 1145 711 1296 781; x_wconf 88' lang='lat' dir='ltr'>propterea</span> <span class='ocrx_word' id='word_1_45' title='bbox 1309 710 1342 762; x_wconf 93' lang='lat' dir='ltr'>ut</span> <span class='ocrx_word' id='word_1_46' title='bbox 1357 723 1450 762; x_wconf 87' lang='lat' dir='ltr'>caerc-</span> 
     </span>
    </p>
   </div>
   <div class='ocr_carea' id='block_1_4' title="bbox 220 781 1452 4142">
    <p class='ocr_par' dir='ltr' id='par_1_4' title="bbox 231 781 1452 1566">
     <span class='ocr_line' id='line_1_6' title="bbox 234 781 1452 863; baseline 0.002 -19"><span class='ocrx_word' id='word_1_47' title='bbox 234 787 368 846; x_wconf 89' lang='lat' dir='ltr'>monialis</span> <span class='ocrx_word' id='word_1_48' title='bbox 389 787 484 863; x_wconf 89' lang='lat' dir='ltr'>potuit</span> <span class='ocrx_word' id='word_1_49' title='bbox 507 785 619 861; x_wconf 90' lang='lat' dir='ltr'>mutari,</span> <span class='ocrx_word' id='word_1_50' title='bbox 645 793 678 844; x_wconf 91' lang='lat' dir='ltr'>ut</span> <span class='ocrx_word' id='word_1_51' title='bbox 698 804 751 844; x_wconf 89' lang='lat' dir='ltr'>suo</span> <span class='ocrx_word' id='word_1_52' title='bbox 765 785 829 843; x_wconf 89' lang='grc'><strong>1000</strong></span> <span class='ocrx_word' id='word_1_53' title='bbox 843 783 935 844; x_wconf 88' lang='lat' dir='ltr'>fusius</span> <span class='ocrx_word' id='word_1_54' title='bbox 949 783 1126 862; x_wconf 75' lang='lat' dir='ltr'>probabitur.</span> <span class='ocrx_word' id='word_1_55' title='bbox 1168 783 1230 842; x_wconf 89' lang='lat' dir='ltr'>Nec</span> <span class='ocrx_word' id='word_1_56' title='bbox 1244 784 1270 842; x_wconf 93' lang='lat' dir='ltr'>si</span> <span class='ocrx_word' id='word_1_57' title='bbox 1284 781 1452 847; x_wconf 78' lang='lat' dir='ltr'>Maccabaei</span> 
     </span>
     <span class='ocr_line' id='line_1_7' title="bbox 233 862 1450 945; baseline -0.003 -19"><span class='ocrx_word' id='word_1_58' title='bbox 233 875 399 945; x_wconf 87' lang='lat' dir='ltr'>pugnarunt</span> <span class='ocrx_word' id='word_1_59' title='bbox 415 865 570 940; x_wconf 87' lang='lat' dir='ltr'>Sabbath0‚</span> <span class='ocrx_word' id='word_1_60' title='bbox 586 864 694 924; x_wconf 86' lang='lat' dir='ltr'>factum</span> <span class='ocrx_word' id='word_1_61' title='bbox 708 862 762 924; x_wconf 85' lang='lat' dir='ltr'>suit</span> <span class='ocrx_word' id='word_1_62' title='bbox 775 884 827 942; x_wconf 88' lang='lat' dir='ltr'>per</span> <span class='ocrx_word' id='word_1_63' title='bbox 841 864 1084 943; x_wconf 84' lang='lat' dir='ltr'>dispensationem</span> <span class='ocrx_word' id='word_1_64' title='bbox 1098 884 1117 923; x_wconf 89' lang='lat' dir='ltr'>a</span> <span class='ocrx_word' id='word_1_65' title='bbox 1130 863 1219 942; x_wconf 84' lang='lat' dir='ltr'>Lege,</span> <span class='ocrx_word' id='word_1_66' title='bbox 1242 862 1294 922; x_wconf 89' lang='lat' dir='ltr'>sed</span> <span class='ocrx_word' id='word_1_67' title='bbox 1306 882 1358 940; x_wconf 91' lang='lat' dir='ltr'>per</span> <span class='ocrx_word' id='word_1_68' title='bbox 1378 864 1450 940; x_wconf 86' lang='lat' dir='ltr'>ejus</span> 
     </span>
     <span class='ocr_line' id='line_1_8' title="bbox 235 943 1450 1022; baseline -0.004 -16"><span class='ocrx_word' id='word_1_69' title='bbox 235 945 458 1006; x_wconf 84' lang='lat' dir='ltr'>declarationem</span> <span class='ocrx_word' id='word_1_70' title='bbox 472 954 501 1005; x_wconf 90' lang='lat' dir='ltr'>et</span> <span class='ocrx_word' id='word_1_71' title='bbox 517 965 616 1004; x_wconf 87' lang='lat' dir='ltr'>veram</span> <span class='ocrx_word' id='word_1_72' title='bbox 631 945 904 1022; x_wconf 81' lang='lat' dir='ltr'>interpretationem,</span> <span class='ocrx_word' id='word_1_73' title='bbox 922 945 1010 1022; x_wconf 88' lang='lat' dir='ltr'>juxta</span> <span class='ocrx_word' id='word_1_74' title='bbox 1023 963 1110 1021; x_wconf 87' lang='lat' dir='ltr'>quam</span> <span class='ocrx_word' id='word_1_75' title='bbox 1124 944 1312 1021; x_wconf 88' lang='lat' dir='ltr'>prohibentur</span> <span class='ocrx_word' id='word_1_76' title='bbox 1325 943 1450 1020; x_wconf 90' lang='lat' dir='ltr'>quidem</span> 
     </span>
     <span class='ocr_line' id='line_1_9' title="bbox 233 1022 1449 1104; baseline -0.002 -20"><span class='ocrx_word' id='word_1_77' title='bbox 233 1047 321 1104; x_wconf 91' lang='lat' dir='ltr'>opera</span> <span class='ocrx_word' id='word_1_78' title='bbox 334 1026 492 1102; x_wconf 86' lang='lat' dir='ltr'>arbitraria,</span> <span class='ocrx_word' id='word_1_79' title='bbox 508 1026 560 1085; x_wconf 90' lang='lat' dir='ltr'>sed</span> <span class='ocrx_word' id='word_1_80' title='bbox 573 1045 631 1084; x_wconf 90' lang='lat' dir='ltr'>non</span> <span class='ocrx_word' id='word_1_81' title='bbox 645 1025 814 1102; x_wconf 82' lang='lat' dir='ltr'>necessaria,</span> <span class='ocrx_word' id='word_1_82' title='bbox 827 1023 922 1102; x_wconf 88' lang='lat' dir='ltr'>qualis</span> <span class='ocrx_word' id='word_1_83' title='bbox 935 1033 980 1084; x_wconf 89' lang='lat' dir='ltr'>est</span> <span class='ocrx_word' id='word_1_84' title='bbox 992 1024 1123 1102; x_wconf 88' lang='lat' dir='ltr'>legitima</span> <span class='ocrx_word' id='word_1_85' title='bbox 1137 1024 1182 1083; x_wconf 87' lang='lat' dir='ltr'>sui</span> <span class='ocrx_word' id='word_1_86' title='bbox 1196 1022 1325 1083; x_wconf 74' lang='lat' dir='ltr'>defensio</span> <span class='ocrx_word' id='word_1_87' title='bbox 1339 1023 1449 1082; x_wconf 84' lang='lat' dir='ltr'>adver-</span> 
     </span>
     <span class='ocr_line' id='line_1_10' title="bbox 236 1103 1447 1185; baseline -0.002 -19"><span class='ocrx_word' id='word_1_88' title='bbox 236 1127 286 1166; x_wconf 90' lang='lat' dir='ltr'>sus</span> <span class='ocrx_word' id='word_1_89' title='bbox 299 1108 407 1182; x_wconf 90' lang='lat' dir='ltr'>hostes,</span> <span class='ocrx_word' id='word_1_90' title='bbox 422 1106 501 1185; x_wconf 90' lang='lat' dir='ltr'>quod</span> <span class='ocrx_word' id='word_1_91' title='bbox 515 1105 646 1166; x_wconf 82' lang='lat' dir='ltr'>Christus</span> <span class='ocrx_word' id='word_1_92' title='bbox 660 1105 722 1183; x_wconf 88' lang='lat' dir='ltr'>ipse</span> <span class='ocrx_word' id='word_1_93' title='bbox 735 1123 794 1163; x_wconf 91' lang='grc'>101</span> <span class='ocrx_word' id='word_1_94' title='bbox 808 1105 898 1164; x_wconf 90' lang='lat' dir='ltr'>semel</span> <span class='ocrx_word' id='word_1_95' title='bbox 911 1104 1070 1178; x_wconf 88' lang='lat' dir='ltr'>eonfirmat,</span> <span class='ocrx_word' id='word_1_96' title='bbox 1086 1104 1255 1163; x_wconf 68' lang='lat' dir='ltr'>mattarii.</span> <span class='ocrx_word' id='word_1_97' title='bbox 1272 1107 1318 1162; x_wconf 92' lang='grc'>11.</span> <span class='ocrx_word' id='word_1_98' title='bbox 1342 1106 1360 1136; x_wconf 89' lang='grc'>“</span> <span class='ocrx_word' id='word_1_99' title='bbox 1369 1103 1447 1178; x_wconf 87' lang='lat' dir='ltr'>Quis</span> 
     </span>
     <span class='ocr_line' id='line_1_11' title="bbox 233 1183 1445 1264; baseline -0.003 -18"><span class='ocrx_word' id='word_1_100' title='bbox 233 1187 316 1263; x_wconf 88' lang='lat' dir='ltr'>crit,&#39;&#39;</span> <span class='ocrx_word' id='word_1_101' title='bbox 338 1187 440 1264; x_wconf 90' lang='lat' dir='ltr'>inquit,</span> <span class='ocrx_word' id='word_1_102' title='bbox 458 1188 522 1245; x_wconf 87' lang='lat' dir='ltr'>“ex</span> <span class='ocrx_word' id='word_1_103' title='bbox 536 1186 629 1262; x_wconf 90' lang='lat' dir='ltr'>vobis,</span> <span class='ocrx_word' id='word_1_104' title='bbox 645 1186 695 1263; x_wconf 91' lang='lat' dir='ltr'>qui</span> <span class='ocrx_word' id='word_1_105' title='bbox 709 1185 820 1244; x_wconf 88' lang='lat' dir='ltr'>habens</span> <span class='ocrx_word' id='word_1_106' title='bbox 830 1203 914 1244; x_wconf 94' lang='lat' dir='ltr'>ovem</span> <span class='ocrx_word' id='word_1_107' title='bbox 928 1205 1025 1260; x_wconf 86' lang='lat' dir='ltr'>unam,</span> <span class='ocrx_word' id='word_1_108' title='bbox 1040 1185 1066 1243; x_wconf 89' lang='lat' dir='ltr'>si</span> <span class='ocrx_word' id='word_1_109' title='bbox 1079 1204 1113 1243; x_wconf 90' lang='lat' dir='ltr'>ea</span> <span class='ocrx_word' id='word_1_110' title='bbox 1126 1183 1259 1244; x_wconf 89' lang='lat' dir='ltr'>inciderit</span> <span class='ocrx_word' id='word_1_111' title='bbox 1272 1185 1302 1242; x_wconf 90' lang='lat' dir='ltr'>in</span> <span class='ocrx_word' id='word_1_112' title='bbox 1316 1183 1445 1260; x_wconf 87' lang='lat' dir='ltr'>foveam,</span> 
     </span>
     <span class='ocr_line' id='line_1_12' title="bbox 234 1263 1446 1344; baseline -0.002 -20"><span class='ocrx_word' id='word_1_113' title='bbox 234 1285 293 1326; x_wconf 88' lang='lat' dir='ltr'>non</span> <span class='ocrx_word' id='word_1_114' title='bbox 317 1266 521 1344; x_wconf 86' lang='lat' dir='ltr'>apprehendat,</span> <span class='ocrx_word' id='word_1_115' title='bbox 547 1275 576 1326; x_wconf 90' lang='lat' dir='ltr'>et</span> <span class='ocrx_word' id='word_1_116' title='bbox 600 1285 663 1326; x_wconf 87' lang='lat' dir='ltr'>eam</span> <span class='ocrx_word' id='word_1_117' title='bbox 687 1266 780 1342; x_wconf 85' lang='lat' dir='ltr'>erigat</span> <span class='ocrx_word' id='word_1_118' title='bbox 790 1266 823 1324; x_wconf 82' lang='lat'>?’&#39;</span> <span class='ocrx_word' id='word_1_119' title='bbox 865 1265 905 1323; x_wconf 91' lang='lat' dir='ltr'>Et</span> <span class='ocrx_word' id='word_1_120' title='bbox 920 1265 1011 1324; x_wconf 88' lang='lat' dir='ltr'>Marc.</span> <span class='ocrx_word' id='word_1_121' title='bbox 1026 1264 1055 1325; x_wconf 91' lang='lat' dir='ltr'>ii.</span> <span class='ocrx_word' id='word_1_122' title='bbox 1071 1268 1119 1340; x_wconf 83' lang='grc'>27,</span> <span class='ocrx_word' id='word_1_123' title='bbox 1135 1265 1183 1323; x_wconf 91' lang='grc'>28.</span> <span class='ocrx_word' id='word_1_124' title='bbox 1227 1267 1245 1298; x_wconf 83' lang='grc'>“</span> <span class='ocrx_word' id='word_1_125' title='bbox 1261 1263 1446 1324; x_wconf 82' lang='lat' dir='ltr'>Sabbathum</span> 
     </span>
     <span class='ocr_line' id='line_1_13' title="bbox 231 1343 1444 1424; baseline -0.002 -20"><span class='ocrx_word' id='word_1_126' title='bbox 231 1354 348 1424; x_wconf 89' lang='lat' dir='ltr'>propter</span> <span class='ocrx_word' id='word_1_127' title='bbox 361 1347 506 1406; x_wconf 89' lang='lat' dir='ltr'>hominem</span> <span class='ocrx_word' id='word_1_128' title='bbox 521 1346 627 1406; x_wconf 88' lang='lat' dir='ltr'>factum</span> <span class='ocrx_word' id='word_1_129' title='bbox 642 1355 694 1420; x_wconf 89' lang='lat' dir='ltr'>est,</span> <span class='ocrx_word' id='word_1_130' title='bbox 710 1365 769 1404; x_wconf 90' lang='lat' dir='ltr'>non</span> <span class='ocrx_word' id='word_1_131' title='bbox 782 1345 869 1404; x_wconf 91' lang='lat' dir='ltr'>homo</span> <span class='ocrx_word' id='word_1_132' title='bbox 880 1353 996 1422; x_wconf 90' lang='lat' dir='ltr'>propter</span> <span class='ocrx_word' id='word_1_133' title='bbox 1012 1343 1221 1404; x_wconf 82' lang='lat' dir='ltr'>Sabbathum.’&#39;</span> <span class='ocrx_word' id='word_1_134' title='bbox 1254 1343 1341 1403; x_wconf 90' lang='lat' dir='ltr'>Unde</span> <span class='ocrx_word' id='word_1_135' title='bbox 1356 1363 1444 1402; x_wconf 87' lang='lat' dir='ltr'>sana·</span> 
     </span>
     <span class='ocr_line' id='line_1_14' title="bbox 232 1423 1446 1502; baseline 0 -18"><span class='ocrx_word' id='word_1_136' title='bbox 232 1427 277 1486; x_wconf 88' lang='lat' dir='ltr'>vit</span> <span class='ocrx_word' id='word_1_137' title='bbox 298 1427 443 1486; x_wconf 89' lang='lat' dir='ltr'>bominem</span> <span class='ocrx_word' id='word_1_138' title='bbox 468 1427 625 1502; x_wconf 85' lang='lat' dir='ltr'>Sabbath⁰‚</span> <span class='ocrx_word' id='word_1_139' title='bbox 649 1434 679 1485; x_wconf 94' lang='lat' dir='ltr'>et</span> <span class='ocrx_word' id='word_1_140' title='bbox 702 1424 837 1502; x_wconf 87' lang='lat' dir='ltr'>discipuli</span> <span class='ocrx_word' id='word_1_141' title='bbox 863 1425 970 1484; x_wconf 82' lang='lat' dir='ltr'>Christi</span> <span class='ocrx_word' id='word_1_142' title='bbox 992 1425 1150 1484; x_wconf 83' lang='lat' dir='ltr'>esurientes</span> <span class='ocrx_word' id='word_1_143' title='bbox 1176 1423 1324 1483; x_wconf 82' lang='lat' dir='ltr'>Sabbatha</span> <span class='ocrx_word' id='word_1_144' title='bbox 1345 1423 1446 1501; x_wconf 84' lang='lat' dir='ltr'>spicas</span> 
     </span>
     <span class='ocr_line' id='line_1_15' title="bbox 231 1507 408 1566; baseline 0.011 -2"><span class='ocrx_word' id='word_1_145' title='bbox 231 1507 408 1566; x_wconf 82' lang='lat' dir='ltr'>evellebant.</span> 
     </span>
    </p>

    <p class='ocr_par' dir='ltr' id='par_1_5' title="bbox 228 1583 1444 2764">
     <span class='ocr_line' id='line_1_16' title="bbox 272 1583 1442 1663; baseline -0.003 -18"><span class='ocrx_word' id='word_1_146' title='bbox 272 1587 385 1645; x_wconf 90' lang='lat' dir='ltr'>XXII.</span> <span class='ocrx_word' id='word_1_147' title='bbox 407 1586 503 1662; x_wconf 86' lang='lat' dir='ltr'>Quum</span> <span class='ocrx_word' id='word_1_148' title='bbox 518 1586 651 1646; x_wconf 86' lang='lat' dir='ltr'>Christus</span> <span class='ocrx_word' id='word_1_149' title='bbox 660 1585 745 1663; x_wconf 90' lang='lat' dir='ltr'>jubet</span> <span class='ocrx_word' id='word_1_150' title='bbox 758 1585 848 1644; x_wconf 68' lang='lat' dir='ltr'>odbee</span> <span class='ocrx_word' id='word_1_151' title='bbox 861 1593 1004 1662; x_wconf 90' lang='lat' dir='ltr'>parentes,</span> <span class='ocrx_word' id='word_1_152' title='bbox 1026 1585 1096 1644; x_wconf 91' lang='lat' dir='ltr'>Luc.</span> <span class='ocrx_word' id='word_1_153' title='bbox 1111 1583 1172 1642; x_wconf 84' lang='lat' dir='ltr'>xiv.</span> <span class='ocrx_word' id='word_1_154' title='bbox 1188 1585 1236 1658; x_wconf 89' lang='grc'>26,</span> <span class='ocrx_word' id='word_1_155' title='bbox 1251 1602 1309 1641; x_wconf 86' lang='grc'>101</span> <span class='ocrx_word' id='word_1_156' title='bbox 1323 1583 1442 1662; x_wconf 88' lang='lat' dir='ltr'>dispen-</span> 
     </span>
     <span class='ocr_line' id='line_1_17' title="bbox 232 1663 1441 1745; baseline -0.002 -21"><span class='ocrx_word' id='word_1_157' title='bbox 232 1675 277 1726; x_wconf 88' lang='lat' dir='ltr'>sat</span> <span class='ocrx_word' id='word_1_158' title='bbox 302 1666 337 1727; x_wconf 89' lang='lat' dir='ltr'>de</span> <span class='ocrx_word' id='word_1_159' title='bbox 363 1667 512 1745; x_wconf 76' lang='lat' dir='ltr'>Praecepto</span> <span class='ocrx_word' id='word_1_160' title='bbox 535 1666 651 1741; x_wconf 87' lang='lat' dir='ltr'>Quinto,</span> <span class='ocrx_word' id='word_1_161' title='bbox 678 1665 730 1724; x_wconf 88' lang='lat' dir='ltr'>sed</span> <span class='ocrx_word' id='word_1_162' title='bbox 743 1684 844 1724; x_wconf 90' lang='lat' dir='ltr'>verum</span> <span class='ocrx_word' id='word_1_163' title='bbox 859 1685 975 1724; x_wconf 88' lang='lat' dir='ltr'>sensum</span> <span class='ocrx_word' id='word_1_164' title='bbox 989 1664 1068 1724; x_wconf 92' lang='lat' dir='ltr'>illius</span> <span class='ocrx_word' id='word_1_165' title='bbox 1081 1665 1208 1742; x_wconf 85' lang='lat' dir='ltr'>exponit,</span> <span class='ocrx_word' id='word_1_166' title='bbox 1225 1670 1254 1722; x_wconf 92' lang='lat' dir='ltr'>ct</span> <span class='ocrx_word' id='word_1_167' title='bbox 1268 1663 1441 1722; x_wconf 89' lang='lat' dir='ltr'>subordina-</span> 
     </span>
     <span class='ocr_line' id='line_1_18' title="bbox 231 1743 1444 1823; baseline -0.003 -17"><span class='ocrx_word' id='word_1_168' title='bbox 231 1749 338 1807; x_wconf 89' lang='lat' dir='ltr'>tionem</span> <span class='ocrx_word' id='word_1_169' title='bbox 354 1747 488 1806; x_wconf 87' lang='lat' dir='ltr'>secundae</span> <span class='ocrx_word' id='word_1_170' title='bbox 502 1745 610 1806; x_wconf 77' lang='lat' dir='ltr'>tabula</span> <span class='ocrx_word' id='word_1_171' title='bbox 624 1745 662 1804; x_wconf 89' lang='lat' dir='ltr'>ad</span> <span class='ocrx_word' id='word_1_172' title='bbox 675 1745 806 1823; x_wconf 87' lang='lat' dir='ltr'>primam,</span> <span class='ocrx_word' id='word_1_173' title='bbox 821 1753 851 1804; x_wconf 93' lang='lat' dir='ltr'>et</span> <span class='ocrx_word' id='word_1_174' title='bbox 875 1744 1001 1804; x_wconf 91' lang='lat' dir='ltr'>hominis</span> <span class='ocrx_word' id='word_1_175' title='bbox 1018 1765 1088 1822; x_wconf 89' lang='lat' dir='ltr'>erga</span> <span class='ocrx_word' id='word_1_176' title='bbox 1102 1745 1197 1804; x_wconf 88' lang='lat' dir='ltr'>Deum</span> <span class='ocrx_word' id='word_1_177' title='bbox 1210 1751 1301 1802; x_wconf 84' lang='lat' dir='ltr'>notet.</span> <span class='ocrx_word' id='word_1_178' title='bbox 1344 1743 1392 1803; x_wconf 83' lang='lat' dir='ltr'>lte</span> <span class='ocrx_word' id='word_1_179' title='bbox 1411 1749 1444 1802; x_wconf 67' lang='lat' dir='ltr'>ab</span> 
     </span>
     <span class='ocr_line' id='line_1_19' title="bbox 229 1824 1442 1903; baseline 0 -19"><span class='ocrx_word' id='word_1_180' title='bbox 229 1833 307 1886; x_wconf 68' lang='grc' dir='ltr'><strong>11ιηῖ1</strong></span> <span class='ocrx_word' id='word_1_181' title='bbox 320 1848 379 1887; x_wconf 90' lang='grc'>101</span> <span class='ocrx_word' id='word_1_182' title='bbox 393 1827 525 1886; x_wconf 91' lang='lat' dir='ltr'>absolute</span> <span class='ocrx_word' id='word_1_183' title='bbox 539 1834 569 1885; x_wconf 92' lang='lat' dir='ltr'>et</span> <span class='ocrx_word' id='word_1_184' title='bbox 582 1825 751 1903; x_wconf 86' lang='lat' dir='ltr'>simpliciter</span> <span class='ocrx_word' id='word_1_185' title='bbox 768 1824 990 1902; x_wconf 87' lang='lat' dir='ltr'>intelligendum</span> <span class='ocrx_word' id='word_1_186' title='bbox 1014 1833 1066 1900; x_wconf 92' lang='lat' dir='ltr'>est,</span> <span class='ocrx_word' id='word_1_187' title='bbox 1091 1843 1143 1902; x_wconf 88' lang='lat' dir='ltr'>pro</span> <span class='ocrx_word' id='word_1_188' title='bbox 1166 1824 1232 1882; x_wconf 94' lang='lat' dir='ltr'>odio</span> <span class='ocrx_word' id='word_1_189' title='bbox 1251 1843 1389 1900; x_wconf 85' lang='lat' dir='ltr'>expresso</span> <span class='ocrx_word' id='word_1_190' title='bbox 1410 1833 1442 1884; x_wconf 91' lang='lat' dir='ltr'>et</span> 
     </span>
     <span class='ocr_line' id='line_1_20' title="bbox 231 1903 1440 1987; baseline -0.003 -20"><span class='ocrx_word' id='word_1_191' title='bbox 231 1909 346 1987; x_wconf 87' lang='lat' dir='ltr'>proprie</span> <span class='ocrx_word' id='word_1_192' title='bbox 360 1908 447 1982; x_wconf 89' lang='lat' dir='ltr'>dicto,</span> <span class='ocrx_word' id='word_1_193' title='bbox 463 1907 516 1966; x_wconf 90' lang='lat' dir='ltr'>sed</span> <span class='ocrx_word' id='word_1_194' title='bbox 529 1915 692 1982; x_wconf 82' lang='lat' dir='ltr'>comparate</span> <span class='ocrx_word' id='word_1_195' title='bbox 704 1925 757 1982; x_wconf 91' lang='lat' dir='ltr'>pro</span> <span class='ocrx_word' id='word_1_196' title='bbox 771 1925 868 1964; x_wconf 90' lang='lat' dir='ltr'>amore</span> <span class='ocrx_word' id='word_1_197' title='bbox 882 1904 994 1980; x_wconf 87' lang='lat' dir='ltr'>minori,</span> <span class='ocrx_word' id='word_1_198' title='bbox 1010 1912 1039 1963; x_wconf 91' lang='lat' dir='ltr'>et</span> <span class='ocrx_word' id='word_1_199' title='bbox 1052 1903 1202 1980; x_wconf 89' lang='lat' dir='ltr'>diminuto,</span> <span class='ocrx_word' id='word_1_200' title='bbox 1217 1911 1251 1962; x_wconf 91' lang='lat' dir='ltr'>ut</span> <span class='ocrx_word' id='word_1_201' title='bbox 1263 1911 1353 1980; x_wconf 89' lang='lat' dir='ltr'>notet,</span> <span class='ocrx_word' id='word_1_202' title='bbox 1374 1905 1440 1963; x_wconf 87' lang='lat' dir='ltr'>nul·</span> 
     </span>
     <span class='ocr_line' id='line_1_21' title="bbox 228 1983 1440 2063; baseline -0.001 -19"><span class='ocrx_word' id='word_1_203' title='bbox 228 1987 272 2046; x_wconf 88' lang='lat' dir='ltr'>lae</span> <span class='ocrx_word' id='word_1_204' title='bbox 287 1986 514 2047; x_wconf 79' lang='lat' dir='ltr'>necessitudines</span> <span class='ocrx_word' id='word_1_205' title='bbox 527 1994 639 2046; x_wconf 89' lang='lat' dir='ltr'>tantum</span> <span class='ocrx_word' id='word_1_206' title='bbox 650 1985 747 2044; x_wconf 89' lang='lat' dir='ltr'>valere</span> <span class='ocrx_word' id='word_1_207' title='bbox 761 1985 838 2063; x_wconf 90' lang='lat' dir='ltr'>apud</span> <span class='ocrx_word' id='word_1_208' title='bbox 852 2005 905 2044; x_wconf 87' lang='lat' dir='ltr'>nos</span> <span class='ocrx_word' id='word_1_209' title='bbox 919 1985 1032 2060; x_wconf 89' lang='lat' dir='ltr'>debere,</span> <span class='ocrx_word' id='word_1_210' title='bbox 1048 1992 1082 2043; x_wconf 92' lang='lat' dir='ltr'>ut</span> <span class='ocrx_word' id='word_1_211' title='bbox 1100 2004 1154 2042; x_wconf 88' lang='lat' dir='ltr'>noa</span> <span class='ocrx_word' id='word_1_212' title='bbox 1178 1983 1317 2043; x_wconf 88' lang='lat' dir='ltr'>seducant</span> <span class='ocrx_word' id='word_1_213' title='bbox 1339 2004 1357 2042; x_wconf 88' lang='lat' dir='ltr'>a</span> <span class='ocrx_word' id='word_1_214' title='bbox 1378 1985 1440 2061; x_wconf 88' lang='lat' dir='ltr'>pie·</span> 
     </span>
     <span class='ocr_line' id='line_1_22' title="bbox 229 2063 1440 2144; baseline -0.003 -18"><span class='ocrx_word' id='word_1_215' title='bbox 229 2067 297 2126; x_wconf 87' lang='lat' dir='ltr'>tetis</span> <span class='ocrx_word' id='word_1_216' title='bbox 311 2065 413 2142; x_wconf 89' lang='lat' dir='ltr'>officio,</span> <span class='ocrx_word' id='word_1_217' title='bbox 441 2067 536 2124; x_wconf 90' lang='lat' dir='ltr'>Deum</span> <span class='ocrx_word' id='word_1_218' title='bbox 550 2085 637 2144; x_wconf 88' lang='lat' dir='ltr'>supra</span> <span class='ocrx_word' id='word_1_219' title='bbox 654 2084 754 2124; x_wconf 89' lang='lat' dir='ltr'>omnes</span> <span class='ocrx_word' id='word_1_220' title='bbox 775 2065 929 2124; x_wconf 88' lang='lat' dir='ltr'>amandum</span> <span class='ocrx_word' id='word_1_221' title='bbox 943 2083 1006 2124; x_wconf 88' lang='lat' dir='ltr'>esse</span> <span class='ocrx_word' id='word_1_222' title='bbox 1021 2073 1050 2124; x_wconf 88' lang='lat' dir='ltr'>et</span> <span class='ocrx_word' id='word_1_223' title='bbox 1063 2063 1233 2141; x_wconf 88' lang='lat' dir='ltr'>colendum;</span> <span class='ocrx_word' id='word_1_224' title='bbox 1256 2064 1299 2124; x_wconf 88' lang='lat' dir='ltr'>Ut</span> <span class='ocrx_word' id='word_1_225' title='bbox 1313 2064 1338 2123; x_wconf 89' lang='lat' dir='ltr'>ei</span> <span class='ocrx_word' id='word_1_226' title='bbox 1358 2085 1440 2122; x_wconf 85' lang='lat' dir='ltr'>amor</span> 
     </span>
     <span class='ocr_line' id='line_1_23' title="bbox 229 2143 1437 2224; baseline -0.001 -20"><span class='ocrx_word' id='word_1_227' title='bbox 229 2154 380 2224; x_wconf 86' lang='lat' dir='ltr'>parentum</span> <span class='ocrx_word' id='word_1_228' title='bbox 395 2146 433 2204; x_wconf 87' lang='lat' dir='ltr'>sit</span> <span class='ocrx_word' id='word_1_229' title='bbox 446 2145 587 2210; x_wconf 64' lang='grc'><strong>0111111111</strong></span> <span class='ocrx_word' id='word_1_230' title='bbox 610 2165 674 2204; x_wconf 88' lang='lat' dir='ltr'>cum</span> <span class='ocrx_word' id='word_1_231' title='bbox 689 2163 787 2203; x_wconf 89' lang='lat' dir='ltr'>amore</span> <span class='ocrx_word' id='word_1_232' title='bbox 802 2145 866 2221; x_wconf 92' lang='lat' dir='ltr'>Dei,</span> <span class='ocrx_word' id='word_1_233' title='bbox 890 2145 983 2222; x_wconf 87' lang='lat' dir='ltr'>parati</span> <span class='ocrx_word' id='word_1_234' title='bbox 1005 2145 1095 2204; x_wconf 84' lang='lat' dir='ltr'>simus</span> <span class='ocrx_word' id='word_1_235' title='bbox 1109 2143 1147 2202; x_wconf 92' lang='lat' dir='ltr'>ad</span> <span class='ocrx_word' id='word_1_236' title='bbox 1160 2144 1365 2221; x_wconf 87' lang='lat' dir='ltr'>relinquendos</span> <span class='ocrx_word' id='word_1_237' title='bbox 1385 2165 1437 2222; x_wconf 88' lang='lat' dir='ltr'>pa-</span> 
     </span>
     <span class='ocr_line' id='line_1_24' title="bbox 229 2223 1439 2305; baseline 0.002 -22"><span class='ocrx_word' id='word_1_238' title='bbox 229 2234 325 2284; x_wconf 86' lang='lat' dir='ltr'>rentes</span> <span class='ocrx_word' id='word_1_239' title='bbox 347 2225 451 2303; x_wconf 92' lang='lat' dir='ltr'>potius,</span> <span class='ocrx_word' id='word_1_240' title='bbox 477 2247 564 2302; x_wconf 86' lang='lat' dir='ltr'>quam</span> <span class='ocrx_word' id='word_1_241' title='bbox 586 2225 624 2282; x_wconf 88' lang='lat' dir='ltr'>ad</span> <span class='ocrx_word' id='word_1_242' title='bbox 646 2223 848 2302; x_wconf 88' lang='lat' dir='ltr'>abnegandum</span> <span class='ocrx_word' id='word_1_243' title='bbox 863 2225 967 2299; x_wconf 91' lang='lat' dir='ltr'>Deum,</span> <span class='ocrx_word' id='word_1_244' title='bbox 993 2233 1022 2284; x_wconf 89' lang='lat' dir='ltr'>et</span> <span class='ocrx_word' id='word_1_245' title='bbox 1036 2244 1149 2302; x_wconf 90' lang='lat' dir='ltr'>semper</span> <span class='ocrx_word' id='word_1_246' title='bbox 1162 2233 1297 2305; x_wconf 80' lang='lat' dir='ltr'>praestare</span> <span class='ocrx_word' id='word_1_247' title='bbox 1311 2224 1439 2286; x_wconf 85' lang='lat' dir='ltr'>aciamus</span> 
     </span>
     <span class='ocr_line' id='line_1_25' title="bbox 231 2303 1438 2382; baseline -0.002 -18"><span class='ocrx_word' id='word_1_248' title='bbox 231 2303 348 2364; x_wconf 89' lang='lat' dir='ltr'>obedire</span> <span class='ocrx_word' id='word_1_249' title='bbox 371 2305 434 2364; x_wconf 93' lang='lat' dir='ltr'>Deo</span> <span class='ocrx_word' id='word_1_250' title='bbox 455 2325 542 2382; x_wconf 88' lang='lat' dir='ltr'>qnam</span> <span class='ocrx_word' id='word_1_251' title='bbox 555 2303 738 2363; x_wconf 77' lang='lat' dir='ltr'>hominibus:</span> <span class='ocrx_word' id='word_1_252' title='bbox 774 2305 822 2364; x_wconf 83' lang='lat' dir='ltr'>Sic</span> <span class='ocrx_word' id='word_1_253' title='bbox 836 2323 912 2382; x_wconf 84' lang='lat' dir='ltr'>saepe</span> <span class='ocrx_word' id='word_1_254' title='bbox 926 2305 1016 2364; x_wconf 63' lang='lat' dir='ltr'>odisse</span> <span class='ocrx_word' id='word_1_255' title='bbox 1028 2305 1145 2382; x_wconf 88' lang='lat' dir='ltr'>ponitur</span> <span class='ocrx_word' id='word_1_256' title='bbox 1157 2325 1210 2382; x_wconf 91' lang='lat' dir='ltr'>pro</span> <span class='ocrx_word' id='word_1_257' title='bbox 1223 2306 1313 2364; x_wconf 76' lang='lat' dir='ltr'>minate</span> <span class='ocrx_word' id='word_1_258' title='bbox 1326 2323 1438 2380; x_wconf 82' lang='lat' dir='ltr'>amare,</span> 
     </span>
     <span class='ocr_line' id='line_1_26' title="bbox 230 2384 1440 2461; baseline 0 -17"><span class='ocrx_word' id='word_1_259' title='bbox 230 2393 263 2444; x_wconf 90' lang='lat' dir='ltr'>ut</span> <span class='ocrx_word' id='word_1_260' title='bbox 278 2385 352 2444; x_wconf 86' lang='lat' dir='ltr'>Gen.</span> <span class='ocrx_word' id='word_1_261' title='bbox 367 2385 451 2443; x_wconf 84' lang='lat' dir='ltr'>xxix.</span> <span class='ocrx_word' id='word_1_262' title='bbox 467 2388 514 2459; x_wconf 85' lang='lat'>31,</span> <span class='ocrx_word' id='word_1_263' title='bbox 531 2387 579 2461; x_wconf 85' lang='lat'>33,</span> <span class='ocrx_word' id='word_1_264' title='bbox 594 2384 689 2443; x_wconf 85' lang='lat' dir='ltr'>Jacob</span> <span class='ocrx_word' id='word_1_265' title='bbox 710 2384 816 2444; x_wconf 88' lang='lat' dir='ltr'>dicitur</span> <span class='ocrx_word' id='word_1_266' title='bbox 836 2387 925 2444; x_wconf 71' lang='grc'><strong>0011101</strong></span> <span class='ocrx_word' id='word_1_267' title='bbox 938 2387 1037 2460; x_wconf 83' lang='lat' dir='ltr'>Lcam,</span> <span class='ocrx_word' id='word_1_268' title='bbox 1059 2384 1099 2443; x_wconf 90' lang='lat' dir='ltr'>id.</span> <span class='ocrx_word' id='word_1_269' title='bbox 1121 2385 1217 2443; x_wconf 90' lang='lat' dir='ltr'>minus</span> <span class='ocrx_word' id='word_1_270' title='bbox 1230 2402 1361 2460; x_wconf 78' lang='lat' dir='ltr'>amasse3</span> <span class='ocrx_word' id='word_1_271' title='bbox 1384 2405 1440 2444; x_wconf 88' lang='lat' dir='ltr'>neo</span> 
     </span>
     <span class='ocr_line' id='line_1_27' title="bbox 230 2463 1441 2540; baseline -0.001 -16"><span class='ocrx_word' id='word_1_272' title='bbox 230 2465 307 2524; x_wconf 89' lang='lat' dir='ltr'>enim</span> <span class='ocrx_word' id='word_1_273' title='bbox 328 2472 387 2524; x_wconf 88' lang='lat' dir='ltr'>tam</span> <span class='ocrx_word' id='word_1_274' title='bbox 410 2465 535 2524; x_wconf 87' lang='lat' dir='ltr'>crudelis</span> <span class='ocrx_word' id='word_1_275' title='bbox 556 2463 716 2524; x_wconf 88' lang='lat' dir='ltr'>censendus</span> <span class='ocrx_word' id='word_1_276' title='bbox 731 2474 775 2524; x_wconf 92' lang='lat' dir='ltr'>est</span> <span class='ocrx_word' id='word_1_277' title='bbox 788 2465 892 2540; x_wconf 86' lang='lat' dir='ltr'>Jacob,</span> <span class='ocrx_word' id='word_1_278' title='bbox 908 2474 940 2524; x_wconf 89' lang='lat' dir='ltr'>ut</span> <span class='ocrx_word' id='word_1_279' title='bbox 954 2484 1017 2522; x_wconf 89' lang='lat' dir='ltr'>eam</span> <span class='ocrx_word' id='word_1_280' title='bbox 1032 2463 1099 2524; x_wconf 90' lang='lat' dir='ltr'>odio</span> <span class='ocrx_word' id='word_1_281' title='bbox 1112 2464 1255 2525; x_wconf 86' lang='lat' dir='ltr'>babuerit.</span> <span class='ocrx_word' id='word_1_282' title='bbox 1298 2464 1347 2523; x_wconf 84' lang='lat' dir='ltr'>Sic</span> <span class='ocrx_word' id='word_1_283' title='bbox 1368 2483 1441 2524; x_wconf 88' lang='lat' dir='ltr'>vero</span> 
     </span>
     <span class='ocr_line' id='line_1_28' title="bbox 229 2544 1437 2622; baseline -0.001 -19"><span class='ocrx_word' id='word_1_284' title='bbox 229 2546 285 2604; x_wconf 93' lang='lat' dir='ltr'>hoc</span> <span class='ocrx_word' id='word_1_285' title='bbox 304 2545 370 2604; x_wconf 87' lang='lat' dir='ltr'>loeo</span> <span class='ocrx_word' id='word_1_286' title='bbox 389 2544 609 2622; x_wconf 88' lang='lat' dir='ltr'>intelligendum</span> <span class='ocrx_word' id='word_1_287' title='bbox 623 2563 686 2604; x_wconf 87' lang='lat' dir='ltr'>esse</span> <span class='ocrx_word' id='word_1_288' title='bbox 700 2545 792 2622; x_wconf 89' lang='lat' dir='ltr'>liquet</span> <span class='ocrx_word' id='word_1_289' title='bbox 806 2565 843 2604; x_wconf 83' lang='lat' dir='ltr'>ex</span> <span class='ocrx_word' id='word_1_290' title='bbox 857 2544 1021 2604; x_wconf 85' lang='lat' dir='ltr'>collatione</span> <span class='ocrx_word' id='word_1_291' title='bbox 1032 2545 1117 2604; x_wconf 87' lang='lat' dir='ltr'>Matt.</span> <span class='ocrx_word' id='word_1_292' title='bbox 1132 2566 1162 2602; x_wconf 85' lang='lat' dir='ltr'>x.</span> <span class='ocrx_word' id='word_1_293' title='bbox 1177 2547 1225 2620; x_wconf 84' lang='grc'>37,</span> <span class='ocrx_word' id='word_1_294' title='bbox 1247 2544 1298 2611; x_wconf 85' lang='lat' dir='ltr'>ubi</span> <span class='ocrx_word' id='word_1_295' title='bbox 1317 2545 1437 2622; x_wconf 84' lang='lat' dir='ltr'>exponi-</span> 
     </span>
     <span class='ocr_line' id='line_1_29' title="bbox 229 2624 1438 2703; baseline -0.002 -19"><span class='ocrx_word' id='word_1_296' title='bbox 229 2633 277 2684; x_wconf 87' lang='lat' dir='ltr'>tur</span> <span class='ocrx_word' id='word_1_297' title='bbox 296 2627 457 2702; x_wconf 89' lang='lat' dir='ltr'>perminus</span> <span class='ocrx_word' id='word_1_298' title='bbox 471 2645 586 2686; x_wconf 88' lang='lat' dir='ltr'>amare:</span> <span class='ocrx_word' id='word_1_299' title='bbox 610 2627 627 2659; x_wconf 88' lang='lat'><strong>“</strong></span> <span class='ocrx_word' id='word_1_300' title='bbox 643 2626 675 2686; x_wconf 83' lang='lat' dir='ltr'>Si</span> <span class='ocrx_word' id='word_1_301' title='bbox 689 2625 754 2703; x_wconf 89' lang='lat' dir='ltr'>quis</span> <span class='ocrx_word' id='word_1_302' title='bbox 772 2633 906 2703; x_wconf 87' lang='lat' dir='ltr'>parentes</span> <span class='ocrx_word' id='word_1_303' title='bbox 920 2624 1056 2684; x_wconf 83' lang='lat' dir='ltr'>dilexerit</span> <span class='ocrx_word' id='word_1_304' title='bbox 1077 2645 1163 2703; x_wconf 86' lang='lat' dir='ltr'>supra</span> <span class='ocrx_word' id='word_1_305' title='bbox 1176 2644 1231 2700; x_wconf 88' lang='lat' dir='ltr'>me,</span> <span class='ocrx_word' id='word_1_306' title='bbox 1253 2643 1312 2682; x_wconf 91' lang='lat' dir='ltr'>non</span> <span class='ocrx_word' id='word_1_307' title='bbox 1326 2633 1373 2682; x_wconf 85' lang='lat' dir='ltr'>est</span> <span class='ocrx_word' id='word_1_308' title='bbox 1392 2645 1438 2682; x_wconf 88' lang='lat' dir='ltr'>me</span> 
     </span>
     <span class='ocr_line' id='line_1_30' title="bbox 229 2705 365 2764; baseline -0.015 0"><span class='ocrx_word' id='word_1_309' title='bbox 229 2705 259 2764; x_wconf 89' lang='lat' dir='ltr'>di</span> <span class='ocrx_word' id='word_1_310' title='bbox 300 2706 365 2764; x_wconf 83' lang='lat' dir='ltr'>us.&#39;’</span> 
     </span>
    </p>

    <p class='ocr_par' dir='ltr' id='par_1_6' title="bbox 220 2723 1438 4142">
     <span class='ocr_line' id='line_1_31' title="bbox 260 2723 1437 2864; baseline -0.001 -22"><span class='ocrx_word' id='word_1_311' title='bbox 260 2723 401 2844; x_wconf 80' lang='lat' dir='ltr'>gXXIII.</span> <span class='ocrx_word' id='word_1_312' title='bbox 423 2785 489 2843; x_wconf 88' lang='lat' dir='ltr'>Non</span> <span class='ocrx_word' id='word_1_313' title='bbox 514 2785 712 2864; x_wconf 89' lang='lat' dir='ltr'>dispensatum</span> <span class='ocrx_word' id='word_1_314' title='bbox 736 2784 792 2843; x_wconf 88' lang='lat' dir='ltr'>fuit</span> <span class='ocrx_word' id='word_1_315' title='bbox 814 2784 850 2842; x_wconf 89' lang='lat' dir='ltr'>de</span> <span class='ocrx_word' id='word_1_316' title='bbox 878 2791 963 2843; x_wconf 84' lang='lat' dir='ltr'>sexto</span> <span class='ocrx_word' id='word_1_317' title='bbox 992 2783 1141 2861; x_wconf 81' lang='lat' dir='ltr'>Praecepto</span> <span class='ocrx_word' id='word_1_318' title='bbox 1168 2783 1325 2859; x_wconf 89' lang='lat' dir='ltr'>homicidii,</span> <span class='ocrx_word' id='word_1_319' title='bbox 1348 2801 1437 2861; x_wconf 88' lang='lat' dir='ltr'>quum</span> 
     </span>
     <span class='ocr_line' id='line_1_32' title="bbox 224 2863 1436 2942; baseline 0 -18"><span class='ocrx_word' id='word_1_320' title='bbox 224 2865 326 2942; x_wconf 88' lang='lat' dir='ltr'>jussus</span> <span class='ocrx_word' id='word_1_321' title='bbox 340 2875 384 2924; x_wconf 92' lang='lat' dir='ltr'>est</span> <span class='ocrx_word' id='word_1_322' title='bbox 398 2864 584 2926; x_wconf 87' lang='lat' dir='ltr'>Abrahamus</span> <span class='ocrx_word' id='word_1_323' title='bbox 597 2874 723 2924; x_wconf 87' lang='lat' dir='ltr'>mactare</span> <span class='ocrx_word' id='word_1_324' title='bbox 736 2863 827 2924; x_wconf 89' lang='lat' dir='ltr'>filium</span> <span class='ocrx_word' id='word_1_325' title='bbox 842 2883 946 2924; x_wconf 87' lang='lat' dir='ltr'>suum:</span> <span class='ocrx_word' id='word_1_326' title='bbox 967 2864 1036 2940; x_wconf 91' lang='lat' dir='ltr'>quia</span> <span class='ocrx_word' id='word_1_327' title='bbox 1053 2863 1221 2923; x_wconf 87' lang='lat' dir='ltr'>mandatum</span> <span class='ocrx_word' id='word_1_328' title='bbox 1235 2863 1289 2923; x_wconf 84' lang='lat' dir='ltr'>fuit</span> <span class='ocrx_word' id='word_1_329' title='bbox 1303 2863 1436 2941; x_wconf 86' lang='lat' dir='ltr'>explora·</span> 
     </span>
     <span class='ocr_line' id='line_1_33' title="bbox 228 2943 1437 3022; baseline -0.001 -18"><span class='ocrx_word' id='word_1_330' title='bbox 228 2946 334 3005; x_wconf 88' lang='lat' dir='ltr'>terium</span> <span class='ocrx_word' id='word_1_331' title='bbox 348 2953 468 3022; x_wconf 90' lang='lat' dir='ltr'>tautum,</span> <span class='ocrx_word' id='word_1_332' title='bbox 484 2965 543 3005; x_wconf 89' lang='lat' dir='ltr'>non</span> <span class='ocrx_word' id='word_1_333' title='bbox 557 2947 739 3006; x_wconf 87' lang='lat' dir='ltr'>absolutum:</span> <span class='ocrx_word' id='word_1_334' title='bbox 762 2943 823 3002; x_wconf 90' lang='lat' dir='ltr'>Nec</span> <span class='ocrx_word' id='word_1_335' title='bbox 844 2943 868 3002; x_wconf 90' lang='lat' dir='ltr'>si</span> <span class='ocrx_word' id='word_1_336' title='bbox 890 2951 1045 3003; x_wconf 85' lang='lat' dir='ltr'>mactasset</span> <span class='ocrx_word' id='word_1_337' title='bbox 1060 2945 1123 3004; x_wconf 91' lang='lat' dir='ltr'>Deo</span> <span class='ocrx_word' id='word_1_338' title='bbox 1133 2944 1265 3022; x_wconf 86' lang='lat' dir='ltr'>jubente,</span> <span class='ocrx_word' id='word_1_339' title='bbox 1280 2944 1310 3001; x_wconf 91' lang='lat' dir='ltr'>in</span> <span class='ocrx_word' id='word_1_340' title='bbox 1326 2943 1437 3022; x_wconf 80' lang='lat' dir='ltr'>Legem</span> 
     </span>
     <span class='ocr_line' id='line_1_34' title="bbox 226 3023 1434 3104; baseline 0 -20"><span class='ocrx_word' id='word_1_341' title='bbox 226 3025 263 3084; x_wconf 93' lang='lat' dir='ltr'>de</span> <span class='ocrx_word' id='word_1_342' title='bbox 285 3025 441 3085; x_wconf 88' lang='lat' dir='ltr'>homicidio</span> <span class='ocrx_word' id='word_1_343' title='bbox 465 3035 622 3104; x_wconf 86' lang='lat' dir='ltr'>peccasset,</span> <span class='ocrx_word' id='word_1_344' title='bbox 651 3025 720 3102; x_wconf 87' lang='lat' dir='ltr'>quia</span> <span class='ocrx_word' id='word_1_345' title='bbox 746 3023 919 3083; x_wconf 86' lang='lat' dir='ltr'>authoritate</span> <span class='ocrx_word' id='word_1_346' title='bbox 941 3025 1059 3102; x_wconf 89' lang='lat' dir='ltr'>publica</span> <span class='ocrx_word' id='word_1_347' title='bbox 1079 3025 1238 3084; x_wconf 88' lang='lat' dir='ltr'>instructus</span> <span class='ocrx_word' id='word_1_348' title='bbox 1258 3024 1290 3082; x_wconf 89' lang='lat' dir='ltr'>id</span> <span class='ocrx_word' id='word_1_349' title='bbox 1309 3023 1434 3102; x_wconf 83' lang='lat' dir='ltr'>iecisset,</span> 
     </span>
     <span class='ocr_line' id='line_1_35' title="bbox 226 3103 1437 3182; baseline 0 -18"><span class='ocrx_word' id='word_1_350' title='bbox 226 3106 362 3166; x_wconf 88' lang='lat' dir='ltr'>mandato</span> <span class='ocrx_word' id='word_1_351' title='bbox 377 3106 488 3165; x_wconf 87' lang='lat' dir='ltr'>scilieet</span> <span class='ocrx_word' id='word_1_352' title='bbox 502 3107 567 3165; x_wconf 91' lang='lat' dir='ltr'>Dei.</span> <span class='ocrx_word' id='word_1_353' title='bbox 610 3105 674 3163; x_wconf 80' lang='lat' dir='ltr'>Lex</span> <span class='ocrx_word' id='word_1_354' title='bbox 688 3123 758 3162; x_wconf 84' lang='lat' dir='ltr'>vero</span> <span class='ocrx_word' id='word_1_355' title='bbox 781 3123 840 3162; x_wconf 90' lang='lat' dir='ltr'>non</span> <span class='ocrx_word' id='word_1_356' title='bbox 861 3104 1011 3180; x_wconf 92' lang='lat' dir='ltr'>quodlibet</span> <span class='ocrx_word' id='word_1_357' title='bbox 1024 3104 1211 3164; x_wconf 90' lang='lat' dir='ltr'>homicidium</span> <span class='ocrx_word' id='word_1_358' title='bbox 1225 3103 1352 3179; x_wconf 84' lang='lat' dir='ltr'>damnat,</span> <span class='ocrx_word' id='word_1_359' title='bbox 1368 3105 1437 3182; x_wconf 88' lang='lat' dir='ltr'>quia</span> 
     </span>
     <span class='ocr_line' id='line_1_36' title="bbox 227 3183 1436 3262; baseline 0.001 -18"><span class='ocrx_word' id='word_1_360' title='bbox 227 3193 341 3246; x_wconf 88' lang='lat' dir='ltr'>tenetur</span> <span class='ocrx_word' id='word_1_361' title='bbox 359 3186 547 3262; x_wconf 84' lang='lat' dir='ltr'>magistratus</span> <span class='ocrx_word' id='word_1_362' title='bbox 568 3184 711 3262; x_wconf 85' lang='lat' dir='ltr'>supplicia</span> <span class='ocrx_word' id='word_1_363' title='bbox 734 3183 765 3240; x_wconf 92' lang='lat' dir='ltr'>in</span> <span class='ocrx_word' id='word_1_364' title='bbox 788 3192 886 3242; x_wconf 83' lang='lat' dir='ltr'>sontes</span> <span class='ocrx_word' id='word_1_365' title='bbox 910 3203 1054 3260; x_wconf 83' lang='lat' dir='ltr'>exercere,</span> <span class='ocrx_word' id='word_1_366' title='bbox 1078 3191 1107 3244; x_wconf 92' lang='lat' dir='ltr'>et</span> <span class='ocrx_word' id='word_1_367' title='bbox 1121 3184 1224 3262; x_wconf 89' lang='lat' dir='ltr'>cuique</span> <span class='ocrx_word' id='word_1_368' title='bbox 1239 3184 1354 3262; x_wconf 87' lang='lat' dir='ltr'>privato</span> <span class='ocrx_word' id='word_1_369' title='bbox 1368 3185 1436 3245; x_wconf 88' lang='lat' dir='ltr'>licet</span> 
     </span>
     <span class='ocr_line' id='line_1_37' title="bbox 225 3263 1438 3341; baseline 0.002 -19"><span class='ocrx_word' id='word_1_370' title='bbox 225 3265 366 3341; x_wconf 87' lang='lat' dir='ltr'>injustum</span> <span class='ocrx_word' id='word_1_371' title='bbox 388 3283 589 3341; x_wconf 83' lang='lat' dir='ltr'>aggressuram</span> <span class='ocrx_word' id='word_1_372' title='bbox 613 3272 643 3323; x_wconf 93' lang='lat' dir='ltr'>et</span> <span class='ocrx_word' id='word_1_373' title='bbox 664 3264 805 3322; x_wconf 87' lang='lat' dir='ltr'>latronem</span> <span class='ocrx_word' id='word_1_374' title='bbox 827 3263 895 3321; x_wconf 84' lang='lat' dir='ltr'>vitae</span> <span class='ocrx_word' id='word_1_375' title='bbox 916 3264 1031 3324; x_wconf 83' lang='lat' dir='ltr'>tuendae</span> <span class='ocrx_word' id='word_1_376' title='bbox 1050 3284 1137 3324; x_wconf 90' lang='lat' dir='ltr'>causa</span> <span class='ocrx_word' id='word_1_377' title='bbox 1151 3264 1290 3340; x_wconf 89' lang='lat' dir='ltr'>occidere,</span> <span class='ocrx_word' id='word_1_378' title='bbox 1305 3263 1438 3324; x_wconf 84' lang='lat' dir='ltr'>adbibita</span> 
     </span>
     <span class='ocr_line' id='line_1_38' title="bbox 225 3341 1436 3422; baseline 0.002 -21"><span class='ocrx_word' id='word_1_379' title='bbox 225 3343 420 3402; x_wconf 89' lang='lat' dir='ltr'>moderamine</span> <span class='ocrx_word' id='word_1_380' title='bbox 441 3343 595 3420; x_wconf 84' lang='lat' dir='ltr'>inculpatae</span> <span class='ocrx_word' id='word_1_381' title='bbox 609 3343 726 3418; x_wconf 80' lang='lat' dir='ltr'>tuteloe3</span> <span class='ocrx_word' id='word_1_382' title='bbox 755 3341 814 3401; x_wconf 87' lang='lat' dir='ltr'>Sed</span> <span class='ocrx_word' id='word_1_383' title='bbox 835 3342 1022 3402; x_wconf 88' lang='lat' dir='ltr'>homicidium</span> <span class='ocrx_word' id='word_1_384' title='bbox 1036 3352 1180 3404; x_wconf 85' lang='lat' dir='ltr'>tantuma</span> <span class='ocrx_word' id='word_1_385' title='bbox 1199 3344 1313 3422; x_wconf 90' lang='lat' dir='ltr'>privato</span> <span class='ocrx_word' id='word_1_386' title='bbox 1328 3344 1436 3422; x_wconf 85' lang='lat' dir='ltr'>injuste</span> 
     </span>
     <span class='ocr_line' id='line_1_39' title="bbox 225 3422 1436 3503; baseline 0.002 -21"><span class='ocrx_word' id='word_1_387' title='bbox 225 3431 255 3482; x_wconf 91' lang='lat' dir='ltr'>et</span> <span class='ocrx_word' id='word_1_388' title='bbox 277 3423 339 3484; x_wconf 89' lang='lat' dir='ltr'>sine</span> <span class='ocrx_word' id='word_1_389' title='bbox 364 3423 538 3482; x_wconf 85' lang='lat' dir='ltr'>authoritate</span> <span class='ocrx_word' id='word_1_390' title='bbox 562 3429 766 3500; x_wconf 88' lang='lat' dir='ltr'>perpetratum.</span> <span class='ocrx_word' id='word_1_391' title='bbox 809 3422 902 3482; x_wconf 87' lang='lat' dir='ltr'>Mosis</span> <span class='ocrx_word' id='word_1_392' title='bbox 926 3423 1112 3484; x_wconf 90' lang='lat' dir='ltr'>homicidium</span> <span class='ocrx_word' id='word_1_393' title='bbox 1135 3444 1194 3483; x_wconf 91' lang='lat' dir='ltr'>non</span> <span class='ocrx_word' id='word_1_394' title='bbox 1214 3433 1311 3503; x_wconf 87' lang='lat' dir='ltr'>potest</span> <span class='ocrx_word' id='word_1_395' title='bbox 1325 3425 1436 3484; x_wconf 89' lang='lat' dir='ltr'>censeri</span> 
     </span>
     <span class='ocr_line' id='line_1_40' title="bbox 226 3502 1435 3581; baseline 0.002 -20"><span class='ocrx_word' id='word_1_396' title='bbox 226 3511 326 3562; x_wconf 88' lang='lat' dir='ltr'>contra</span> <span class='ocrx_word' id='word_1_397' title='bbox 341 3503 458 3580; x_wconf 86' lang='lat' dir='ltr'>Legem,</span> <span class='ocrx_word' id='word_1_398' title='bbox 475 3502 553 3580; x_wconf 89' lang='lat' dir='ltr'>quod</span> <span class='ocrx_word' id='word_1_399' title='bbox 575 3503 656 3560; x_wconf 90' lang='lat' dir='ltr'>Deus</span> <span class='ocrx_word' id='word_1_400' title='bbox 670 3502 873 3580; x_wconf 87' lang='lat' dir='ltr'>approbaverit</span> <span class='ocrx_word' id='word_1_401' title='bbox 886 3523 938 3581; x_wconf 91' lang='lat' dir='ltr'>per</span> <span class='ocrx_word' id='word_1_402' title='bbox 951 3503 1204 3581; x_wconf 87' lang='lat' dir='ltr'>dispensationem,</span> <span class='ocrx_word' id='word_1_403' title='bbox 1227 3503 1323 3562; x_wconf 87' lang='lat' dir='ltr'>Exod.</span> <span class='ocrx_word' id='word_1_404' title='bbox 1339 3503 1369 3563; x_wconf 91' lang='lat' dir='ltr'>ii.</span> <span class='ocrx_word' id='word_1_405' title='bbox 1388 3507 1435 3580; x_wconf 88' lang='grc'>12,</span> 
     </span>
     <span class='ocr_line' id='line_1_41' title="bbox 225 3581 1436 3661; baseline 0.001 -19"><span class='ocrx_word' id='word_1_406' title='bbox 225 3583 293 3660; x_wconf 89' lang='lat' dir='ltr'>quia</span> <span class='ocrx_word' id='word_1_407' title='bbox 307 3583 407 3642; x_wconf 87' lang='lat' dir='ltr'>Moses</span> <span class='ocrx_word' id='word_1_408' title='bbox 422 3583 476 3642; x_wconf 89' lang='lat' dir='ltr'>fuit</span> <span class='ocrx_word' id='word_1_409' title='bbox 489 3601 612 3660; x_wconf 87' lang='lat' dir='ltr'>persona</span> <span class='ocrx_word' id='word_1_410' title='bbox 625 3581 750 3659; x_wconf 88' lang='lat' dir='ltr'>publica,</span> <span class='ocrx_word' id='word_1_411' title='bbox 772 3583 883 3643; x_wconf 89' lang='lat' dir='ltr'>habens</span> <span class='ocrx_word' id='word_1_412' title='bbox 893 3585 956 3661; x_wconf 86' lang='lat' dir='ltr'>jam</span> <span class='ocrx_word' id='word_1_413' title='bbox 970 3583 1112 3644; x_wconf 90' lang='lat' dir='ltr'>internam</span> <span class='ocrx_word' id='word_1_414' title='bbox 1126 3584 1326 3660; x_wconf 64' lang='lat' dir='ltr'>vocationem</span> <span class='ocrx_word' id='word_1_415' title='bbox 1350 3585 1436 3658; x_wconf 81' lang='lat' dir='ltr'>Quod</span> 
     </span>
     <span class='ocr_line' id='line_1_42' title="bbox 224 3662 1433 3741; baseline 0 -19"><span class='ocrx_word' id='word_1_416' title='bbox 224 3662 311 3722; x_wconf 88' lang='lat' dir='ltr'>etiam</span> <span class='ocrx_word' id='word_1_417' title='bbox 334 3662 370 3721; x_wconf 92' lang='lat' dir='ltr'>de</span> <span class='ocrx_word' id='word_1_418' title='bbox 384 3663 494 3721; x_wconf 78' lang='lat' dir='ltr'>Phinea</span> <span class='ocrx_word' id='word_1_419' title='bbox 507 3662 671 3737; x_wconf 84' lang='lat' dir='ltr'>dicendum,</span> <span class='ocrx_word' id='word_1_420' title='bbox 694 3664 745 3741; x_wconf 93' lang='lat' dir='ltr'>qui</span> <span class='ocrx_word' id='word_1_421' title='bbox 766 3663 883 3740; x_wconf 87' lang='lat' dir='ltr'>publica</span> <span class='ocrx_word' id='word_1_422' title='bbox 903 3664 1076 3724; x_wconf 87' lang='lat' dir='ltr'>authoritate</span> <span class='ocrx_word' id='word_1_423' title='bbox 1091 3664 1145 3724; x_wconf 87' lang='lat' dir='ltr'>fuit</span> <span class='ocrx_word' id='word_1_424' title='bbox 1158 3665 1325 3740; x_wconf 85' lang='lat' dir='ltr'>instructus,</span> <span class='ocrx_word' id='word_1_425' title='bbox 1341 3672 1370 3723; x_wconf 91' lang='lat' dir='ltr'>et</span> <span class='ocrx_word' id='word_1_426' title='bbox 1391 3663 1433 3722; x_wconf 92' lang='lat' dir='ltr'>in-</span> 
     </span>
     <span class='ocr_line' id='line_1_43' title="bbox 223 3741 1436 3824; baseline 0 -22"><span class='ocrx_word' id='word_1_427' title='bbox 223 3751 334 3802; x_wconf 90' lang='lat' dir='ltr'>temam</span> <span class='ocrx_word' id='word_1_428' title='bbox 358 3742 461 3800; x_wconf 87' lang='lat' dir='ltr'>habuit</span> <span class='ocrx_word' id='word_1_429' title='bbox 481 3741 563 3800; x_wconf 90' lang='lat' dir='ltr'>adid</span> <span class='ocrx_word' id='word_1_430' title='bbox 586 3743 776 3820; x_wconf 88' lang='lat' dir='ltr'>vocationem,</span> <span class='ocrx_word' id='word_1_431' title='bbox 800 3744 825 3802; x_wconf 87' lang='lat' dir='ltr'>si</span> <span class='ocrx_word' id='word_1_432' title='bbox 846 3763 905 3803; x_wconf 89' lang='lat' dir='ltr'>non</span> <span class='ocrx_word' id='word_1_433' title='bbox 923 3752 1083 3804; x_wconf 86' lang='lat' dir='ltr'>externam.</span> <span class='ocrx_word' id='word_1_434' title='bbox 1127 3745 1276 3818; x_wconf 82' lang='lat' dir='ltr'>Samsonis</span> <span class='ocrx_word' id='word_1_435' title='bbox 1289 3745 1436 3824; x_wconf 53' lang='lat' dir='ltr'>chiffletii</span> 
     </span>
     <span class='ocr_line' id='line_1_44' title="bbox 223 3821 1435 3902; baseline 0.002 -22"><span class='ocrx_word' id='word_1_436' title='bbox 223 3843 282 3881; x_wconf 91' lang='lat' dir='ltr'>non</span> <span class='ocrx_word' id='word_1_437' title='bbox 306 3822 361 3882; x_wconf 86' lang='lat' dir='ltr'>fuit</span> <span class='ocrx_word' id='word_1_438' title='bbox 383 3821 551 3900; x_wconf 89' lang='lat' dir='ltr'>simpliciter</span> <span class='ocrx_word' id='word_1_439' title='bbox 573 3831 673 3882; x_wconf 87' lang='lat' dir='ltr'>contra</span> <span class='ocrx_word' id='word_1_440' title='bbox 695 3823 813 3901; x_wconf 88' lang='lat' dir='ltr'>Legem,</span> <span class='ocrx_word' id='word_1_441' title='bbox 838 3824 907 3900; x_wconf 88' lang='lat' dir='ltr'>quia</span> <span class='ocrx_word' id='word_1_442' title='bbox 929 3844 988 3882; x_wconf 92' lang='lat' dir='ltr'>non</span> <span class='ocrx_word' id='word_1_443' title='bbox 1012 3825 1067 3884; x_wconf 90' lang='lat' dir='ltr'>fuit</span> <span class='ocrx_word' id='word_1_444' title='bbox 1090 3825 1166 3884; x_wconf 81' lang='lat' dir='ltr'>facta</span> <span class='ocrx_word' id='word_1_445' title='bbox 1179 3824 1293 3902; x_wconf 89' lang='lat' dir='ltr'>privato</span> <span class='ocrx_word' id='word_1_446' title='bbox 1307 3825 1435 3902; x_wconf 91' lang='lat' dir='ltr'>impulsu</span> 
     </span>
     <span class='ocr_line' id='line_1_45' title="bbox 223 3902 1436 3982; baseline 0.002 -20"><span class='ocrx_word' id='word_1_447' title='bbox 223 3911 344 3978; x_wconf 83' lang='lat' dir='ltr'>tantum,</span> <span class='ocrx_word' id='word_1_448' title='bbox 365 3923 429 3979; x_wconf 86' lang='lat' dir='ltr'>quea</span> <span class='ocrx_word' id='word_1_449' title='bbox 447 3902 607 3979; x_wconf 84' lang='lat' dir='ltr'>darnnatur,</span> <span class='ocrx_word' id='word_1_450' title='bbox 628 3903 680 3962; x_wconf 87' lang='lat' dir='ltr'>sed</span> <span class='ocrx_word' id='word_1_451' title='bbox 700 3903 838 3982; x_wconf 87' lang='lat' dir='ltr'>peculiari</span> <span class='ocrx_word' id='word_1_452' title='bbox 859 3904 1006 3980; x_wconf 84' lang='lat' dir='ltr'>instinctu,</span> <span class='ocrx_word' id='word_1_453' title='bbox 1027 3913 1056 3964; x_wconf 90' lang='lat' dir='ltr'>et</span> <span class='ocrx_word' id='word_1_454' title='bbox 1076 3905 1263 3982; x_wconf 87' lang='lat' dir='ltr'>inspiratione</span> <span class='ocrx_word' id='word_1_455' title='bbox 1283 3904 1363 3963; x_wconf 90' lang='lat' dir='ltr'>illius</span> <span class='ocrx_word' id='word_1_456' title='bbox 1384 3905 1436 3982; x_wconf 91' lang='lat' dir='ltr'>qui</span> 
     </span>
     <span class='ocr_line' id='line_1_46' title="bbox 222 3983 1435 4062; baseline -0.001 -19"><span class='ocrx_word' id='word_1_457' title='bbox 222 3983 387 4044; x_wconf 89' lang='lat' dir='ltr'>absolutum</span> <span class='ocrx_word' id='word_1_458' title='bbox 407 3983 458 4060; x_wconf 88' lang='lat' dir='ltr'>jus</span> <span class='ocrx_word' id='word_1_459' title='bbox 481 3983 570 4042; x_wconf 90' lang='lat' dir='ltr'>hebet</span> <span class='ocrx_word' id='word_1_460' title='bbox 592 3983 624 4042; x_wconf 90' lang='lat' dir='ltr'>in</span> <span class='ocrx_word' id='word_1_461' title='bbox 646 3985 735 4042; x_wconf 88' lang='lat' dir='ltr'>vitam</span> <span class='ocrx_word' id='word_1_462' title='bbox 760 3991 789 4044; x_wconf 87' lang='lat' dir='ltr'>ct</span> <span class='ocrx_word' id='word_1_463' title='bbox 812 3984 898 4060; x_wconf 88' lang='lat' dir='ltr'>bona,</span> <span class='ocrx_word' id='word_1_464' title='bbox 922 3983 1051 4061; x_wconf 86' lang='lat' dir='ltr'>adeoque</span> <span class='ocrx_word' id='word_1_465' title='bbox 1066 3984 1221 4062; x_wconf 77' lang='lat' dir='ltr'>quiritem</span> <span class='ocrx_word' id='word_1_466' title='bbox 1235 3992 1363 4043; x_wconf 69' lang='lat' dir='ltr'>noemam</span> <span class='ocrx_word' id='word_1_467' title='bbox 1385 3985 1435 4044; x_wconf 85' lang='lat' dir='ltr'>vel</span> 
     </span>
     <span class='ocr_line' id='line_1_47' title="bbox 220 4063 1434 4142; baseline 0.002 -20"><span class='ocrx_word' id='word_1_468' title='bbox 220 4063 344 4122; x_wconf 87' lang='lat' dir='ltr'>alienam</span> <span class='ocrx_word' id='word_1_469' title='bbox 359 4070 487 4139; x_wconf 90' lang='lat' dir='ltr'>repetere</span> <span class='ocrx_word' id='word_1_470' title='bbox 501 4072 596 4142; x_wconf 91' lang='lat' dir='ltr'>potest</span> <span class='ocrx_word' id='word_1_471' title='bbox 610 4064 726 4141; x_wconf 87' lang='lat' dir='ltr'>quando</span> <span class='ocrx_word' id='word_1_472' title='bbox 739 4064 827 4139; x_wconf 90' lang='lat' dir='ltr'>libet;</span> <span class='ocrx_word' id='word_1_473' title='bbox 850 4083 936 4142; x_wconf 87' lang='lat' dir='ltr'>quam</span> <span class='ocrx_word' id='word_1_474' title='bbox 950 4063 998 4123; x_wconf 89' lang='lat' dir='ltr'>hic</span> <span class='ocrx_word' id='word_1_475' title='bbox 1012 4063 1139 4124; x_wconf 82' lang='lat' dir='ltr'>adfuisse</span> <span class='ocrx_word' id='word_1_476' title='bbox 1153 4073 1304 4140; x_wconf 85' lang='lat' dir='ltr'>testantur,</span> <span class='ocrx_word' id='word_1_477' title='bbox 1321 4067 1348 4122; x_wconf 94' lang='grc'>1.</span> <span class='ocrx_word' id='word_1_478' title='bbox 1365 4064 1434 4125; x_wconf 88' lang='lat' dir='ltr'>Pre-</span> 
     </span>
    </p>
   </div>
   <div class='ocr_carea' id='block_1_5' title="bbox 220 4143 1551 4222">
    <p class='ocr_par' dir='ltr' id='par_1_7' title="bbox 220 4143 1551 4222">
     <span class='ocr_line' id='line_1_48' title="bbox 220 4143 1551 4222; baseline 0.001 -19"><span class='ocrx_word' id='word_1_479' title='bbox 220 4164 269 4203; x_wconf 86' lang='lat' dir='ltr'>oes</span> <span class='ocrx_word' id='word_1_480' title='bbox 283 4161 356 4219; x_wconf 90' lang='lat' dir='ltr'>quas</span> <span class='ocrx_word' id='word_1_481' title='bbox 370 4144 501 4222; x_wconf 90' lang='lat' dir='ltr'>concepit</span> <span class='ocrx_word' id='word_1_482' title='bbox 522 4143 560 4203; x_wconf 91' lang='lat' dir='ltr'>ad</span> <span class='ocrx_word' id='word_1_483' title='bbox 583 4145 677 4204; x_wconf 89' lang='lat' dir='ltr'>Deum</span> <span class='ocrx_word' id='word_1_484' title='bbox 692 4165 744 4222; x_wconf 87' lang='lat' dir='ltr'>pro</span> <span class='ocrx_word' id='word_1_485' title='bbox 765 4144 867 4204; x_wconf 90' lang='lat' dir='ltr'>robore</span> <span class='ocrx_word' id='word_1_486' title='bbox 889 4145 1117 4204; x_wconf 85' lang='lat' dir='ltr'>extraordinario</span> <span class='ocrx_word' id='word_1_487' title='bbox 1139 4144 1177 4204; x_wconf 87' lang='lat' dir='ltr'>ad</span> <span class='ocrx_word' id='word_1_488' title='bbox 1190 4144 1324 4204; x_wconf 90' lang='lat' dir='ltr'>ultimum</span> <span class='ocrx_word' id='word_1_489' title='bbox 1345 4145 1434 4204; x_wconf 91' lang='lat' dir='ltr'>istum</span> <span class='ocrx_word' id='word_1_490' title='bbox 1550 4169 1551 4172; x_wconf 43' lang='lat'>¹</span> 
     </span>
    </p>
   </div>
   <div class='ocr_carea' id='block_1_6' title="bbox 217 4223 1432 4704">
    <p class='ocr_par' dir='ltr' id='par_1_8' title="bbox 217 4223 1432 4704">
     <span class='ocr_line' id='line_1_49' title="bbox 221 4223 1430 4303; baseline 0.001 -21"><span class='ocrx_word' id='word_1_491' title='bbox 221 4232 317 4283; x_wconf 89' lang='lat' dir='ltr'>actum</span> <span class='ocrx_word' id='word_1_492' title='bbox 333 4223 498 4302; x_wconf 88' lang='lat' dir='ltr'>obtinendo,</span> <span class='ocrx_word' id='word_1_493' title='bbox 513 4241 578 4303; x_wconf 83' lang='lat' dir='ltr'>quoe</span> <span class='ocrx_word' id='word_1_494' title='bbox 593 4225 738 4284; x_wconf 85' lang='lat' dir='ltr'>exauditae</span> <span class='ocrx_word' id='word_1_495' title='bbox 752 4223 878 4300; x_wconf 86' lang='lat' dir='ltr'>fuerunt,</span> <span class='ocrx_word' id='word_1_496' title='bbox 893 4223 1023 4302; x_wconf 85' lang='lat' dir='ltr'>adeoque</span> <span class='ocrx_word' id='word_1_497' title='bbox 1038 4245 1075 4284; x_wconf 84' lang='lat' dir='ltr'>ex</span> <span class='ocrx_word' id='word_1_498' title='bbox 1089 4225 1146 4284; x_wconf 90' lang='lat' dir='ltr'>fide</span> <span class='ocrx_word' id='word_1_499' title='bbox 1161 4223 1305 4302; x_wconf 83' lang='lat' dir='ltr'>profectae.</span> <span class='ocrx_word' id='word_1_500' title='bbox 1328 4228 1357 4283; x_wconf 92' lang='grc'>2.</span> <span class='ocrx_word' id='word_1_501' title='bbox 1370 4225 1430 4284; x_wconf 87' lang='lat' dir='ltr'>Ro-</span> 
     </span>
     <span class='ocr_line' id='line_1_50' title="bbox 221 4303 1431 4383; baseline -0.001 -20"><span class='ocrx_word' id='word_1_502' title='bbox 221 4305 277 4364; x_wconf 93' lang='lat' dir='ltr'>bur</span> <span class='ocrx_word' id='word_1_503' title='bbox 290 4303 369 4364; x_wconf 89' lang='lat' dir='ltr'>istud</span> <span class='ocrx_word' id='word_1_504' title='bbox 383 4303 514 4366; x_wconf 88' lang='lat' dir='ltr'>divinum</span> <span class='ocrx_word' id='word_1_505' title='bbox 528 4305 583 4383; x_wconf 88' lang='lat' dir='ltr'>ipsi</span> <span class='ocrx_word' id='word_1_506' title='bbox 598 4304 856 4380; x_wconf 87' lang='lat' dir='ltr'>subministratum,</span> <span class='ocrx_word' id='word_1_507' title='bbox 872 4323 930 4380; x_wconf 89' lang='lat' dir='ltr'>quo</span> <span class='ocrx_word' id='word_1_508' title='bbox 945 4303 1103 4365; x_wconf 88' lang='lat' dir='ltr'>instructus</span> <span class='ocrx_word' id='word_1_509' title='bbox 1117 4313 1226 4364; x_wconf 67' lang='lat' dir='ltr'>mntem</span> <span class='ocrx_word' id='word_1_510' title='bbox 1241 4305 1347 4363; x_wconf 89' lang='lat' dir='ltr'>molem</span> <span class='ocrx_word' id='word_1_511' title='bbox 1362 4305 1431 4364; x_wconf 89' lang='lat' dir='ltr'>aub-</span> 
     </span>
     <span class='ocr_line' id='line_1_51' title="bbox 220 4383 1432 4466; baseline -0.001 -23"><span class='ocrx_word' id='word_1_512' title='bbox 220 4385 317 4457; x_wconf 85' lang='lat' dir='ltr'>vertit,</span> <span class='ocrx_word' id='word_1_513' title='bbox 344 4385 419 4444; x_wconf 89' lang='lat' dir='ltr'>unde</span> <span class='ocrx_word' id='word_1_514' title='bbox 443 4385 627 4466; x_wconf 87' lang='lat' dir='ltr'>Augustinus</span> <span class='ocrx_word' id='word_1_515' title='bbox 649 4386 723 4444; x_wconf 90' lang='lat' dir='ltr'>bene</span> <span class='ocrx_word' id='word_1_516' title='bbox 747 4392 845 4443; x_wconf 89' lang='lat' dir='ltr'>monet</span> <span class='ocrx_word' id='word_1_517' title='bbox 871 4385 1009 4462; x_wconf 85' lang='lat' dir='ltr'>Spiritum</span> <span class='ocrx_word' id='word_1_518' title='bbox 1028 4383 1221 4444; x_wconf 84' lang='lat' dir='ltr'>latenterhoc</span> <span class='ocrx_word' id='word_1_519' title='bbox 1231 4383 1364 4462; x_wconf 87' lang='lat' dir='ltr'>jussisse,</span> <span class='ocrx_word' id='word_1_520' title='bbox 1380 4384 1432 4462; x_wconf 89' lang='lat' dir='ltr'>qui</span> 
     </span>
     <span class='ocr_line' id='line_1_52' title="bbox 219 4463 1431 4542; baseline -0.002 -18"><span class='ocrx_word' id='word_1_521' title='bbox 219 4485 272 4542; x_wconf 90' lang='lat' dir='ltr'>per</span> <span class='ocrx_word' id='word_1_522' title='bbox 293 4465 376 4523; x_wconf 91' lang='lat' dir='ltr'>illum</span> <span class='ocrx_word' id='word_1_523' title='bbox 389 4465 528 4526; x_wconf 87' lang='lat' dir='ltr'>miracula</span> <span class='ocrx_word' id='word_1_524' title='bbox 548 4465 680 4524; x_wconf 86' lang='lat' dir='ltr'>faciebat.</span> <span class='ocrx_word' id='word_1_525' title='bbox 722 4467 751 4524; x_wconf 84' lang='lat'>3.</span> <span class='ocrx_word' id='word_1_526' title='bbox 773 4464 982 4524; x_wconf 82' lang='lat' dir='ltr'>Testimonium</span> <span class='ocrx_word' id='word_1_527' title='bbox 998 4463 1143 4542; x_wconf 84' lang='lat' dir='ltr'>Apostoli,</span> <span class='ocrx_word' id='word_1_528' title='bbox 1160 4465 1237 4524; x_wconf 89' lang='lat' dir='ltr'>Heb.</span> <span class='ocrx_word' id='word_1_529' title='bbox 1252 4465 1293 4523; x_wconf 85' lang='lat' dir='ltr'>xi.</span> <span class='ocrx_word' id='word_1_530' title='bbox 1309 4467 1358 4539; x_wconf 83' lang='grc'>32,</span> <span class='ocrx_word' id='word_1_531' title='bbox 1379 4465 1431 4541; x_wconf 89' lang='lat' dir='ltr'>qui</span> 
     </span>
     <span class='ocr_line' id='line_1_53' title="bbox 218 4543 1431 4622; baseline 0.002 -19"><span class='ocrx_word' id='word_1_532' title='bbox 218 4545 294 4605; x_wconf 90' lang='lat' dir='ltr'>inter</span> <span class='ocrx_word' id='word_1_533' title='bbox 308 4545 441 4622; x_wconf 86' lang='lat' dir='ltr'>exempla</span> <span class='ocrx_word' id='word_1_534' title='bbox 453 4545 522 4604; x_wconf 91' lang='lat' dir='ltr'>fidei</span> <span class='ocrx_word' id='word_1_535' title='bbox 538 4546 706 4604; x_wconf 84' lang='lat' dir='ltr'>Samsonem</span> <span class='ocrx_word' id='word_1_536' title='bbox 719 4543 815 4620; x_wconf 81' lang='lat' dir='ltr'>refert,</span> <span class='ocrx_word' id='word_1_537' title='bbox 830 4545 909 4621; x_wconf 93' lang='lat' dir='ltr'>quod</span> <span class='ocrx_word' id='word_1_538' title='bbox 923 4543 1022 4621; x_wconf 84' lang='lat' dir='ltr'>utique</span> <span class='ocrx_word' id='word_1_539' title='bbox 1031 4565 1089 4604; x_wconf 90' lang='lat' dir='ltr'>non</span> <span class='ocrx_word' id='word_1_540' title='bbox 1103 4543 1227 4622; x_wconf 74' lang='grc'><strong>11111111,</strong></span> <span class='ocrx_word' id='word_1_541' title='bbox 1243 4543 1431 4605; x_wconf 76' lang='grc'><strong>0110011110</strong></span> 
     </span>
     <span class='ocr_line' id='line_1_54' title="bbox 217 4623 703 4704; baseline -0.002 -20"><span class='ocrx_word' id='word_1_542' title='bbox 217 4633 374 4704; x_wconf 87' lang='lat' dir='ltr'>peccasset,</span> <span class='ocrx_word' id='word_1_543' title='bbox 390 4633 419 4684; x_wconf 92' lang='lat' dir='ltr'>et</span> <span class='ocrx_word' id='word_1_544' title='bbox 434 4625 543 4702; x_wconf 89' lang='lat' dir='ltr'>Legem</span> <span class='ocrx_word' id='word_1_545' title='bbox 558 4623 703 4683; x_wconf 89' lang='lat' dir='ltr'>violasset.</span> 
     </span>
    </p>
   </div>
   <div class='ocr_carea' id='block_1_7' title="bbox 0 0 1558 5194">
    <p class='ocr_par' dir='ltr' id='par_1_9' title="bbox 0 0 1558 5194">
     <span class='ocr_line' id='line_1_55' title="bbox 0 0 1558 5194; baseline 0 0"><span class='ocrx_word' id='word_1_546' title='bbox 0 0 1558 5194; x_wconf 95' lang='lat' dir='ltr'> </span> 
     </span>
    </p>
   </div>
  </div>
 </body>
</html>
