3146 5210
239 349 298 407 438
633 361 724 403 rocus
739 361 868 404 necinus
883 362 1029 412 ouauros.
1226 341 1349 424 [onear.
1361 359 1430 400 nnn.

243 507 312 565 olim
326 505 433 564 factum
454 523 472 562 a
487 503 675 578 Nestorianis,
690 503 740 580 qui
756 504 902 564 Christum
927 505 985 563 alia
999 503 1165 564 adoratione
1189 523 1250 581 qua
1274 503 1373 576 Deum,
1390 501 1433 558 al'u

243 584 649 663 quahomincm,sevcnc1·ari
664 584 889 660 profitebantur,
913 586 952 644 Et
962 586 1037 644 utfit
1050 605 1068 642 a
1083 585 1260 657 Pontificiis,
1275 583 1325 660 qui
1340 582 1435 662 medo

246 666 354 726 Deitati
369 665 530 738 reddentes,
561 661 731 744 tnglcvuu'aer
751 665 934 724 Humanitati
956 665 1096 740 tribuunt,
1121 674 1213 741 atque
1228 665 1272 722 ita
1293 663 1369 722 cultu
1381 661 1435 718 inlc-

244 747 318 806 riorc
333 746 426 822 ipsum
438 746 544 817 colunt,
560 765 646 822 quam
658 745 787 821 Crucem,
804 746 850 804 cni
862 747 975 826 angela
990 745 1088 804 dcbcri
1101 744 1294 822 pertendunt.

286 826 393 883 XVII.
431 826 480 883 Ad
502 826 716 903 Argumentum
742 825 968 900 Socinianorum,
1013 825 1218 901 “Quicunque
1242 824 1377 882 adoratur
1396 841 1439 897 qua

245 905 400 981 Mediator,
419 914 538 965 nonest
561 925 691 963 summus
706 905 806 964 Deus:
833 906 891 964 Sed
906 907 1038 964 Christus
1059 905 1197 963 adoratur
1212 925 1275 981 qua
1297 902 1440 961 Mediator:

247 986 326 1064 Ergo
351 1007 408 1044 non
433 995 478 1044 est
501 1004 629 1042 summus
654 986 764 1059 Deus,”
794 985 1052 1063 quomodocunque
1074 984 1300 1062 respondeatur,
1327 984 1384 1041 siro
1403 1001 1442 1057 pcr

245 1068 429 1144 negationem
463 1064 593 1141 Majoris‚
622 1064 700 1141 quod
732 1066 914 1141 pertendunt,
943 1066 994 1142 qui
1024 1067 1129 1124 volunt
1163 1065 1321 1123 Christum
1348 1061 1442 1120 adorari

245 1165 303 1222 qua
318 1145 517 1220 Mediatorem,
561 1145 622 1202 sive
638 1165 688 1222 per
711 1145 834 1204 Minoris
849 1146 1061 1220 inficiationem,
1077 1145 1155 1223 quod
1176 1144 1232 1203 alii
1253 1145 1373 1219 volunt3
1400 1149 1443 1198 stnt

247 1226 359 1284 illibata
376 1225 506 1283 doctrina
529 1225 697 1283 Diuinitatis
720 1226 835 1284 Christi.
878 1227 953 1284 Nam
975 1226 1025 1304 qui
1045 1233 1153 1303 negant
1174 1225 1298 1283 adorari
1320 1241 1376 1301 qua
1394 1221 1444 1278 lle-

247 1305 387 1363 diatorcm
412 1314 544 1381 respectu
570 1304 671 1378 Officii,
700 1305 820 1364 firmiter
844 1314 941 1365 tamen
961 1314 1080 1365 tuentur
1102 1325 1263 1383 personam
1293 1301 1445 1362 Mediatoris

247 1405 359 1462 semper
373 1385 547 1443 adorandam
563 1405 626 1442 esse
640 1394 773 1461 respectu
788 1387 905 1444 Naturae
931 1387 1054 1462 Divinae,
1078 1407 1129 1445 scu
1143 1394 1295 1463 quatenus
1310 1392 1354 1442 est
1373 1381 1446 1451 Aba·

248 1465 309 1524 Nec
330 1467 425 1524 minus
447 1465 538 1523 solide
553 1466 602 1522 alii
616 1465 653 1522 ad
669 1466 810 1542 Majorem
830 1475 979 1543 reponunt,
1010 1467 1135 1525 Tantum
1151 1466 1269 1539 abesse,
1287 1472 1321 1524 ut
1344 1483 1379 1521 cx
1391 1461 1445 1519 ado
1528 1507 1529 1512 ι

247 1545 357 1605 rati0ne
373 1546 480 1605 Christi
501 1545 670 1604 Mediatoris
684 1545 838 1623 colligatur
861 1547 1007 1605 Christum
1030 1566 1090 1604 non
1114 1565 1176 1604 csse
1192 1565 1346 1604 summurn
1358 1543 1445 1612 Deru,
1528 1545 1529 1612 l

247 1627 317 1703 quin
331 1627 427 1703 potius
452 1627 559 1684 invicte
574 1625 762 1684 concludatur
782 1646 848 1684 eum
863 1647 925 1685 esse
939 1647 1040 1685 verum
1063 1634 1092 1686 ct
1107 1635 1251 1684 aeternum
1276 1626 1381 1696 Deum,
1395 1639 1447 1678 cum
1522 1641 1529 1665 ι

248 1726 343 1765 merus
358 1709 444 1765 homo
460 1706 604 1764 Mediator
617 1714 715 1763 noster
729 1725 792 1764 esso
806 1727 863 1764 non
878 1708 1012 1784 potnerit,
1029 1705 1081 1765 scd
1094 1706 1230 1764 debuerit
1245 1725 1313 1764 csse
1330 1705 1412 1762 Deus

290 1787 414 1846 XVIII.
438 1787 503 1845 Non
518 1795 577 1845 taur
592 1786 709 1844 solliciti
723 1805 786 1844 esse
801 1787 940 1845 debemus
961 1787 997 1844 dc
1012 1787 1150 1844 relatione
1166 1787 1222 1844 sub
1238 1805 1301 1862 qua
1316 1783 1447 1842 Christum

248 1865 367 1925 adorare
391 1867 556 1941 debeamus,
579 1885 665 1942 quarn
688 1873 720 1924 ut
743 1867 838 1943 reipsa
851 1887 917 1925 cum
938 1867 1044 1925 devota
1066 1866 1154 1924 enlmi
1169 1865 1378 1936 submissione,
1392 1877 1448 1918 uera

247 1946 313 2020 tide,
339 1956 369 2006 ct
392 1947 536 2005 constanti
570 1944 743 2020 obedientia,
771 1955 805 2004 ut
833 1947 940 2005 Filium
969 1955 1107 2005 aetemum
1134 1945 1199 2019 Dei,
1233 1945 1448 2020 Redemptorem

249 2037 387 2101 nostrum,
408 2047 498 2103 usquc
522 2025 558 2084 ad
583 2035 743 2084 extremum
758 2027 827 2085 vitae
850 2027 973 2086 halitum
994 2027 1134 2104 perpetim
1153 2026 1300 2101 colamus,
1324 2033 1354 2082 et
1375 2039 1449 2078 venc-

248 2127 353 2165 remur.

289 2186 383 2243 XIX.
407 2185 498 2243 Aliud
509 2193 553 2244 est
568 2186 677 2244 cultum
692 2185 791 2244 deberi
804 2187 913 2244 nomini
934 2187 955 2246 J
957 2206 1008 2245 esu
1016 2186 1182 2262 jhc-molitor
1196 2185 1393 2256 considerato,
1406 2195 1449 2257 pro

248 2285 319 2322 voce
344 2267 422 2340 ipsa;
447 2265 538 2323 Aliud
559 2266 752 2340 materialiter,
775 2287 827 2343 pro
850 2267 978 2325 Persona
992 2266 1044 2324 tali
1057 2266 1172 2324 nomine
1195 2265 1374 2342 significata,
1389 2278 1449 2338 quo·

248 2344 334 2402 modo
354 2365 429 2419 saepe
453 2364 557 2401 nomon
573 2345 627 2402 Dci
645 2365 697 2422 pro
713 2346 776 2404 Deo
799 2348 924 2423 ponitur.
967 2347 1062 2421 Quum
1077 2346 1186 2405 Paulus
1200 2347 1253 2422 ait,
1273 2345 1351 2404 Phil.
1366 2343 1394 2401 ii.
1410 2341 1447 2410 10,

249 2425 386 2481 “Datum
414 2444 477 2480 csse
508 2423 622 2481 Christo
647 2444 752 2482 nomon
775 2445 861 2503 snpra
882 2447 965 2486 omno
986 2447 1100 2502 nomen,
1124 2436 1157 2485 nt
1181 2427 1211 2484 ln
1235 2427 1360 2484 nomine
1386 2421 1449 2480 Jesu
1525 2450 1528 2459 ·

248 2503 380 2562 flectatur
404 2523 487 2560 omno
510 2504 615 2579 gcuu,''
638 2524 695 2562 non
719 2506 807 2564 sumit
829 2527 934 2565 nomen
947 2507 1036 2584 priori
1051 2525 1145 2580 sensu,
1169 2505 1220 2566 sed
1238 2502 1403 2584 posteriori,
1423 2505 1449 2555 ut

247 2591 327 2661 patet
348 2603 384 2642 cx
405 2583 478 2641 locis
498 2583 653 2660 parallelis,
677 2584 734 2642 Isa.
757 2586 818 2644 xlv.
834 2591 881 2661 23,
908 2595 937 2646 et
962 2587 1047 2646 Rom.
1069 2587 1130 2644 xiv.
1158 2590 1203 2661 ll,
1229 2587 1285 2645 ubi
1314 2585 1449 2661 objectum

248 2664 460 2741 genuflexionis
477 2664 582 2722 dicitur
596 2665 720 2739 Jchova,
747 2674 776 2724 et
802 2667 930 2725 Persona
944 2669 1007 2745 ipsa
1029 2667 1145 2741 ChristI,
1160 2687 1219 2727 uon
1241 2685 1353 2726 nomen
1377 2662 1447 2738 ejus:

239 2748 370 2822 flectetur
390 2765 487 2803 coram
511 2767 553 2804 mc
578 2765 657 2804 omne
668 2766 751 2822 penu.
794 2747 880 2807 Unde
905 2769 963 2806 non
987 2757 1065 2807 caret
1090 2746 1306 2824 superstitione,
1329 2742 1405 2823 quod
1423 2738 1449 2795 fit

248 2845 265 2882 a
289 2826 456 2900 l'ontificiis,
482 2827 531 2904 qui
560 2826 596 2884 ad
623 2827 812 2903 prolatIoncm
833 2828 959 2886 nominis
986 2829 1060 2888 Jesu
1081 2836 1168 2905 caput
1181 2827 1319 2904 aperiunt
1340 2833 1369 2884 et
1381 2837 1448 2899 genu

247 2905 374 2981 flectunt,
398 2927 456 3046 ripn
477 2916 572 2966 tamen
592 2907 698 2967 auditis
712 2908 876 2968 nominibus
898 2909 963 2985 Det,
979 2917 1008 2968 ct
1025 2909 1137 2984 Christi,
1152 2927 1210 2966 non
1224 2908 1326 2967 minus
1341 2900 1446 2971 sanctis,

248 2995 412 3046 ctvcneran
435 3008 467 3046 rs.
