3186 5210
37 97 39 186 l

152 313 264 362 Qunsr.
279 293 370 376 xv11.]
572 315 611 354 ns
628 315 795 356 recurrens
811 315 847 356 ur
869 317 948 357 rrae.
1299 304 1357 360 543

149 455 247 514 latias.
290 455 364 512 Nam
378 454 429 532 qui
440 462 535 513 certus
544 465 620 516 esset
629 456 665 516 de
677 457 769 516 salute
780 476 841 530 sua,
853 477 946 534 neque
956 457 991 515 ad
1001 457 1160 536 patrocinia
1176 459 1356 536 Sanctorum,

150 555 246 612 neque
260 535 299 594 ad
312 535 414 594 merita
429 535 600 612 Martyrum,
616 557 710 614 neque
724 537 761 595 ad
777 537 941 597 Sacerdotis
955 538 1166 599 absolutionem
1180 538 1356 617 confugeret,

150 636 217 694 quae
232 623 276 675 est
291 617 430 674 Romanae
445 617 606 692 tyrannidis
621 617 795 676 carnificina.
891 635 894 644 ·

352 762 358 774 ,
378 763 384 774 ,
457 695 495 754 V.
518 696 681 756 Arminiani
696 718 754 755 non
768 698 856 774 longe
877 699 985 757 abeunt
1004 697 1051 755 hic
1066 717 1083 756 a
1098 698 1268 758 Pontificiis.
1291 698 1355 756 Col-

151 761 396 864 smffissfflnm'
415 775 560 836 locutores
576 777 665 855 Hagi.
693 780 711 812 “
724 776 884 837 Laudabile
898 787 928 838 et
941 777 1012 837 utile
1021 779 1103 836 esse”
1119 778 1228 838 ducunt
1244 781 1262 812 “
1273 778 1357 837 dubi-

415 863 484 931 tare,
499 856 547 914 An
561 857 704 935 iisemper
712 857 802 917 futuri
810 858 908 936 simus,
915 858 966 936 qui
974 877 1050 917 nunc
1062 859 1189 917 sumus.’'
1212 859 1359 918 Verentur

150 934 303 1012 siquidem,
318 943 351 994 ut
365 935 435 994 alibi
449 957 479 996 se
494 937 649 1014 explicent,
671 959 707 997 ne
729 937 870 997 certitudo
891 939 958 998 talis
979 938 1017 997 sit
1037 937 1101 996 loco
1115 938 1283 1014 pulvinaris,
1299 959 1356 1016 quo

103 1017 117 1040 ⁰
150 1017 262 1093 seipsos
275 1015 402 1075 molliter
409 1015 516 1093 fovere,
532 1025 561 1077 et
575 1019 703 1078 suaviter
712 1017 875 1078 demulcere
889 1018 1010 1096 possint.
1036 1017 1176 1077 “Sufficit
1190 1018 1307 1096 igitur‚'’
1323 1028 1356 1078 ut

150 1097 280 1172 loquitur
294 1097 585 1157 Corvinusadversus
597 1099 774 1174 Molinaeum,
789 1100 806 1134 “
817 1117 852 1157 ea
862 1098 1004 1158 certitudo
1019 1118 1077 1175 qua
1090 1098 1192 1157 fideles
1206 1100 1302 1157 sciunt
1315 1119 1354 1174 se,

151 1176 294 1253 siquidem
308 1177 338 1234 in
352 1177 409 1235 fide
423 1186 615 1254 perseverent,
632 1197 833 1256 permansuros
847 1179 878 1236 in
890 1179 946 1238 Dei
1010 1177 1059 1255 tia,
1071 1187 1100 1237 ct
1113 1179 1205 1236 vitam
1219 1187 1356 1238 aeternam

150 1265 365 1332 consecuturos,
381 1277 446 1334 quae
460 1259 602 1318 certitudo
616 1268 660 1318 est
674 1267 786 1318 tanturn
800 1257 966 1317 conditione
978 1259 1011 1332 is,
1026 1277 1085 1316 non
1099 1259 1261 1318 absoluta.'’

434 1338 489 1397 Vl.
506 1339 655 1398 Sententia
667 1337 899 1398 Orthodorrorum
911 1347 963 1414 est,
975 1336 1091 1396 Fideles
1100 1357 1158 1396 non
1168 1339 1254 1398 modo
1263 1345 1357 1398 certos

414 1437 478 1477 esse
500 1437 584 1495 posse
607 1419 643 1478 de
670 1420 728 1477 fide
756 1438 815 1496 sua,
840 1419 961 1496 ejusque
985 1417 1107 1477 veritate
1129 1425 1159 1476 ct
1181 1419 1354 1494 sinceritate,

414 1498 585 1558 certitudine
593 1519 652 1557 non
663 1498 789 1558 humana
802 1506 832 1558 et
845 1499 967 1573 fallibili,
979 1497 1030 1557 sed
1044 1497 1144 1556 divina
1157 1506 1186 1558 et
1200 1498 1354 1574 infallibili,

149 1593 215 1650 quae
228 1581 326 1633 minen
341 1576 378 1635 sit
391 1579 484 1655 major
497 1578 546 1636 vel
559 1580 661 1654 minor,
677 1587 762 1656 prout
776 1579 839 1656 ipsa
852 1579 925 1638 fides
938 1579 1047 1638 firmior
1068 1586 1118 1637 aut
1131 1577 1295 1655 languidior
1306 1578 1355 1636 de-

146 1655 355 1731 prehenditur:
398 1658 456 1717 Sed
471 1668 499 1717 ct
513 1678 597 1735 posse
621 1667 649 1718 et
664 1659 768 1718 debere
783 1659 819 1718 de
844 1660 938 1736 gratia
953 1659 1008 1717 Dei
1023 1668 1052 1718 et
1075 1658 1242 1717 remissione
1254 1677 1353 1734 pecca·

148 1743 243 1793 torum
255 1744 349 1796 certos
363 1756 435 1812 esse,
451 1747 593 1814 quatenus
607 1739 637 1797 in
652 1739 726 1798 seria
740 1740 910 1799 contritione
925 1739 960 1798 de
974 1738 1100 1816 peccatis
1111 1738 1245 1797 verafide
1254 1757 1355 1814 appre-

150 1814 282 1875 hendunt
296 1817 515 1893 promissionem
530 1820 663 1896 gratuitas
674 1820 877 1880 misericordia
898 1821 929 1878 in
955 1820 1077 1894 Christo,
1101 1819 1130 1876 in
1142 1838 1176 1878 ea
1183 1818 1357 1876 fiducialiter

147 1895 342 1972 acquiescunt,
359 1898 440 1956 etita
453 1898 541 1957 corda
563 1919 615 1958 sua
639 1919 740 1959 secura
761 1899 894 1958 reddunt.
937 1899 1008 1974 Quae
1028 1907 1125 1958 tamen
1140 1899 1287 1973 securitate,
1302 1918 1356 1956 nec

147 1975 351 2034 confidentiam
366 1978 510 2037 carnalem
523 1978 635 2038 inducit
646 2001 653 2054 ;
676 2001 729 2038 nec
743 1979 875 2039 timorem
888 1979 1015 2054 filialem,
1031 1986 1060 2038 et
1082 1979 1158 2056 piam
1184 1978 1354 2037 sollieitudi-

150 1396 279 1442 Sententia
289 1395 378 1444 Ortho-

208 1456 334 1500 doxornm.

73 2133 75 2137 ,
146 2075 214 2114 nem
227 2056 365 2132 excludit,
380 2078 434 2117 nee
448 2067 532 2118 extra
545 2058 713 2118 tentationis
727 2059 827 2136 aleam,
843 2061 892 2118 vel
905 2059 1041 2118 contrarii
1053 2059 1234 2117 formidinem
1244 2077 1356 2134 semper

146 2143 191 2194 est
205 2137 307 2212 posita.
350 2139 439 2215 Cujus
454 2138 672 2198 fundamentum
686 2147 731 2198 est
744 2141 847 2216 partim
862 2139 1014 2217 promissio
1038 2139 1198 2197 infallibilis
1219 2139 1354 2215 Evange-

149 2215 192 2288 lii,
221 2216 291 2275 Joh.
307 2217 347 2276 iii.
365 2221 410 2292 14,
429 2221 474 2294 15,
493 2219 571 2295 16,1
595 2221 669 2278 Tim.
685 2219 703 2277 i.
721 2222 766 2294 15,
782 2220 886 2296 partim
901 2219 1096 2278 testimonium
1112 2218 1263 2277 infallibile
1290 2218 1354 2294 Spi-

146 2294 220 2352 ritus
236 2296 333 2354 Sancti
348 2297 377 2356 in
391 2299 616 2376 uniuscnjusque
632 2299 814 2376 conscientie,
831 2300 916 2358 Rom.
928 2299 988 2359 viii.
1001 2302 1047 2358 16.
1091 2299 1236 2358 Utautem
1249 2298 1355 2356 clarius

147 2373 323 2450 percipiatur
336 2380 476 2437 sententia
489 2379 553 2456 ista,
569 2387 599 2438 et
612 2379 750 2438 liberetur
763 2399 781 2437 a
804 2379 955 2438 calumniis
977 2389 1006 2439 et
1028 2379 1149 2454 cavillis,
1161 2378 1267 2455 quibus
1282 2378 1356 2437 solet

147 2453 248 2530 impeti
262 2455 299 2513 ab
323 2456 508 2518 Adversariis
531 2468 668 2536 tanquam
689 2459 846 2537 impietatis
867 2459 1009 2537 pulvinar,
1036 2467 1065 2518 et
1079 2458 1241 2518 securitatis
1254 2466 1354 2532 mater,

147 2535 314 2606 notandum,
331 2540 357 2595 1.
373 2539 580 2599 Certitudinem
595 2540 631 2599 de
645 2559 703 2617 qua
716 2540 814 2616 agitur
826 2541 881 2599 tria
894 2539 1075 2617 potissimum
1089 2539 1249 2616 respicere:
1271 2540 1355 2596 Elec·

147 2614 247 2674 ιίοπεηι
256 2619 442 2694 praeniteat,
457 2629 490 2679 ut
504 2621 628 2680 sciamus
642 2639 696 2678 nos
716 2639 779 2679 esse
802 2640 840 2680 ex
865 2620 1030 2678 Electorurn
1055 2637 1193 2694 numero;
1218 2617 1352 2676 Gratiam

140 2707 317 2773 presentem,
332 2707 365 2757 ut
379 2701 451 2758 certi
465 2701 554 2759 simus
569 2701 605 2759 de
620 2700 713 2778 gratia
728 2700 784 2758 Dei
806 2708 835 2759 et
859 2700 916 2758 fide
940 2707 1055 2774 nostra;
1081 2718 1135 2756 nos
1149 2697 1260 2756 seilicet
1283 2715 1352 2754 vere

145 2777 270 2852 credere,
286 2785 316 2836 et
330 2799 392 2838 esse
408 2780 437 2837 in
451 2780 545 2856 gratia
559 2780 634 2856 Dei;
670 2788 699 2838 ct
716 2780 846 2840 Gloriam
862 2782 1004 2854 fintenum,
1024 2786 1057 2836 ut
1079 2776 1302 2854 persuadeamur
1316 2775 1352 2834 de

146 2857 246 2934 gloriae
260 2867 289 2917 et
303 2859 450 2918 felicitatis
464 2879 481 2917 a
497 2860 559 2918 Deo
580 2861 727 2937 promissae
749 2859 940 2937 possessione.
960 2863 988 2918 2.
1004 2857 1211 2917 Certitudinem
1225 2856 1351 2932 praeteri-
1393 2895 1395 2902 ·

145 2945 183 2995 tae
198 2937 365 3013 Electionis,
382 2948 411 2997 et
424 2939 527 2998 futurae
542 2939 767 3016 glorificationis,
782 2939 907 3017 pendere
922 2959 960 2996 cx
982 2937 1153 2996 certitudine
1167 2935 1268 3013 gratiae
1279 2955 1352 3012 prae·

144 3019 242 3094 sentis,
258 3039 323 3096 quaa
338 3039 403 3077 cum
418 3019 456 3077 sit
469 3019 618 3078 vinculum
632 3019 792 3079 Electionis
806 3028 836 3079 et
859 3017 1094 3092 Glorifieationis,
1117 3017 1228 3076 fructus
1242 3015 1352 3074 seilicet

144 3096 577 3175 illius,et1uediumadistam,
603 3099 736 3176 quisquis
758 3107 854 3158 certus
875 3107 920 3157 est
944 3116 973 3156 se
995 3117 1058 3156 esse
1081 3098 1111 3154 in
1135 3097 1229 3174 gratia
1244 3095 1299 3153 Dei
1322 3103 1351 3154 et

140 3178 206 3252 fide,
222 3187 318 3255 potest
332 3186 457 3238 statuere
472 3199 502 3238 se
517 3199 580 3238 esse
594 3180 727 3253 electum,
743 3188 772 3237 et
793 3187 870 3237 certo
895 3176 1123 3256 glorificandum.
1146 3180 1173 3236 3.
1196 3174 1351 3234 Certitudi-

144 3277 210 3315 nem
225 3258 325 3334 gratiae
339 3259 489 3336 praesentis
503 3279 561 3317 non
586 3258 726 3317 contineri
747 3258 911 3317 immediate
936 3259 967 3314 in
990 3257 1098 3331 Verbo,
1122 3257 1173 3315 sed
1195 3254 1352 3333 penderes

147 3337 311 3398 testimonio
328 3338 452 3416 Spiritus
469 3339 576 3414 Sancti,
592 3347 621 3396 et
635 3338 746 3398 visione
761 3336 864 3412 cordis,
879 3339 909 3395 in
925 3336 998 3396 serio
1014 3337 1058 3396 sui
1069 3337 1210 3410 examine,
1221 3344 1250 3394 et
1265 3355 1351 3394 sensu

142 3417 361 3494 experimentali
375 3427 507 3478 notarum
521 3427 550 3478 et
564 3417 717 3477 effectuum
731 3419 909 3496 propriorum
934 3417 1043 3494 gratiae,
1058 3417 1158 3493 quales
1180 3424 1254 3490 sunt,
1271 3416 1354 3474 dolor

141 3497 177 3556 de
191 3507 318 3576 peccato,
335 3497 509 3558 desiderium
524 3499 633 3576 gratiae,
649 3498 826 3575 poenitentia,
842 3507 871 3557 ct
884 3497 1045 3557 sanctitatis
1068 3497 1204 3571 studium,
1226 3496 1352 3573 abnega·

142 3579 182 3636 tio
197 3579 356 3656 suiipsius,
372 3588 402 3638 et
415 3600 495 3638 amor
510 3579 566 3637 Dei
581 3599 667 3656 supra
681 3579 785 3650 omnia,
801 3587 830 3638 ct
844 3579 907 3637 sim.
950 3579 1023 3636 Cum
1048 3577 1124 3636 enim
1138 3577 1211 3636 tales
1233 3575 1352 3636 effeetus

142 3677 200 3715 non
214 3659 460 3735 possint·produci
474 3681 492 3719 a
506 3679 600 3732 carne,
617 3658 668 3717 sed
682 3678 699 3716 a
715 3658 833 3734 Spiritu,
850 3679 887 3716 ex
902 3678 936 3717 eo
958 3667 1090 3717 constare
1101 3665 1196 3735 potest
1211 3677 1285 3730 eum,
1300 3656 1351 3732 qui

143 3737 237 3794 cosin
252 3757 282 3795 se
297 3738 494 3816 deprehendit,
510 3759 573 3799 esse
587 3739 618 3796 in
632 3747 709 3798 statu
724 3738 833 3815 gratiae.
855 3741 884 3796 4.
907 3738 981 3814 Quia
995 3758 1064 3798 vero
1089 3737 1207 3797 effectus
1230 3733 1278 3793 isti
1292 3755 1350 3792 nou

143 3815 283 3890 aqualem
298 3835 410 3892 semper
422 3818 531 3879 habent
545 3817 728 3896 pe'rfectionis
749 3818 880 3894 madum,
907 3818 959 3877 sed
983 3819 1069 3876 modo
1091 3819 1238 3894 majorem,
1264 3813 1351 3871 modo

143 3893 292 3968 minorem,
304 3904 390 3970 prout
400 3897 493 3957 fidelis
506 3899 555 3957 vel
565 3899 660 3958 adbuc
674 3908 719 3958 est
729 3897 759 3956 in
773 3897 856 3956 initio
869 3897 1039 3970 vocationis,
1052 3897 1100 3954 vel
1109 3895 1247 3972 gravibus
1256 3900 1349 3950 tenta-

142 3972 271 4032 tionibus
284 3975 446 4050 exponitur,
464 3978 536 4036 Inde
559 3978 630 4054 fieri,
653 3987 685 4038 nt
707 3987 788 4037 actus
811 3978 894 4036 istius
918 3975 1120 4052 persuasionis,
1145 3991 1204 4030 non
1226 3971 1349 4030 eundem

142 4072 256 4130 semper
270 4053 376 4112 habeat
389 4056 569 4115 certitudinis
583 4059 714 4134 gradum,
730 4055 782 4116 sed
795 4057 881 4114 modo
903 4055 1019 4127 firmior,
1045 4052 1131 4111 modo
1155 4051 1278 4110 debilior
1302 4051 1348 4127 sit,

142 4134 201 4192 imo
216 4133 372 4209 aliqnando
385 4133 471 4210 plane
485 4135 615 4211 deficiat;
648 4138 699 4197 sed
713 4138 754 4196 ita
767 4146 871 4211 tamen,
887 4142 920 4193 ut
934 4134 1028 4192 fidelis
1049 4153 1086 4190 ex
1101 4132 1233 4208 gravium
1258 4142 1349 4192 tenta·

141 4214 254 4272 tionum
268 4212 405 4272 ductibus
418 4233 576 4294 emergens,
591 4237 650 4276 non
670 4217 757 4276 modo
781 4215 911 4289 eandem,
935 4233 999 4290 quae
1021 4231 1094 4290 pene
1117 4211 1255 4271 suffocata
1279 4217 1348 4286 erat,

142 4291 278 4352 fiduciam
299 4302 329 4352 et
344 4305 493 4370 αιημφιςίιι
512 4297 678 4373 exsuscitet,
704 4297 756 4356 scd
778 4305 808 4356 et
821 4296 959 4374 majorem
981 4293 1044 4371 ejus
1065 4292 1187 4370 gradum
1210 4291 1349 4367 acquirat,

139 4373 249 4434 virtuts
263 4373 300 4432 ab
315 4393 408 4452 agone
422 4375 538 4436 fortiore
552 4384 582 4435 et
603 4376 803 4436 exercitatiore
826 4375 972 4449 redeunte,
996 4382 1029 4433 ut
1047 4373 1123 4432 nube
1143 4373 1226 4450 pulsa
1248 4371 1351 4430 clarior

141 4453 212 4530 dies,
225 4463 255 4513 et
268 4463 335 4532 post
348 4456 479 4516 morbum
494 4456 630 4516 valetudo
643 4457 677 4517 fit
691 4456 892 4516 confirmatior.
993 4535 1000 4547 ·
1229 4531 1235 4545 Ι
1260 4531 1266 4544 .

143 4663 148 4674 ,
172 4573 366 4680 Statilinglm
407 4536 626 4694 Nolilriiraeliillircr
635 4535 1040 4694 iiilaenlblisiliseitgcibliecfitiiili
1052 4531 1350 4688 billilmiiilelflluaii
