<?xml version="1.0" encoding="UTF-8"?>
<!DOCTYPE html PUBLIC "-//W3C//DTD XHTML 1.0 Transitional//EN"
    "http://www.w3.org/TR/xhtml1/DTD/xhtml1-transitional.dtd">
<html xmlns="http://www.w3.org/1999/xhtml" xml:lang="en" lang="en">
 <head>
  <title>
</title>
<meta http-equiv="Content-Type" content="text/html;charset=utf-8" />
  <meta name='ocr-system' content='tesseract 3.04.00' />
  <meta name='ocr-capabilities' content='ocr_page ocr_carea ocr_par ocr_line ocrx_word'/>
</head>
<body>
  <div class='ocr_page' id='page_1' title='image "./francisciturret00pictgoog_0024.png"; bbox 0 0 3108 5198; ppageno 0'>
   <div class='ocr_carea' id='block_1_1' title="bbox 484 429 1310 492">
    <p class='ocr_par' dir='ltr' id='par_1_1' title="bbox 484 429 1310 492">
     <span class='ocr_line' id='line_1_1' title="bbox 484 429 1310 492; baseline 0.001 -2"><span class='ocrx_word' id='word_1_1' title='bbox 484 443 650 490; x_wconf 80' lang='lat' dir='ltr'><strong>urrsroua</strong></span> <span class='ocrx_word' id='word_1_2' title='bbox 680 443 929 489; x_wconf 72' lang='lat' dir='ltr'><strong>nenrcnuoma.</strong></span> <span class='ocrx_word' id='word_1_3' title='bbox 1248 429 1310 492; x_wconf 80' lang='lat' dir='ltr'><strong>xvii</strong></span> 
     </span>
    </p>
   </div>
   <div class='ocr_carea' id='block_1_2' title="bbox 104 621 1310 4435">
    <p class='ocr_par' dir='ltr' id='par_1_2' title="bbox 104 621 1310 2665">
     <span class='ocr_line' id='line_1_2' title="bbox 107 621 1309 703; baseline 0.004 -19"><span class='ocrx_word' id='word_1_4' title='bbox 107 621 262 701; x_wconf 84' lang='lat' dir='ltr'><strong>ipsiusque</strong></span> <span class='ocrx_word' id='word_1_5' title='bbox 281 621 433 702; x_wconf 80' lang='lat' dir='ltr'><strong>Regnum,</strong></span> <span class='ocrx_word' id='word_1_6' title='bbox 452 624 648 703; x_wconf 89' lang='lat' dir='ltr'><strong>quantumin</strong></span> <span class='ocrx_word' id='word_1_7' title='bbox 664 624 733 703; x_wconf 90' lang='lat' dir='ltr'><strong>ipsa</strong></span> <span class='ocrx_word' id='word_1_8' title='bbox 745 624 814 697; x_wconf 85' lang='lat' dir='ltr'><strong>fnit,</strong></span> <span class='ocrx_word' id='word_1_9' title='bbox 832 629 865 686; x_wconf 91' lang='lat' dir='ltr'><strong>et</strong></span> <span class='ocrx_word' id='word_1_10' title='bbox 880 624 962 702; x_wconf 90' lang='lat' dir='ltr'><strong>apud</strong></span> <span class='ocrx_word' id='word_1_11' title='bbox 979 641 1023 698; x_wconf 86' lang='lat' dir='ltr'><strong>se,</strong></span> <span class='ocrx_word' id='word_1_12' title='bbox 1038 629 1071 686; x_wconf 88' lang='lat' dir='ltr'><strong>et</strong></span> <span class='ocrx_word' id='word_1_13' title='bbox 1086 623 1168 703; x_wconf 90' lang='lat' dir='ltr'><strong>apud</strong></span> <span class='ocrx_word' id='word_1_14' title='bbox 1184 631 1309 689; x_wconf 86' lang='lat' dir='ltr'><strong>exteros</strong></span> 
     </span>
     <span class='ocr_line' id='line_1_3' title="bbox 106 719 1310 802; baseline 0.004 -21"><span class='ocrx_word' id='word_1_15' title='bbox 106 719 306 802; x_wconf 82' lang='lat' dir='ltr'><strong>promovisse,</strong></span> <span class='ocrx_word' id='word_1_16' title='bbox 325 727 357 784; x_wconf 89' lang='lat' dir='ltr'><strong>et</strong></span> <span class='ocrx_word' id='word_1_17' title='bbox 372 721 520 800; x_wconf 88' lang='lat' dir='ltr'><strong>praeclaro</strong></span> <span class='ocrx_word' id='word_1_18' title='bbox 537 741 593 786; x_wconf 88' lang='lat' dir='ltr'><strong>suo</strong></span> <span class='ocrx_word' id='word_1_19' title='bbox 609 722 750 802; x_wconf 88' lang='lat' dir='ltr'><strong>exemplo</strong></span> <span class='ocrx_word' id='word_1_20' title='bbox 777 719 845 784; x_wconf 85' lang='lat' dir='ltr'><strong>aliis</strong></span> <span class='ocrx_word' id='word_1_21' title='bbox 862 721 901 783; x_wconf 94' lang='lat' dir='ltr'><strong>ad</strong></span> <span class='ocrx_word' id='word_1_22' title='bbox 916 721 997 784; x_wconf 90' lang='lat' dir='ltr'><strong>idom</strong></span> <span class='ocrx_word' id='word_1_23' title='bbox 1018 720 1191 784; x_wconf 83' lang='lat' dir='ltr'><strong>faciendum</strong></span> <span class='ocrx_word' id='word_1_24' title='bbox 1215 723 1310 802; x_wconf 76' lang='lat' dir='ltr'><strong>prei-</strong></span> 
     </span>
     <span class='ocr_line' id='line_1_4' title="bbox 106 808 1309 901; baseline 0.007 -23"><span class='ocrx_word' id='word_1_25' title='bbox 106 808 207 884; x_wconf 84' lang='lat' dir='ltr'><strong>risse?</strong></span> <span class='ocrx_word' id='word_1_26' title='bbox 259 817 438 894; x_wconf 81' lang='lat' dir='ltr'><strong>Quinetiam</strong></span> <span class='ocrx_word' id='word_1_27' title='bbox 462 826 600 884; x_wconf 87' lang='lat' dir='ltr'><strong>testatur</strong></span> <span class='ocrx_word' id='word_1_28' title='bbox 628 819 780 901; x_wconf 78' lang='lat' dir='ltr'><strong>Historia,</strong></span> <span class='ocrx_word' id='word_1_29' title='bbox 807 817 986 900; x_wconf 80' lang='lat' dir='ltr'><strong>priusquam</strong></span> <span class='ocrx_word' id='word_1_30' title='bbox 1010 839 1155 900; x_wconf 84' lang='lat' dir='ltr'><strong>magnum</strong></span> <span class='ocrx_word' id='word_1_31' title='bbox 1171 821 1309 886; x_wconf 81' lang='lat' dir='ltr'><strong>Lctberi</strong></span> 
     </span>
     <span class='ocr_line' id='line_1_5' title="bbox 107 915 1307 1001; baseline 0.005 -23"><span class='ocrx_word' id='word_1_32' title='bbox 107 935 212 980; x_wconf 89' lang='lat' dir='ltr'><strong>nomon</strong></span> <span class='ocrx_word' id='word_1_33' title='bbox 228 915 263 979; x_wconf 93' lang='lat' dir='ltr'><strong>in</strong></span> <span class='ocrx_word' id='word_1_34' title='bbox 282 915 429 980; x_wconf 81' lang='lat' dir='ltr'><strong>Heluetia</strong></span> <span class='ocrx_word' id='word_1_35' title='bbox 452 917 650 1001; x_wconf 79' lang='lat' dir='ltr'><strong>innotuisset,</strong></span> <span class='ocrx_word' id='word_1_36' title='bbox 677 919 779 981; x_wconf 90' lang='lat' dir='ltr'><strong>Deum</strong></span> <span class='ocrx_word' id='word_1_37' title='bbox 800 918 866 996; x_wconf 86' lang='lat' dir='ltr'><strong>jam</strong></span> <span class='ocrx_word' id='word_1_38' title='bbox 889 917 967 980; x_wconf 91' lang='lat' dir='ltr'><strong>lucis</strong></span> <span class='ocrx_word' id='word_1_39' title='bbox 984 937 1047 980; x_wconf 84' lang='lat' dir='ltr'><strong>suae</strong></span> <span class='ocrx_word' id='word_1_40' title='bbox 1062 917 1196 982; x_wconf 79' lang='lat' dir='ltr'><strong>celestis</strong></span> <span class='ocrx_word' id='word_1_41' title='bbox 1211 919 1307 984; x_wconf 87' lang='lat' dir='ltr'><strong>radiis</strong></span> 
     </span>
     <span class='ocr_line' id='line_1_6' title="bbox 107 1011 1306 1096; baseline 0.005 -20"><span class='ocrx_word' id='word_1_42' title='bbox 107 1011 233 1076; x_wconf 81' lang='lat' dir='ltr'><strong>Terram</strong></span> <span class='ocrx_word' id='word_1_43' title='bbox 247 1023 385 1078; x_wconf 81' lang='lat' dir='ltr'><strong>vestram</strong></span> <span class='ocrx_word' id='word_1_44' title='bbox 403 1016 608 1092; x_wconf 81' lang='lat' dir='ltr'><strong>collustrasse,</strong></span> <span class='ocrx_word' id='word_1_45' title='bbox 622 1015 760 1080; x_wconf 86' lang='lat' dir='ltr'><strong>excitato</strong></span> <span class='ocrx_word' id='word_1_46' title='bbox 776 1015 862 1078; x_wconf 87' lang='lat' dir='ltr'><strong>adid</strong></span> <span class='ocrx_word' id='word_1_47' title='bbox 878 1035 996 1078; x_wconf 88' lang='lat' dir='ltr'><strong>summo</strong></span> <span class='ocrx_word' id='word_1_48' title='bbox 1013 1023 1045 1079; x_wconf 89' lang='lat' dir='ltr'><strong>et</strong></span> <span class='ocrx_word' id='word_1_49' title='bbox 1059 1035 1213 1096; x_wconf 85' lang='lat' dir='ltr'><strong>uunquam</strong></span> <span class='ocrx_word' id='word_1_50' title='bbox 1229 1019 1306 1082; x_wconf 88' lang='lat' dir='ltr'><strong>satis</strong></span> 
     </span>
     <span class='ocr_line' id='line_1_7' title="bbox 105 1111 1307 1198; baseline 0.005 -25"><span class='ocrx_word' id='word_1_51' title='bbox 105 1111 227 1176; x_wconf 90' lang='lat' dir='ltr'><strong>laudato</strong></span> <span class='ocrx_word' id='word_1_52' title='bbox 243 1113 307 1176; x_wconf 88' lang='lat' dir='ltr'><strong>Dei</strong></span> <span class='ocrx_word' id='word_1_53' title='bbox 321 1112 400 1176; x_wconf 90' lang='lat' dir='ltr'><strong>Viro</strong></span> <span class='ocrx_word' id='word_1_54' title='bbox 416 1115 579 1178; x_wconf 76' lang='lat' dir='ltr'><strong>Hcldn&#39;eo</strong></span> <span class='ocrx_word' id='word_1_55' title='bbox 593 1113 752 1198; x_wconf 75' lang='lat' dir='ltr'><strong>Zainqlio,</strong></span> <span class='ocrx_word' id='word_1_56' title='bbox 770 1113 821 1194; x_wconf 94' lang='lat' dir='ltr'><strong>qui</strong></span> <span class='ocrx_word' id='word_1_57' title='bbox 836 1113 1061 1178; x_wconf 82' lang='lat' dir='ltr'><strong>ferventissimo</strong></span> <span class='ocrx_word' id='word_1_58' title='bbox 1078 1114 1154 1191; x_wconf 86' lang='lat' dir='ltr'><strong>zelo,</strong></span> <span class='ocrx_word' id='word_1_59' title='bbox 1172 1122 1204 1179; x_wconf 91' lang='lat' dir='ltr'><strong>et</strong></span> <span class='ocrx_word' id='word_1_60' title='bbox 1219 1117 1307 1180; x_wconf 90' lang='lat' dir='ltr'><strong>hero·</strong></span> 
     </span>
     <span class='ocr_line' id='line_1_8' title="bbox 104 1209 1308 1294; baseline 0.006 -24"><span class='ocrx_word' id='word_1_61' title='bbox 104 1209 150 1272; x_wconf 89' lang='lat' dir='ltr'><strong>ico</strong></span> <span class='ocrx_word' id='word_1_62' title='bbox 163 1210 256 1289; x_wconf 90' lang='lat' dir='ltr'><strong>plane</strong></span> <span class='ocrx_word' id='word_1_63' title='bbox 268 1211 388 1275; x_wconf 82' lang='lat' dir='ltr'><strong>virtute</strong></span> <span class='ocrx_word' id='word_1_64' title='bbox 404 1233 513 1292; x_wconf 89' lang='lat' dir='ltr'><strong>purum</strong></span> <span class='ocrx_word' id='word_1_65' title='bbox 530 1213 591 1276; x_wconf 91' lang='lat' dir='ltr'><strong>Dei</strong></span> <span class='ocrx_word' id='word_1_66' title='bbox 603 1211 743 1276; x_wconf 84' lang='lat' dir='ltr'><strong>Verbum</strong></span> <span class='ocrx_word' id='word_1_67' title='bbox 758 1211 914 1292; x_wconf 91' lang='lat' dir='ltr'><strong>intrepide</strong></span> <span class='ocrx_word' id='word_1_68' title='bbox 927 1211 1132 1292; x_wconf 84' lang='lat' dir='ltr'><strong>praedicando,</strong></span> <span class='ocrx_word' id='word_1_69' title='bbox 1144 1220 1177 1276; x_wconf 89' lang='lat' dir='ltr'><strong>et</strong></span> <span class='ocrx_word' id='word_1_70' title='bbox 1188 1214 1308 1294; x_wconf 88' lang='lat' dir='ltr'><strong>impuro</strong></span> 
     </span>
     <span class='ocr_line' id='line_1_9' title="bbox 105 1305 1307 1392; baseline 0.005 -22"><span class='ocrx_word' id='word_1_71' title='bbox 105 1305 256 1372; x_wconf 82' lang='lat' dir='ltr'><strong>Monacbo</strong></span> <span class='ocrx_word' id='word_1_72' title='bbox 282 1309 491 1374; x_wconf 86' lang='lat' dir='ltr'><strong>Franciscano</strong></span> <span class='ocrx_word' id='word_1_73' title='bbox 512 1311 663 1373; x_wconf 74' lang='lat' dir='ltr'><strong>Semoni</strong></span> <span class='ocrx_word' id='word_1_74' title='bbox 677 1310 769 1386; x_wconf 88' lang='lat' dir='ltr'><strong>dicto,</strong></span> <span class='ocrx_word' id='word_1_75' title='bbox 796 1309 897 1374; x_wconf 87' lang='lat' dir='ltr'><strong>Roma</strong></span> <span class='ocrx_word' id='word_1_76' title='bbox 911 1310 951 1372; x_wconf 88' lang='lat' dir='ltr'><strong>ad</strong></span> <span class='ocrx_word' id='word_1_77' title='bbox 966 1310 1077 1374; x_wconf 83' lang='lat' dir='ltr'><strong>foedam</strong></span> <span class='ocrx_word' id='word_1_78' title='bbox 1096 1311 1307 1392; x_wconf 84' lang='lat' dir='ltr'><strong>Indulgentia-</strong></span> 
     </span>
     <span class='ocr_line' id='line_1_10' title="bbox 105 1407 1307 1489; baseline 0.004 -21"><span class='ocrx_word' id='word_1_79' title='bbox 105 1425 169 1468; x_wconf 89' lang='lat' dir='ltr'><strong>mm</strong></span> <span class='ocrx_word' id='word_1_80' title='bbox 192 1407 450 1471; x_wconf 85' lang='lat' dir='ltr'><strong>nundinationem</strong></span> <span class='ocrx_word' id='word_1_81' title='bbox 474 1409 577 1484; x_wconf 90' lang='lat' dir='ltr'><strong>misso,</strong></span> <span class='ocrx_word' id='word_1_82' title='bbox 602 1408 737 1474; x_wconf 82' lang='lat' dir='ltr'><strong>mascele</strong></span> <span class='ocrx_word' id='word_1_83' title='bbox 754 1429 788 1472; x_wconf 89' lang='lat' dir='ltr'><strong>se</strong></span> <span class='ocrx_word' id='word_1_84' title='bbox 804 1407 995 1489; x_wconf 92' lang='lat' dir='ltr'><strong>opponendo,</strong></span> <span class='ocrx_word' id='word_1_85' title='bbox 1021 1408 1132 1472; x_wconf 89' lang='lat' dir='ltr'><strong>mirum</strong></span> <span class='ocrx_word' id='word_1_86' title='bbox 1158 1417 1307 1489; x_wconf 90' lang='lat' dir='ltr'><strong>quantum</strong></span> 
     </span>
     <span class='ocr_line' id='line_1_11' title="bbox 105 1504 1307 1587; baseline 0.004 -20"><span class='ocrx_word' id='word_1_87' title='bbox 105 1504 225 1570; x_wconf 65' lang='lat' dir='ltr'><strong>coelaete</strong></span> <span class='ocrx_word' id='word_1_88' title='bbox 249 1507 311 1570; x_wconf 89' lang='lat' dir='ltr'><strong>hoc</strong></span> <span class='ocrx_word' id='word_1_89' title='bbox 336 1505 423 1586; x_wconf 91' lang='lat' dir='ltr'><strong>Opus</strong></span> <span class='ocrx_word' id='word_1_90' title='bbox 438 1507 522 1586; x_wconf 90' lang='lat' dir='ltr'><strong>apud</strong></span> <span class='ocrx_word' id='word_1_91' title='bbox 539 1505 606 1570; x_wconf 89' lang='lat' dir='ltr'><strong>Vos</strong></span> <span class='ocrx_word' id='word_1_92' title='bbox 627 1507 779 1571; x_wconf 72' lang='lat' dir='ltr'><strong>stabilivit</strong></span> <span class='ocrx_word' id='word_1_93' title='bbox 793 1513 826 1570; x_wconf 89' lang='lat' dir='ltr'><strong>et</strong></span> <span class='ocrx_word' id='word_1_94' title='bbox 840 1507 991 1587; x_wconf 79' lang='lat' dir='ltr'><strong>prorexit.</strong></span> <span class='ocrx_word' id='word_1_95' title='bbox 1052 1505 1141 1585; x_wconf 84' lang='lat' dir='ltr'><strong>Quod</strong></span> <span class='ocrx_word' id='word_1_96' title='bbox 1168 1507 1307 1573; x_wconf 77' lang='lat' dir='ltr'><strong>diuinum</strong></span> 
     </span>
     <span class='ocr_line' id='line_1_12' title="bbox 107 1603 1305 1686; baseline 0.008 -23"><span class='ocrx_word' id='word_1_97' title='bbox 107 1609 293 1680; x_wconf 65' lang='grc' dir='ltr'><strong>τλεωὶκτημα</strong></span> <span class='ocrx_word' id='word_1_98' title='bbox 312 1603 448 1668; x_wconf 90' lang='lat' dir='ltr'><strong>Piissimi</strong></span> <span class='ocrx_word' id='word_1_99' title='bbox 468 1604 604 1686; x_wconf 84' lang='lat' dir='ltr'><strong>Majores</strong></span> <span class='ocrx_word' id='word_1_100' title='bbox 621 1603 731 1669; x_wconf 80' lang='lat' dir='ltr'><strong>Vestri</strong></span> <span class='ocrx_word' id='word_1_101' title='bbox 747 1612 836 1669; x_wconf 86' lang='lat' dir='ltr'><strong>tanto</strong></span> <span class='ocrx_word' id='word_1_102' title='bbox 853 1604 964 1682; x_wconf 89' lang='lat' dir='ltr'><strong>studio,</strong></span> <span class='ocrx_word' id='word_1_103' title='bbox 982 1612 1134 1685; x_wconf 88' lang='lat' dir='ltr'><strong>tantoque</strong></span> <span class='ocrx_word' id='word_1_104' title='bbox 1149 1627 1217 1670; x_wconf 94' lang='lat' dir='ltr'><strong>cum</strong></span> <span class='ocrx_word' id='word_1_105' title='bbox 1235 1629 1305 1672; x_wconf 90' lang='lat' dir='ltr'><strong>suc·</strong></span> 
     </span>
     <span class='ocr_line' id='line_1_13' title="bbox 108 1703 1305 1779; baseline 0.004 -15"><span class='ocrx_word' id='word_1_106' title='bbox 108 1721 190 1764; x_wconf 89' lang='lat' dir='ltr'><strong>cessu</strong></span> <span class='ocrx_word' id='word_1_107' title='bbox 222 1711 455 1779; x_wconf 83' lang='lat' dir='ltr'><strong>conservarunt,</strong></span> <span class='ocrx_word' id='word_1_108' title='bbox 480 1705 512 1766; x_wconf 93' lang='lat' dir='ltr'><strong>in</strong></span> <span class='ocrx_word' id='word_1_109' title='bbox 538 1703 570 1766; x_wconf 93' lang='lat' dir='ltr'><strong>id</strong></span> <span class='ocrx_word' id='word_1_110' title='bbox 594 1703 688 1767; x_wconf 89' lang='lat' dir='ltr'><strong>etiam</strong></span> <span class='ocrx_word' id='word_1_111' title='bbox 714 1709 918 1768; x_wconf 89' lang='lat' dir='ltr'><strong>concurrente</strong></span> <span class='ocrx_word' id='word_1_112' title='bbox 947 1704 1101 1768; x_wconf 87' lang='lat' dir='ltr'><strong>indefessa</strong></span> <span class='ocrx_word' id='word_1_113' title='bbox 1126 1703 1305 1769; x_wconf 89' lang='lat' dir='ltr'><strong>Venerandi</strong></span> 
     </span>
     <span class='ocr_line' id='line_1_14' title="bbox 107 1795 1307 1883; baseline 0.005 -23"><span class='ocrx_word' id='word_1_114' title='bbox 107 1795 268 1864; x_wconf 83' lang='lat' dir='ltr'><strong>Ministerii</strong></span> <span class='ocrx_word' id='word_1_115' title='bbox 294 1800 404 1864; x_wconf 79' lang='lat' dir='ltr'><strong>Vestri</strong></span> <span class='ocrx_word' id='word_1_116' title='bbox 432 1801 601 1883; x_wconf 72' lang='lat' dir='ltr'><strong>vigilantia,</strong></span> <span class='ocrx_word' id='word_1_117' title='bbox 628 1809 660 1865; x_wconf 91' lang='lat' dir='ltr'><strong>et</strong></span> <span class='ocrx_word' id='word_1_118' title='bbox 686 1801 960 1865; x_wconf 82' lang='lat' dir='ltr'><strong>celeberrimorum</strong></span> <span class='ocrx_word' id='word_1_119' title='bbox 987 1821 1022 1862; x_wconf 91' lang='lat' dir='ltr'><strong>ac</strong></span> <span class='ocrx_word' id='word_1_120' title='bbox 1051 1799 1307 1866; x_wconf 87' lang='lat' dir='ltr'><strong>Doctissimorum</strong></span> 
     </span>
     <span class='ocr_line' id='line_1_15' title="bbox 109 1895 1306 1981; baseline 0.004 -23"><span class='ocrx_word' id='word_1_121' title='bbox 109 1895 328 1981; x_wconf 80' lang='lat' dir='ltr'><strong>Theologorum</strong></span> <span class='ocrx_word' id='word_1_122' title='bbox 345 1898 529 1963; x_wconf 86' lang='lat' dir='ltr'><strong>Vestrorum</strong></span> <span class='ocrx_word' id='word_1_123' title='bbox 555 1899 621 1962; x_wconf 86' lang='lat' dir='ltr'><strong>nelo</strong></span> <span class='ocrx_word' id='word_1_124' title='bbox 646 1898 850 1981; x_wconf 83' lang='lat' dir='ltr'><strong>sanctissimo,</strong></span> <span class='ocrx_word' id='word_1_125' title='bbox 877 1897 930 1978; x_wconf 92' lang='lat' dir='ltr'><strong>qui</strong></span> <span class='ocrx_word' id='word_1_126' title='bbox 954 1905 1021 1961; x_wconf 87' lang='lat' dir='ltr'><strong>tum</strong></span> <span class='ocrx_word' id='word_1_127' title='bbox 1038 1898 1108 1962; x_wconf 79' lang='lat' dir='ltr'><strong>riva</strong></span> <span class='ocrx_word' id='word_1_128' title='bbox 1131 1918 1214 1974; x_wconf 82' lang='lat' dir='ltr'><strong>voce,</strong></span> <span class='ocrx_word' id='word_1_129' title='bbox 1241 1906 1306 1963; x_wconf 88' lang='lat' dir='ltr'><strong>tum</strong></span> 
     </span>
     <span class='ocr_line' id='line_1_16' title="bbox 110 1995 1306 2078; baseline 0.003 -20"><span class='ocrx_word' id='word_1_130' title='bbox 110 1995 225 2075; x_wconf 83' lang='lat' dir='ltr'><strong>scriptis</strong></span> <span class='ocrx_word' id='word_1_131' title='bbox 250 1996 447 2061; x_wconf 87' lang='lat' dir='ltr'><strong>solidissimis</strong></span> <span class='ocrx_word' id='word_1_132' title='bbox 461 1997 537 2061; x_wconf 91' lang='lat' dir='ltr'><strong>nihil</strong></span> <span class='ocrx_word' id='word_1_133' title='bbox 555 1997 735 2074; x_wconf 88' lang='lat' dir='ltr'><strong>omiserunt,</strong></span> <span class='ocrx_word' id='word_1_134' title='bbox 752 2003 790 2059; x_wconf 90' lang='lat' dir='ltr'><strong>ut</strong></span> <span class='ocrx_word' id='word_1_135' title='bbox 805 1995 974 2060; x_wconf 86' lang='lat' dir='ltr'><strong>Erroribus</strong></span> <span class='ocrx_word' id='word_1_136' title='bbox 992 1996 1149 2076; x_wconf 77' lang='lat' dir='ltr'><strong>quibusvis</strong></span> <span class='ocrx_word' id='word_1_137' title='bbox 1165 2017 1306 2078; x_wconf 84' lang='lat' dir='ltr'><strong>grassan-</strong></span> 
     </span>
     <span class='ocr_line' id='line_1_17' title="bbox 110 2091 1305 2177; baseline 0.007 -24"><span class='ocrx_word' id='word_1_138' title='bbox 110 2091 185 2157; x_wconf 88' lang='lat' dir='ltr'><strong>tibus</strong></span> <span class='ocrx_word' id='word_1_139' title='bbox 209 2103 339 2160; x_wconf 90' lang='lat' dir='ltr'><strong>streuue</strong></span> <span class='ocrx_word' id='word_1_140' title='bbox 362 2115 395 2160; x_wconf 89' lang='lat' dir='ltr'><strong>se</strong></span> <span class='ocrx_word' id='word_1_141' title='bbox 414 2103 622 2177; x_wconf 82' lang='lat' dir='ltr'><strong>opponereut3</strong></span> <span class='ocrx_word' id='word_1_142' title='bbox 648 2115 745 2176; x_wconf 88' lang='lat' dir='ltr'><strong>usque</strong></span> <span class='ocrx_word' id='word_1_143' title='bbox 770 2095 856 2172; x_wconf 91' lang='lat' dir='ltr'><strong>adeo,</strong></span> <span class='ocrx_word' id='word_1_144' title='bbox 877 2101 913 2157; x_wconf 89' lang='lat' dir='ltr'><strong>ut</strong></span> <span class='ocrx_word' id='word_1_145' title='bbox 931 2094 1157 2176; x_wconf 86' lang='lat' dir='ltr'><strong>qualescunque</strong></span> <span class='ocrx_word' id='word_1_146' title='bbox 1182 2095 1305 2161; x_wconf 77' lang='lat' dir='ltr'><strong>Satana</strong></span> 
     </span>
     <span class='ocr_line' id='line_1_18' title="bbox 109 2189 1304 2278; baseline 0.008 -28"><span class='ocrx_word' id='word_1_147' title='bbox 109 2189 215 2255; x_wconf 88' lang='lat' dir='ltr'><strong>luerint</strong></span> <span class='ocrx_word' id='word_1_148' title='bbox 243 2201 386 2278; x_wconf 75' lang='lat' dir='ltr'><strong>mustus,</strong></span> <span class='ocrx_word' id='word_1_149' title='bbox 417 2195 455 2257; x_wconf 88' lang='lat' dir='ltr'><strong>ad</strong></span> <span class='ocrx_word' id='word_1_150' title='bbox 475 2194 633 2258; x_wconf 75' lang='lat' dir='ltr'><strong>Doctrina</strong></span> <span class='ocrx_word' id='word_1_151' title='bbox 659 2194 827 2274; x_wconf 90' lang='lat' dir='ltr'><strong>puritatem</strong></span> <span class='ocrx_word' id='word_1_152' title='bbox 853 2193 1057 2269; x_wconf 79' lang='lat' dir='ltr'><strong>iniciendam,</strong></span> <span class='ocrx_word' id='word_1_153' title='bbox 1082 2193 1166 2257; x_wconf 85' lang='lat' dir='ltr'><strong>nulla</strong></span> <span class='ocrx_word' id='word_1_154' title='bbox 1191 2202 1304 2272; x_wconf 89' lang='lat' dir='ltr'><strong>tamen,</strong></span> 
     </span>
     <span class='ocr_line' id='line_1_19' title="bbox 110 2291 1305 2375; baseline 0.005 -23"><span class='ocrx_word' id='word_1_155' title='bbox 110 2291 248 2368; x_wconf 81' lang='lat' dir='ltr'><strong>peculiari</strong></span> <span class='ocrx_word' id='word_1_156' title='bbox 276 2300 313 2357; x_wconf 87' lang='lat' dir='ltr'><strong>et</strong></span> <span class='ocrx_word' id='word_1_157' title='bbox 337 2294 445 2372; x_wconf 86' lang='lat' dir='ltr'><strong>paucis</strong></span> <span class='ocrx_word' id='word_1_158' title='bbox 471 2313 616 2358; x_wconf 86' lang='lat' dir='ltr'><strong>concessa</strong></span> <span class='ocrx_word' id='word_1_159' title='bbox 637 2291 699 2356; x_wconf 87' lang='lat' dir='ltr'><strong>Dei</strong></span> <span class='ocrx_word' id='word_1_160' title='bbox 721 2293 832 2375; x_wconf 84' lang='lat' dir='ltr'><strong>gratia,</strong></span> <span class='ocrx_word' id='word_1_161' title='bbox 854 2291 902 2356; x_wconf 84' lang='lat' dir='ltr'><strong>vel</strong></span> <span class='ocrx_word' id='word_1_162' title='bbox 917 2291 1044 2355; x_wconf 90' lang='lat' dir='ltr'><strong>minima</strong></span> <span class='ocrx_word' id='word_1_163' title='bbox 1063 2292 1157 2369; x_wconf 85' lang='lat' dir='ltr'><strong>labes,</strong></span> <span class='ocrx_word' id='word_1_164' title='bbox 1181 2293 1213 2356; x_wconf 91' lang='lat' dir='ltr'><strong>in</strong></span> <span class='ocrx_word' id='word_1_165' title='bbox 1237 2315 1305 2358; x_wconf 90' lang='lat' dir='ltr'><strong>eam</strong></span> 
     </span>
     <span class='ocr_line' id='line_1_20' title="bbox 109 2385 1305 2473; baseline 0.004 -22"><span class='ocrx_word' id='word_1_166' title='bbox 109 2385 280 2469; x_wconf 80' lang='lat' dir='ltr'><strong>irrepserit3</strong></span> <span class='ocrx_word' id='word_1_167' title='bbox 311 2392 365 2455; x_wconf 90' lang='lat' dir='ltr'><strong>scd</strong></span> <span class='ocrx_word' id='word_1_168' title='bbox 379 2392 503 2473; x_wconf 81' lang='lat' dir='ltr'><strong>integra</strong></span> <span class='ocrx_word' id='word_1_169' title='bbox 519 2399 551 2456; x_wconf 88' lang='lat' dir='ltr'><strong>et</strong></span> <span class='ocrx_word' id='word_1_170' title='bbox 567 2390 688 2456; x_wconf 88' lang='lat' dir='ltr'><strong>illibata</strong></span> <span class='ocrx_word' id='word_1_171' title='bbox 703 2411 823 2471; x_wconf 90' lang='lat' dir='ltr'><strong>semper</strong></span> <span class='ocrx_word' id='word_1_172' title='bbox 837 2389 995 2468; x_wconf 87' lang='lat' dir='ltr'><strong>manserit,</strong></span> <span class='ocrx_word' id='word_1_173' title='bbox 1014 2391 1155 2471; x_wconf 90' lang='lat' dir='ltr'><strong>quodque</strong></span> <span class='ocrx_word' id='word_1_174' title='bbox 1171 2391 1305 2456; x_wconf 88' lang='lat' dir='ltr'><strong>aPatri·</strong></span> 
     </span>
     <span class='ocr_line' id='line_1_21' title="bbox 109 2485 1307 2571; baseline 0.007 -25"><span class='ocrx_word' id='word_1_175' title='bbox 109 2485 163 2548; x_wconf 87' lang='lat' dir='ltr'><strong>bus</strong></span> <span class='ocrx_word' id='word_1_176' title='bbox 177 2489 236 2553; x_wconf 88' lang='lat' dir='ltr'><strong>suis</strong></span> <span class='ocrx_word' id='word_1_177' title='bbox 246 2491 317 2570; x_wconf 89' lang='lat' dir='ltr'><strong>jam</strong></span> <span class='ocrx_word' id='word_1_178' title='bbox 333 2497 516 2570; x_wconf 87' lang='lat' dir='ltr'><strong>acceperant</strong></span> <span class='ocrx_word' id='word_1_179' title='bbox 530 2489 710 2571; x_wconf 81' lang='lat' dir='ltr'><strong>praeclarum</strong></span> <span class='ocrx_word' id='word_1_180' title='bbox 733 2489 926 2570; x_wconf 91' lang='lat' dir='ltr'><strong>Depositum,</strong></span> <span class='ocrx_word' id='word_1_181' title='bbox 946 2489 1173 2571; x_wconf 86' lang='lat' dir='ltr'><strong>religiosissime</strong></span> <span class='ocrx_word' id='word_1_182' title='bbox 1189 2511 1307 2554; x_wconf 86' lang='lat' dir='ltr'><strong>summa</strong></span> 
     </span>
     <span class='ocr_line' id='line_1_22' title="bbox 110 2586 1165 2665; baseline 0.006 -20"><span class='ocrx_word' id='word_1_183' title='bbox 110 2603 173 2647; x_wconf 91' lang='lat' dir='ltr'><strong>cum</strong></span> <span class='ocrx_word' id='word_1_184' title='bbox 189 2586 276 2653; x_wconf 89' lang='lat' dir='ltr'><strong>laude</strong></span> <span class='ocrx_word' id='word_1_185' title='bbox 292 2597 517 2665; x_wconf 84' lang='lat' dir='ltr'><strong>conservatum,</strong></span> <span class='ocrx_word' id='word_1_186' title='bbox 533 2589 573 2652; x_wconf 92' lang='lat' dir='ltr'><strong>ad</strong></span> <span class='ocrx_word' id='word_1_187' title='bbox 590 2586 656 2652; x_wconf 89' lang='lat' dir='ltr'><strong>Vos</strong></span> <span class='ocrx_word' id='word_1_188' title='bbox 672 2587 765 2653; x_wconf 88' lang='lat' dir='ltr'><strong>etiam</strong></span> <span class='ocrx_word' id='word_1_189' title='bbox 780 2587 913 2652; x_wconf 87' lang='lat' dir='ltr'><strong>fideliter</strong></span> <span class='ocrx_word' id='word_1_190' title='bbox 926 2587 1165 2652; x_wconf 78' lang='lat' dir='ltr'><strong>transmiserint.</strong></span> 
     </span>
    </p>

    <p class='ocr_par' dir='ltr' id='par_1_3' title="bbox 111 2683 1308 4435">
     <span class='ocr_line' id='line_1_23' title="bbox 154 2683 1305 2768; baseline -0.001 -16"><span class='ocrx_word' id='word_1_191' title='bbox 154 2683 247 2761; x_wconf 84' lang='lat' dir='ltr'><strong>Quum</strong></span> <span class='ocrx_word' id='word_1_192' title='bbox 260 2686 387 2752; x_wconf 90' lang='lat' dir='ltr'><strong>landem</strong></span> <span class='ocrx_word' id='word_1_193' title='bbox 402 2695 436 2751; x_wconf 88' lang='lat' dir='ltr'><strong>et</strong></span> <span class='ocrx_word' id='word_1_194' title='bbox 451 2687 588 2768; x_wconf 84' lang='lat' dir='ltr'><strong>gloriam,</strong></span> <span class='ocrx_word' id='word_1_195' title='bbox 605 2694 739 2751; x_wconf 79' lang='lat' dir='ltr'><strong>vestram</strong></span> <span class='ocrx_word' id='word_1_196' title='bbox 756 2686 851 2750; x_wconf 90' lang='lat' dir='ltr'><strong>etiam</strong></span> <span class='ocrx_word' id='word_1_197' title='bbox 865 2707 933 2751; x_wconf 86' lang='lat' dir='ltr'><strong>esse</strong></span> <span class='ocrx_word' id='word_1_198' title='bbox 952 2685 1103 2768; x_wconf 81' lang='lat' dir='ltr'><strong>uoluistis,</strong></span> <span class='ocrx_word' id='word_1_199' title='bbox 1120 2687 1305 2751; x_wconf 77' lang='lat' dir='ltr'><strong>Paocuans</strong></span> 
     </span>
     <span class='ocr_line' id='line_1_24' title="bbox 112 2779 1305 2866; baseline 0.007 -24"><span class='ocrx_word' id='word_1_200' title='bbox 112 2779 333 2861; x_wconf 77' lang='lat' dir='ltr'><strong>Aurmssrnnl,</strong></span> <span class='ocrx_word' id='word_1_201' title='bbox 364 2806 425 2848; x_wconf 95' lang='lat' dir='ltr'><strong>non</strong></span> <span class='ocrx_word' id='word_1_202' title='bbox 455 2785 545 2848; x_wconf 91' lang='lat' dir='ltr'><strong>modo</strong></span> <span class='ocrx_word' id='word_1_203' title='bbox 572 2784 827 2866; x_wconf 85' lang='lat' dir='ltr'><strong>pretiosissimum</strong></span> <span class='ocrx_word' id='word_1_204' title='bbox 852 2785 911 2848; x_wconf 92' lang='lat' dir='ltr'><strong>boc</strong></span> <span class='ocrx_word' id='word_1_205' title='bbox 938 2789 1074 2859; x_wconf 70' lang='grc' dir='ltr'><strong>καμήλων</strong></span> <span class='ocrx_word' id='word_1_206' title='bbox 1099 2787 1305 2864; x_wconf 84' lang='lat' dir='ltr'><strong>praecaeteris</strong></span> 
     </span>
     <span class='ocr_line' id='line_1_25' title="bbox 112 2881 1305 2964; baseline 0.008 -24"><span class='ocrx_word' id='word_1_207' title='bbox 112 2881 241 2947; x_wconf 91' lang='lat' dir='ltr'><strong>omuibus</strong></span> <span class='ocrx_word' id='word_1_208' title='bbox 267 2883 524 2964; x_wconf 85' lang='lat' dir='ltr'><strong>magnifaciendo,</strong></span> <span class='ocrx_word' id='word_1_209' title='bbox 542 2884 596 2948; x_wconf 85' lang='lat' dir='ltr'><strong>sed</strong></span> <span class='ocrx_word' id='word_1_210' title='bbox 625 2891 658 2947; x_wconf 89' lang='lat' dir='ltr'><strong>et</strong></span> <span class='ocrx_word' id='word_1_211' title='bbox 685 2881 933 2947; x_wconf 77' lang='lat' dir='ltr'><strong>constantissime</strong></span> <span class='ocrx_word' id='word_1_212' title='bbox 958 2882 1130 2959; x_wconf 89' lang='lat' dir='ltr'><strong>retinendo,</strong></span> <span class='ocrx_word' id='word_1_213' title='bbox 1148 2884 1226 2947; x_wconf 91' lang='lat' dir='ltr'><strong>fidos</strong></span> <span class='ocrx_word' id='word_1_214' title='bbox 1245 2883 1305 2949; x_wconf 85' lang='lat' dir='ltr'><strong>Ec·</strong></span> 
     </span>
     <span class='ocr_line' id='line_1_26' title="bbox 112 2975 1305 3062; baseline 0.005 -24"><span class='ocrx_word' id='word_1_215' title='bbox 112 2975 201 3042; x_wconf 81' lang='lat' dir='ltr'><strong>clesiae</strong></span> <span class='ocrx_word' id='word_1_216' title='bbox 229 2981 392 3062; x_wconf 87' lang='lat' dir='ltr'><strong>nutritios,</strong></span> <span class='ocrx_word' id='word_1_217' title='bbox 418 2981 602 3046; x_wconf 82' lang='lat' dir='ltr'><strong>fortissimos</strong></span> <span class='ocrx_word' id='word_1_218' title='bbox 626 2981 713 3045; x_wconf 79' lang='lat' dir='ltr'><strong>boum</strong></span> <span class='ocrx_word' id='word_1_219' title='bbox 745 3001 844 3044; x_wconf 80' lang='lat' dir='ltr'><strong>causae</strong></span> <span class='ocrx_word' id='word_1_220' title='bbox 863 2979 1023 3055; x_wconf 89' lang='lat' dir='ltr'><strong>Vindices,</strong></span> <span class='ocrx_word' id='word_1_221' title='bbox 1053 2987 1086 3042; x_wconf 86' lang='lat' dir='ltr'><strong>et</strong></span> <span class='ocrx_word' id='word_1_222' title='bbox 1103 2980 1305 3044; x_wconf 80' lang='lat' dir='ltr'><strong>Orthodoxiae</strong></span> 
     </span>
     <span class='ocr_line' id='line_1_27' title="bbox 114 3071 1306 3160; baseline 0.003 -21"><span class='ocrx_word' id='word_1_223' title='bbox 114 3071 249 3144; x_wconf 84' lang='lat' dir='ltr'><strong>Custodes</strong></span> <span class='ocrx_word' id='word_1_224' title='bbox 267 3079 481 3144; x_wconf 83' lang='lat' dir='ltr'><strong>tenacissimos</strong></span> <span class='ocrx_word' id='word_1_225' title='bbox 498 3079 565 3143; x_wconf 85' lang='lat' dir='ltr'><strong>Vos</strong></span> <span class='ocrx_word' id='word_1_226' title='bbox 581 3079 765 3160; x_wconf 87' lang='lat' dir='ltr'><strong>exhibendo,</strong></span> <span class='ocrx_word' id='word_1_227' title='bbox 779 3077 857 3141; x_wconf 89' lang='lat' dir='ltr'><strong>nibil</strong></span> <span class='ocrx_word' id='word_1_228' title='bbox 868 3076 1023 3156; x_wconf 88' lang='lat' dir='ltr'><strong>antiquius</strong></span> <span class='ocrx_word' id='word_1_229' title='bbox 1038 3077 1198 3153; x_wconf 84' lang='lat' dir='ltr'><strong>babentes,</strong></span> <span class='ocrx_word' id='word_1_230' title='bbox 1216 3097 1306 3157; x_wconf 88' lang='lat' dir='ltr'><strong>quam</strong></span> 
     </span>
     <span class='ocr_line' id='line_1_28' title="bbox 113 3173 1307 3261; baseline 0.003 -25"><span class='ocrx_word' id='word_1_231' title='bbox 113 3181 315 3249; x_wconf 66' lang='lat' dir='ltr'><strong>utbumtence</strong></span> <span class='ocrx_word' id='word_1_232' title='bbox 326 3186 492 3260; x_wconf 64' lang='lat' dir='ltr'><strong>bysantos-av</strong></span> <span class='ocrx_word' id='word_1_233' title='bbox 506 3187 603 3261; x_wconf 68' lang='grc' dir='ltr'>λόγων,</span> <span class='ocrx_word' id='word_1_234' title='bbox 616 3184 649 3241; x_wconf 90' lang='lat' dir='ltr'><strong>et</strong></span> <span class='ocrx_word' id='word_1_235' title='bbox 658 3176 792 3258; x_wconf 91' lang='lat' dir='ltr'><strong>purioris</strong></span> <span class='ocrx_word' id='word_1_236' title='bbox 804 3173 973 3251; x_wconf 78' lang='lat' dir='ltr'><strong>Doctrinae,</strong></span> <span class='ocrx_word' id='word_1_237' title='bbox 986 3195 1053 3255; x_wconf 84' lang='lat' dir='ltr'><strong>queo</strong></span> <span class='ocrx_word' id='word_1_238' title='bbox 1064 3175 1215 3239; x_wconf 87' lang='lat' dir='ltr'><strong>hactenus</strong></span> <span class='ocrx_word' id='word_1_239' title='bbox 1225 3175 1307 3240; x_wconf 87' lang='lat' dir='ltr'><strong>inter</strong></span> 
     </span>
     <span class='ocr_line' id='line_1_29' title="bbox 116 3267 1306 3359; baseline 0.003 -23"><span class='ocrx_word' id='word_1_240' title='bbox 116 3267 173 3336; x_wconf 86' lang='lat' dir='ltr'><strong>Vos</strong></span> <span class='ocrx_word' id='word_1_241' title='bbox 196 3277 307 3359; x_wconf 83' lang='lat' dir='ltr'><strong>riguit,</strong></span> <span class='ocrx_word' id='word_1_242' title='bbox 342 3275 522 3356; x_wconf 87' lang='lat' dir='ltr'><strong>simplicitas</strong></span> <span class='ocrx_word' id='word_1_243' title='bbox 547 3276 734 3340; x_wconf 87' lang='lat' dir='ltr'><strong>intemerata</strong></span> <span class='ocrx_word' id='word_1_244' title='bbox 760 3280 967 3338; x_wconf 82' lang='lat' dir='ltr'><strong>conservetur.</strong></span> <span class='ocrx_word' id='word_1_245' title='bbox 1018 3271 1107 3351; x_wconf 84' lang='lat' dir='ltr'><strong>Quod</strong></span> <span class='ocrx_word' id='word_1_246' title='bbox 1135 3281 1171 3336; x_wconf 89' lang='lat' dir='ltr'><strong>ut</strong></span> <span class='ocrx_word' id='word_1_247' title='bbox 1187 3273 1306 3339; x_wconf 83' lang='lat' dir='ltr'><strong>facilius</strong></span> 
     </span>
     <span class='ocr_line' id='line_1_30' title="bbox 113 3371 1305 3457; baseline 0.001 -20"><span class='ocrx_word' id='word_1_248' title='bbox 113 3374 223 3454; x_wconf 75' lang='lat' dir='ltr'><strong>assequi</strong></span> <span class='ocrx_word' id='word_1_249' title='bbox 248 3374 395 3457; x_wconf 89' lang='lat' dir='ltr'><strong>possetis,</strong></span> <span class='ocrx_word' id='word_1_250' title='bbox 423 3394 483 3437; x_wconf 91' lang='lat' dir='ltr'><strong>non</strong></span> <span class='ocrx_word' id='word_1_251' title='bbox 513 3375 603 3438; x_wconf 89' lang='lat' dir='ltr'><strong>modo</strong></span> <span class='ocrx_word' id='word_1_252' title='bbox 632 3373 807 3438; x_wconf 87' lang='lat' dir='ltr'><strong>teterrimos</strong></span> <span class='ocrx_word' id='word_1_253' title='bbox 832 3371 973 3448; x_wconf 85' lang='lat' dir='ltr'><strong>Errores,</strong></span> <span class='ocrx_word' id='word_1_254' title='bbox 990 3377 1023 3435; x_wconf 91' lang='lat' dir='ltr'><strong>et</strong></span> <span class='ocrx_word' id='word_1_255' title='bbox 1049 3371 1146 3436; x_wconf 81' lang='lat' dir='ltr'><strong>foedas</strong></span> <span class='ocrx_word' id='word_1_256' title='bbox 1162 3373 1305 3450; x_wconf 86' lang='lat' dir='ltr'><strong>haereses,</strong></span> 
     </span>
     <span class='ocr_line' id='line_1_31' title="bbox 115 3470 1305 3554; baseline 0.003 -23"><span class='ocrx_word' id='word_1_257' title='bbox 115 3485 173 3545; x_wconf 80' lang='lat' dir='ltr'><strong>que</strong></span> <span class='ocrx_word' id='word_1_258' title='bbox 188 3493 238 3536; x_wconf 89' lang='lat' dir='ltr'><strong>cor</strong></span> <span class='ocrx_word' id='word_1_259' title='bbox 256 3473 359 3554; x_wconf 89' lang='lat' dir='ltr'><strong>ipsum</strong></span> <span class='ocrx_word' id='word_1_260' title='bbox 375 3471 474 3548; x_wconf 87' lang='lat' dir='ltr'><strong>Fidei,</strong></span> <span class='ocrx_word' id='word_1_261' title='bbox 491 3480 524 3537; x_wconf 89' lang='lat' dir='ltr'><strong>et</strong></span> <span class='ocrx_word' id='word_1_262' title='bbox 555 3471 672 3536; x_wconf 87' lang='lat' dir='ltr'><strong>Salutis</strong></span> <span class='ocrx_word' id='word_1_263' title='bbox 699 3470 933 3534; x_wconf 83' lang='lat' dir='ltr'><strong>fundamentum</strong></span> <span class='ocrx_word' id='word_1_264' title='bbox 949 3476 1072 3551; x_wconf 87' lang='lat' dir='ltr'><strong>petunt,</strong></span> <span class='ocrx_word' id='word_1_265' title='bbox 1090 3471 1305 3552; x_wconf 85' lang='lat' dir='ltr'><strong>profligandas,</strong></span> 
     </span>
     <span class='ocr_line' id='line_1_32' title="bbox 113 3567 1304 3650; baseline 0.005 -24"><span class='ocrx_word' id='word_1_266' title='bbox 113 3571 142 3626; x_wconf 89' lang='lat' dir='ltr'><strong>et</strong></span> <span class='ocrx_word' id='word_1_267' title='bbox 156 3567 239 3650; x_wconf 77' lang='lat' dir='ltr'><strong>nigro</strong></span> <span class='ocrx_word' id='word_1_268' title='bbox 257 3572 348 3635; x_wconf 87' lang='lat' dir='ltr'><strong>theta</strong></span> <span class='ocrx_word' id='word_1_269' title='bbox 360 3571 511 3635; x_wconf 83' lang='lat' dir='ltr'><strong>notandas</strong></span> <span class='ocrx_word' id='word_1_270' title='bbox 529 3581 636 3635; x_wconf 88' lang='lat' dir='ltr'><strong>sancte</strong></span> <span class='ocrx_word' id='word_1_271' title='bbox 649 3569 812 3634; x_wconf 85' lang='lat' dir='ltr'><strong>censuistis</strong></span> <span class='ocrx_word' id='word_1_272' title='bbox 825 3590 836 3650; x_wconf 88' lang='lat'>;</span> <span class='ocrx_word' id='word_1_273' title='bbox 863 3568 917 3632; x_wconf 91' lang='lat' dir='ltr'><strong>sed</strong></span> <span class='ocrx_word' id='word_1_274' title='bbox 932 3567 1026 3631; x_wconf 89' lang='lat' dir='ltr'><strong>etiam</strong></span> <span class='ocrx_word' id='word_1_275' title='bbox 1041 3567 1173 3632; x_wconf 81' lang='lat' dir='ltr'><strong>novitias</strong></span> <span class='ocrx_word' id='word_1_276' title='bbox 1190 3589 1304 3650; x_wconf 89' lang='lat' dir='ltr'><strong>omnes,</strong></span> 
     </span>
     <span class='ocr_line' id='line_1_33' title="bbox 114 3665 1305 3752; baseline -0.002 -20"><span class='ocrx_word' id='word_1_277' title='bbox 114 3669 142 3724; x_wconf 70' lang='lat' dir='ltr'><strong>tl</strong></span> <span class='ocrx_word' id='word_1_278' title='bbox 154 3669 329 3752; x_wconf 83' lang='lat' dir='ltr'><strong>peregrinas</strong></span> <span class='ocrx_word' id='word_1_279' title='bbox 353 3667 510 3733; x_wconf 83' lang='lat' dir='ltr'><strong>doctrinas</strong></span> <span class='ocrx_word' id='word_1_280' title='bbox 521 3690 540 3732; x_wconf 93' lang='lat' dir='ltr'><strong>a</strong></span> <span class='ocrx_word' id='word_1_281' title='bbox 553 3673 629 3750; x_wconf 67' lang='lat' dir='ltr'><strong>slep</strong></span> <span class='ocrx_word' id='word_1_282' title='bbox 647 3673 766 3752; x_wconf 73' lang='grc' dir='ltr'><strong>διδαχῆς</strong></span> <span class='ocrx_word' id='word_1_283' title='bbox 783 3674 874 3730; x_wconf 86' lang='lat' dir='ltr'><strong>antea</strong></span> <span class='ocrx_word' id='word_1_284' title='bbox 889 3665 1014 3729; x_wconf 79' lang='lat' dir='ltr'><strong>tradita</strong></span> <span class='ocrx_word' id='word_1_285' title='bbox 1030 3665 1218 3741; x_wconf 88' lang='lat' dir='ltr'><strong>recedentes,</strong></span> <span class='ocrx_word' id='word_1_286' title='bbox 1237 3687 1305 3747; x_wconf 82' lang='lat' dir='ltr'><strong>quae</strong></span> 
     </span>
     <span class='ocr_line' id='line_1_34' title="bbox 115 3759 1307 3842; baseline 0.006 -21"><span class='ocrx_word' id='word_1_287' title='bbox 115 3759 179 3826; x_wconf 86' lang='lat' dir='ltr'><strong>alibi</strong></span> <span class='ocrx_word' id='word_1_288' title='bbox 189 3770 296 3831; x_wconf 86' lang='lat' dir='ltr'><strong>turbas</strong></span> <span class='ocrx_word' id='word_1_289' title='bbox 311 3767 473 3842; x_wconf 81' lang='lat' dir='ltr'><strong>dedemnt,</strong></span> <span class='ocrx_word' id='word_1_290' title='bbox 488 3787 506 3829; x_wconf 88' lang='lat' dir='ltr'><strong>a</strong></span> <span class='ocrx_word' id='word_1_291' title='bbox 522 3767 634 3831; x_wconf 90' lang='lat' dir='ltr'><strong>finibus</strong></span> <span class='ocrx_word' id='word_1_292' title='bbox 650 3765 761 3829; x_wconf 78' lang='lat' dir='ltr'><strong>restris</strong></span> <span class='ocrx_word' id='word_1_293' title='bbox 777 3763 925 3829; x_wconf 87' lang='lat' dir='ltr'><strong>arcendas</strong></span> <span class='ocrx_word' id='word_1_294' title='bbox 951 3763 1162 3827; x_wconf 88' lang='lat' dir='ltr'><strong>laudatissimo</strong></span> <span class='ocrx_word' id='word_1_295' title='bbox 1180 3764 1307 3828; x_wconf 92' lang='lat' dir='ltr'><strong>consilio</strong></span> 
     </span>
     <span class='ocr_line' id='line_1_35' title="bbox 111 3855 1306 3944; baseline -0.008 -11"><span class='ocrx_word' id='word_1_296' title='bbox 111 3855 274 3941; x_wconf 76' lang='lat' dir='ltr'><strong>iudicatis,</strong></span> <span class='ocrx_word' id='word_1_297' title='bbox 292 3872 328 3927; x_wconf 88' lang='lat' dir='ltr'><strong>nt</strong></span> <span class='ocrx_word' id='word_1_298' title='bbox 345 3885 450 3928; x_wconf 90' lang='lat' dir='ltr'><strong>omues</strong></span> <span class='ocrx_word' id='word_1_299' title='bbox 464 3865 570 3929; x_wconf 86' lang='lat' dir='ltr'><strong>eadem</strong></span> <span class='ocrx_word' id='word_1_300' title='bbox 599 3864 777 3928; x_wconf 90' lang='lat' dir='ltr'><strong>incedentes</strong></span> <span class='ocrx_word' id='word_1_301' title='bbox 804 3863 909 3944; x_wconf 82' lang='lat' dir='ltr'><strong>regula</strong></span> <span class='ocrx_word' id='word_1_302' title='bbox 935 3861 1017 3925; x_wconf 92' lang='lat' dir='ltr'><strong>idem</strong></span> <span class='ocrx_word' id='word_1_303' title='bbox 1042 3861 1157 3926; x_wconf 90' lang='lat' dir='ltr'><strong>sentire</strong></span> <span class='ocrx_word' id='word_1_304' title='bbox 1173 3868 1206 3923; x_wconf 91' lang='lat' dir='ltr'><strong>et</strong></span> <span class='ocrx_word' id='word_1_305' title='bbox 1221 3861 1306 3942; x_wconf 90' lang='lat' dir='ltr'><strong>loqui</strong></span> 
     </span>
     <span class='ocr_line' id='line_1_36' title="bbox 116 3959 1305 4043; baseline 0.004 -25"><span class='ocrx_word' id='word_1_306' title='bbox 116 3971 290 4026; x_wconf 84' lang='lat' dir='ltr'><strong>assuescant</strong></span> <span class='ocrx_word' id='word_1_307' title='bbox 342 3963 450 4043; x_wconf 90' lang='lat' dir='ltr'><strong>Atque</strong></span> <span class='ocrx_word' id='word_1_308' title='bbox 480 3964 546 4026; x_wconf 87' lang='lat' dir='ltr'><strong>baec</strong></span> <span class='ocrx_word' id='word_1_309' title='bbox 572 3961 641 4043; x_wconf 91' lang='lat' dir='ltr'><strong>ipsa</strong></span> <span class='ocrx_word' id='word_1_310' title='bbox 665 3961 747 4025; x_wconf 88' lang='lat' dir='ltr'><strong>ratio</strong></span> <span class='ocrx_word' id='word_1_311' title='bbox 767 3961 834 4040; x_wconf 88' lang='lat' dir='ltr'><strong>jam</strong></span> <span class='ocrx_word' id='word_1_312' title='bbox 863 3979 1004 4024; x_wconf 84' lang='lat' dir='ltr'><strong>securum</strong></span> <span class='ocrx_word' id='word_1_313' title='bbox 1032 3979 1081 4022; x_wconf 90' lang='lat' dir='ltr'><strong>me</strong></span> <span class='ocrx_word' id='word_1_314' title='bbox 1108 3978 1175 4022; x_wconf 89' lang='lat' dir='ltr'><strong>esse</strong></span> <span class='ocrx_word' id='word_1_315' title='bbox 1203 3959 1305 4036; x_wconf 89' lang='lat' dir='ltr'><strong>jubet,</strong></span> 
     </span>
     <span class='ocr_line' id='line_1_37' title="bbox 117 4055 1308 4142; baseline 0.002 -24"><span class='ocrx_word' id='word_1_316' title='bbox 117 4056 344 4142; x_wconf 82' lang='lat' dir='ltr'><strong>qualemcunque</strong></span> <span class='ocrx_word' id='word_1_317' title='bbox 360 4061 443 4124; x_wconf 92' lang='lat' dir='ltr'><strong>hunc</strong></span> <span class='ocrx_word' id='word_1_318' title='bbox 459 4061 594 4124; x_wconf 86' lang='lat' dir='ltr'><strong>laborem</strong></span> <span class='ocrx_word' id='word_1_319' title='bbox 619 4079 720 4123; x_wconf 90' lang='lat' dir='ltr'><strong>meum</strong></span> <span class='ocrx_word' id='word_1_320' title='bbox 752 4079 772 4121; x_wconf 86' lang='lat' dir='ltr'><strong>a</strong></span> <span class='ocrx_word' id='word_1_321' title='bbox 797 4055 1061 4122; x_wconf 84' lang='lat' dir='ltr'><strong>M.M.A.A.V.V.</strong></span> <span class='ocrx_word' id='word_1_322' title='bbox 1087 4056 1233 4120; x_wconf 75' lang='lat' dir='ltr'><strong>benevole</strong></span> <span class='ocrx_word' id='word_1_323' title='bbox 1250 4077 1308 4122; x_wconf 85' lang='lat' dir='ltr'><strong>ex-</strong></span> 
     </span>
     <span class='ocr_line' id='line_1_38' title="bbox 117 4155 1307 4239; baseline 0.002 -23"><span class='ocrx_word' id='word_1_324' title='bbox 117 4161 224 4231; x_wconf 83' lang='lat' dir='ltr'><strong>coptum</strong></span> <span class='ocrx_word' id='word_1_325' title='bbox 242 4159 291 4221; x_wconf 89' lang='lat' dir='ltr'><strong>iri.</strong></span> <span class='ocrx_word' id='word_1_326' title='bbox 343 4157 382 4221; x_wconf 95' lang='lat' dir='ltr'><strong>In</strong></span> <span class='ocrx_word' id='word_1_327' title='bbox 400 4178 461 4238; x_wconf 94' lang='lat' dir='ltr'><strong>quo</strong></span> <span class='ocrx_word' id='word_1_328' title='bbox 478 4157 592 4239; x_wconf 91' lang='lat' dir='ltr'><strong>quippe</strong></span> <span class='ocrx_word' id='word_1_329' title='bbox 606 4156 639 4220; x_wconf 91' lang='lat' dir='ltr'><strong>id</strong></span> <span class='ocrx_word' id='word_1_330' title='bbox 655 4176 749 4220; x_wconf 91' lang='lat' dir='ltr'><strong>unum</strong></span> <span class='ocrx_word' id='word_1_331' title='bbox 774 4155 850 4218; x_wconf 90' lang='lat' dir='ltr'><strong>mibi</strong></span> <span class='ocrx_word' id='word_1_332' title='bbox 876 4175 941 4236; x_wconf 78' lang='lat' dir='ltr'><strong>pre</strong></span> <span class='ocrx_word' id='word_1_333' title='bbox 959 4155 1080 4219; x_wconf 75' lang='lat' dir='ltr'><strong>ceteris</strong></span> <span class='ocrx_word' id='word_1_334' title='bbox 1097 4155 1252 4235; x_wconf 90' lang='lat' dir='ltr'><strong>proposui,</strong></span> <span class='ocrx_word' id='word_1_335' title='bbox 1270 4163 1307 4218; x_wconf 90' lang='lat' dir='ltr'><strong>ut</strong></span> 
     </span>
     <span class='ocr_line' id='line_1_39' title="bbox 117 4245 1307 4336; baseline -0.001 -21"><span class='ocrx_word' id='word_1_336' title='bbox 117 4245 284 4318; x_wconf 80' lang='lat' dir='ltr'><strong>Doctrinam</strong></span> <span class='ocrx_word' id='word_1_337' title='bbox 311 4256 536 4331; x_wconf 75' lang='lat' dir='ltr'><strong>orthodoxam,</strong></span> <span class='ocrx_word' id='word_1_338' title='bbox 554 4276 645 4336; x_wconf 90' lang='lat' dir='ltr'><strong>quam</strong></span> <span class='ocrx_word' id='word_1_339' title='bbox 673 4275 713 4318; x_wconf 80' lang='lat' dir='ltr'><strong>ex</strong></span> <span class='ocrx_word' id='word_1_340' title='bbox 739 4253 842 4317; x_wconf 71' lang='lat' dir='ltr'><strong>Sacrae</strong></span> <span class='ocrx_word' id='word_1_341' title='bbox 871 4251 1040 4333; x_wconf 79' lang='lat' dir='ltr'><strong>Scripturas</strong></span> <span class='ocrx_word' id='word_1_342' title='bbox 1056 4251 1202 4324; x_wconf 84' lang='lat' dir='ltr'><strong>fontibus,</strong></span> <span class='ocrx_word' id='word_1_343' title='bbox 1217 4259 1250 4315; x_wconf 88' lang='lat' dir='ltr'><strong>et</strong></span> <span class='ocrx_word' id='word_1_344' title='bbox 1267 4273 1307 4314; x_wconf 86' lang='lat' dir='ltr'><strong>ex</strong></span> 
     </span>
     <span class='ocr_line' id='line_1_40' title="bbox 118 4341 1305 4435; baseline -0.003 -23"><span class='ocrx_word' id='word_1_345' title='bbox 118 4341 360 4418; x_wconf 82' lang='lat' dir='ltr'><strong>Doctissimorum</strong></span> <span class='ocrx_word' id='word_1_346' title='bbox 379 4353 604 4435; x_wconf 81' lang='lat' dir='ltr'><strong>Theologorum</strong></span> <span class='ocrx_word' id='word_1_347' title='bbox 622 4351 808 4417; x_wconf 87' lang='lat' dir='ltr'><strong>Vestrorum</strong></span> <span class='ocrx_word' id='word_1_348' title='bbox 818 4357 851 4414; x_wconf 89' lang='lat' dir='ltr'><strong>et</strong></span> <span class='ocrx_word' id='word_1_349' title='bbox 865 4351 1052 4415; x_wconf 83' lang='lat' dir='ltr'><strong>Nostrorum</strong></span> <span class='ocrx_word' id='word_1_350' title='bbox 1064 4348 1197 4414; x_wconf 88' lang='lat' dir='ltr'><strong>lectione</strong></span> <span class='ocrx_word' id='word_1_351' title='bbox 1207 4347 1305 4423; x_wconf 87' lang='lat' dir='ltr'><strong>hausi,</strong></span> 
     </span>
    </p>
   </div>
   <div class='ocr_carea' id='block_1_3' title="bbox 118 4441 1307 4712">
    <p class='ocr_par' dir='ltr' id='par_1_4' title="bbox 118 4441 1307 4712">
     <span class='ocr_line' id='line_1_41' title="bbox 119 4441 1303 4531; baseline -0.005 -22"><span class='ocrx_word' id='word_1_352' title='bbox 119 4441 235 4514; x_wconf 81' lang='lat' dir='ltr'><strong>fideliter</strong></span> <span class='ocrx_word' id='word_1_353' title='bbox 264 4450 429 4527; x_wconf 90' lang='lat' dir='ltr'><strong>traderem,</strong></span> <span class='ocrx_word' id='word_1_354' title='bbox 456 4471 513 4515; x_wconf 92' lang='lat' dir='ltr'><strong>uec</strong></span> <span class='ocrx_word' id='word_1_355' title='bbox 542 4453 582 4514; x_wconf 89' lang='lat' dir='ltr'><strong>ab</strong></span> <span class='ocrx_word' id='word_1_356' title='bbox 610 4471 647 4515; x_wconf 89' lang='lat' dir='ltr'><strong>ea</strong></span> <span class='ocrx_word' id='word_1_357' title='bbox 674 4456 823 4531; x_wconf 88' lang='lat' dir='ltr'><strong>quantum</strong></span> <span class='ocrx_word' id='word_1_358' title='bbox 848 4449 916 4513; x_wconf 84' lang='lat' dir='ltr'><strong>lieri</strong></span> <span class='ocrx_word' id='word_1_359' title='bbox 932 4455 1048 4530; x_wconf 86' lang='lat' dir='ltr'><strong>posset,</strong></span> <span class='ocrx_word' id='word_1_360' title='bbox 1067 4446 1120 4512; x_wconf 78' lang='lat' dir='ltr'><strong>vel</strong></span> <span class='ocrx_word' id='word_1_361' title='bbox 1136 4446 1232 4508; x_wconf 88' lang='lat' dir='ltr'><strong>latum</strong></span> <span class='ocrx_word' id='word_1_362' title='bbox 1249 4463 1303 4504; x_wconf 92' lang='lat' dir='ltr'><strong>un-</strong></span> 
     </span>
     <span class='ocr_line' id='line_1_42' title="bbox 118 4537 1306 4629; baseline -0.004 -22"><span class='ocrx_word' id='word_1_363' title='bbox 118 4557 194 4618; x_wconf 71' lang='lat' dir='ltr'><strong>guem</strong></span> <span class='ocrx_word' id='word_1_364' title='bbox 219 4549 414 4622; x_wconf 69' lang='lat' dir='ltr'><strong>recederem</strong></span> <span class='ocrx_word' id='word_1_365' title='bbox 441 4547 488 4612; x_wconf 90' lang='lat' dir='ltr'><strong>Ut</strong></span> <span class='ocrx_word' id='word_1_366' title='bbox 516 4550 564 4614; x_wconf 80' lang='lat' dir='ltr'><strong>rel</strong></span> <span class='ocrx_word' id='word_1_367' title='bbox 590 4548 663 4613; x_wconf 89' lang='lat' dir='ltr'><strong>binc</strong></span> <span class='ocrx_word' id='word_1_368' title='bbox 687 4555 810 4613; x_wconf 86' lang='lat' dir='ltr'><strong>constet</strong></span> <span class='ocrx_word' id='word_1_369' title='bbox 839 4547 921 4629; x_wconf 90' lang='lat' dir='ltr'><strong>apud</strong></span> <span class='ocrx_word' id='word_1_370' title='bbox 950 4565 1054 4609; x_wconf 89' lang='lat' dir='ltr'><strong>omnes</strong></span> <span class='ocrx_word' id='word_1_371' title='bbox 1080 4543 1117 4604; x_wconf 89' lang='lat' dir='ltr'><strong>de</strong></span> <span class='ocrx_word' id='word_1_372' title='bbox 1133 4559 1204 4602; x_wconf 83' lang='lat' dir='ltr'><strong>vero</strong></span> <span class='ocrx_word' id='word_1_373' title='bbox 1221 4537 1306 4602; x_wconf 91' lang='lat' dir='ltr'><strong>Doc-</strong></span> 
     </span>
     <span class='ocr_line' id='line_1_43' title="bbox 119 4631 1307 4712; baseline -0.005 -6"><span class='ocrx_word' id='word_1_374' title='bbox 119 4639 194 4706; x_wconf 74' lang='lat' dir='ltr'><strong>ln&#39;ue</strong></span> <span class='ocrx_word' id='word_1_375' title='bbox 210 4643 413 4712; x_wconf 56' lang='lat' dir='ltr'><strong>nostrae&#39;cum</strong></span> <span class='ocrx_word' id='word_1_376' title='bbox 440 4645 556 4711; x_wconf 88' lang='lat' dir='ltr'><strong>Vestra</strong></span> <span class='ocrx_word' id='word_1_377' title='bbox 572 4667 730 4712; x_wconf 88' lang='lat' dir='ltr'><strong>consensu.</strong></span> <span class='ocrx_word' id='word_1_378' title='bbox 781 4645 842 4709; x_wconf 88' lang='lat' dir='ltr'><strong>Sed</strong></span> <span class='ocrx_word' id='word_1_379' title='bbox 869 4665 930 4708; x_wconf 92' lang='lat' dir='ltr'><strong>non</strong></span> <span class='ocrx_word' id='word_1_380' title='bbox 959 4643 1077 4705; x_wconf 84' lang='lat' dir='ltr'><strong>desunt</strong></span> <span class='ocrx_word' id='word_1_381' title='bbox 1088 4636 1155 4701; x_wconf 86' lang='lat' dir='ltr'><strong>alias</strong></span> <span class='ocrx_word' id='word_1_382' title='bbox 1169 4631 1307 4700; x_wconf 82' lang='lat' dir='ltr'><strong>rationes</strong></span> 
     </span>
    </p>
   </div>
   <div class='ocr_carea' id='block_1_4' title="bbox 1133 4820 1149 4882">
    <p class='ocr_par' dir='ltr' id='par_1_5' title="bbox 1133 4820 1149 4882">
     <span class='ocr_line' id='line_1_44' title="bbox 1133 4820 1149 4882; baseline 0 0"><span class='ocrx_word' id='word_1_383' title='bbox 1133 4820 1149 4882; x_wconf 80' lang='lat' dir='ltr'><strong>b</strong></span> 
     </span>
    </p>
   </div>
   <div class='ocr_carea' id='block_1_5' title="bbox 0 0 1564 5198">
    <p class='ocr_par' dir='ltr' id='par_1_6' title="bbox 0 0 1564 5198">
     <span class='ocr_line' id='line_1_45' title="bbox 0 0 1564 5198; baseline 0 0"><span class='ocrx_word' id='word_1_384' title='bbox 0 0 1564 5198; x_wconf 95' lang='lat' dir='ltr'><strong> </strong></span> 
     </span>
    </p>
   </div>
  </div>
 </body>
</html>
