3146 5210
232 368 293 426 tto
632 379 723 420 rocus
738 374 869 420 osorum
876 377 1031 427 orsurus.
1233 355 1363 438 [numer.
1384 377 1444 418 xrs.

234 544 328 584 urcem
342 522 440 581 salutm
451 521 480 579 in
495 521 652 596 Evangelio
662 523 847 595 patescentis.
891 520 923 578 Si
946 519 1034 597 hujus
1045 516 1121 592 fidei,
1146 517 1196 593 qui
1220 523 1267 575 est
1279 525 1365 576 actus
1378 517 1443 576 fidei

233 603 370 677 formulis,
386 601 457 658 mihi
471 595 604 658 conscius
618 619 692 673 sum,
718 619 836 675 possum
850 607 880 658 et
902 599 994 657 debeo
1015 597 1119 656 elicere
1138 606 1232 654 nehem
1313 597 1444 674 ideque

234 685 338 761 egitur,
350 701 410 758 quo
422 679 507 739 credo
523 680 668 738 Christum
683 699 734 756 pro
749 697 796 735 me
809 679 966 756 poenitente
981 687 1010 736 et
1023 677 1061 736 sd
1075 677 1169 753 ipsum
1180 696 1234 734 con
1267 677 1369 753 giente
1383 697 1443 736 esse

233 771 387 836 mortuum,
409 761 459 837 qni
480 769 561 818 nctus
581 767 702 817 vocetur
721 777 895 834 coruequens,
917 758 986 834 quia
1006 757 1135 833 sequitur
1162 755 1313 830 directum,
1343 758 1444 833 quoin

236 843 381 902 Christruu
396 840 490 914 credo,
507 849 535 896 et
549 838 586 895 sd
607 857 673 896 eum
687 846 720 896 ut
739 838 857 896 unicum
877 846 906 895 et
926 836 1166 914 perfectissimum
1193 835 1380 895 Servatorcm
1400 856 1444 894 me
1544 849 1545 852 ’

235 921 359 1015 recipi03
382 929 411 980 et
425 919 635 1012 corpolatom‘us,
661 917 729 994 quis
756 917 954 1010 consolatione
977 925 1007 974 et
1028 915 1135 992 gsudio
1157 914 1299 974 ineffabili
1315 916 1441 1008 primm

235 998 802 1152 ξξξππξππξξξξξξ
818 995 1230 1152 curreretur
1244 996 1444 1152 ππ

236 1161 333 1220 teutiae
349 1158 464 1232 studio;
486 1163 566 1234 putet
579 1175 637 1212 non
651 1174 751 1225 omnes
770 1155 862 1213 teneri
883 1154 999 1214 credere
1015 1155 1161 1213 Christum
1175 1173 1227 1230 pro
1241 1174 1273 1212 se
1287 1164 1442 1228 mortuum,
1545 1185 1546 1192 ξ

236 1239 289 1298 sed
302 1247 415 1297 tantum
430 1235 644 1312 Resipiscentes
658 1245 687 1293 et
702 1235 866 1307 Credentes,
882 1235 921 1294 id.
934 1253 1033 1292 omncs
1048 1251 1086 1291 ex
1096 1232 1243 1310 agnitione
1258 1244 1442 1310 pecestnnrm

235 1328 265 1378 et
280 1335 365 1376 sensu
378 1317 428 1374 irae
444 1315 499 1373 Dei
514 1314 652 1372 contritos
675 1323 705 1372 et
719 1314 918 1390 confugientes
940 1313 978 1370 ed
1002 1313 1157 1385 Christum,
1182 1321 1212 1372 et
1225 1313 1304 1389 apud
1318 1334 1385 1373 eum
1399 1335 1441 1373 re-

235 1397 401 1455 missionem
415 1402 596 1471 peccatorum
608 1403 777 1469 quaerentes,
793 1395 913 1470 ejusque
926 1393 1029 1451 merito
1043 1392 1127 1451 unice
1145 1392 1280 1450 nitentes.

276 1476 429 1534 XLVIII.
473 1475 593 1532 Frustra
603 1473 668 1549 quis
677 1481 807 1548 regeretz
825 1476 850 1530 1.
868 1475 886 1506 “
898 1472 1069 1531 Mandatum
1078 1471 1146 1530 fidei
1161 1471 1191 1528 in
1202 1471 1348 1532 Christum
1364 1492 1441 1531 com·

235 1556 323 1633 plecti
338 1574 437 1614 omnes
451 1555 513 1631 ejus
528 1552 635 1628 gradus
650 1561 678 1610 et
693 1561 794 1627 actus3
809 1551 940 1628 ideoque,
956 1570 1056 1610 omues
1076 1551 1143 1608 illos
1153 1559 1243 1626 ectus,
1259 1561 1289 1610 et
1302 1551 1444 1611 intereos

236 1637 378 1712 ultImnm,
394 1654 451 1711 quc
465 1633 531 1710 quis
545 1631 636 1691 credit
650 1631 795 1690 Christum
806 1651 858 1709 pro
873 1651 903 1689 se
915 1651 978 1690 esse
988 1639 1144 1704 mortuum,
1151 1631 1232 1708 exigi
1245 1631 1283 1690 eh
1297 1631 1440 1706 omnibns,

236 1717 344 1793 quibus
355 1714 522 1772 mandatum
537 1710 673 1770 credendi
687 1712 884 1788 proponitur.''
900 1711 975 1786 Quis
988 1730 1023 1768 ee
1031 1720 1076 1768 est
1086 1719 1196 1784 nature,
1208 1719 1240 1768 et
1248 1710 1443 1788 dependentis

236 1797 356 1854 istorum
363 1803 479 1852 actuum
493 1791 674 1864 abinvicem,
690 1800 722 1849 ut
730 1791 832 1849 ultimo
846 1809 903 1848 nou
916 1791 954 1850 sit
967 1791 1049 1848 locus
1063 1789 1124 1848 sine
1131 1789 1283 1866 prioribus,
1296 1790 1443 1850 nectertio
1545 1813 1546 1822 ¹

236 1876 298 1934 sine
313 1874 448 1947 secundo,
460 1891 514 1930 nec
530 1870 657 1928 secundo
682 1870 744 1928 sine
758 1869 859 1947 primo.
876 1871 954 1928 Dum
963 1889 1033 1946 ergo
1047 1869 1214 1928 mandatum
1225 1869 1361 1928 credendi
1375 1889 1441 1948 pro·

235 1955 360 2032 ponitur,
375 1952 485 2030 primus
499 1960 581 2009 setus
595 1950 631 2008 eb
642 1950 758 2008 homine
769 1957 919 2024 peccatore
933 1949 1069 2025 exigitur,
1080 1967 1138 2008 non
1152 1948 1229 2006 utin
1243 1969 1277 2007 eo
1292 1949 1441 2025 subsistet,

236 2034 288 2093 sed
297 2043 329 2093 ut
339 2053 374 2091 eo
384 2032 500 2091 demum
513 2030 642 2106 praestito
651 2029 851 2106 progredietur
861 2028 898 2086 ed
912 2027 1079 2102 secundum,
1095 2046 1152 2085 non
1163 2028 1292 2104 praestito
1302 2049 1381 2104 vcro,
1391 2049 1443 2088 ne-

236 2131 390 2190 quequam.
405 2111 467 2169 Nee
481 2109 558 2168 enim
568 2108 616 2166 ille
631 2118 726 2185 potest
739 2108 788 2166 vel
801 2107 888 2166 dehet
901 2107 1017 2166 credere
1027 2107 1172 2166 Christum
1186 2127 1249 2166 esse
1264 2108 1441 2186 Redempto-

236 2213 296 2250 rem
306 2211 400 2264 snum,
414 2191 465 2266 qui
479 2209 537 2246 non
550 2189 615 2246 vult
625 2208 782 2264 agnoscere
794 2187 939 2246 Christum
954 2206 1017 2246 esse
1032 2187 1140 2245 Filium
1155 2187 1220 2261 Dei,
1235 2194 1265 2246 et
1278 2187 1441 2265 redempto·

235 2291 296 2328 rom
310 2269 467 2341 hominum,
479 2287 533 2326 nec
547 2266 633 2325 debet
647 2267 762 2326 credere
787 2287 853 2328 esse
865 2286 948 2326 snum
971 2267 1194 2343 Redemptorem
1218 2266 1248 2324 in
1275 2267 1442 2344 hypothesi,

235 2350 286 2425 qui
300 2369 359 2406 non
372 2347 526 2406 crediderit
540 2365 603 2403 esse
625 2346 846 2423 Redemptorcm
872 2347 1000 2405 omniurn
1021 2346 1052 2403 in
1066 2365 1097 2404 se
1111 2345 1288 2404 credentium
1302 2346 1333 2404 iu
1347 2347 1443 2406 thesi:

236 2427 288 2486 sed
302 2427 351 2504 qui
366 2424 560 2502 praecedentes
574 2433 664 2498 actus,
688 2426 738 2500 qui
759 2434 826 2483 sunt
850 2425 1067 2485 fundumentum
1089 2426 1177 2503 hujus
1195 2425 1342 2502 postremi,
1364 2427 1396 2484 in
1410 2445 1444 2486 se

236 2505 434 2583 deprehendit,
449 2503 498 2562 iile
513 2503 629 2560 demum
643 2511 737 2578 potest
751 2513 780 2563 et
791 2504 878 2564 debet
888 2506 965 2565 hunc
979 2506 1064 2564 etism
1080 2524 1205 2564 exerere.

277 2584 398 2644 XLIX.
421 2587 449 2642 2.
474 2582 650 2658 “Quotquot
670 2581 810 2658 jubentur
834 2584 950 2644 credere
972 2585 1002 2642 in
1025 2583 1182 2658 Christum,
1204 2584 1303 2661 juberi
1332 2584 1441 2644 hebere

236 2667 321 2726 fidem
333 2664 549 2742 justificantem,
569 2661 711 2738 siquidem
735 2662 816 2720 nulls
839 2663 896 2721 slis
909 2672 1005 2742 potest
1027 2683 1090 2722 esse
1105 2663 1257 2739 salutarim
1280 2663 1332 2722 sed
1352 2663 1442 2724 fidem

231 2746 439 2825 justificantem
453 2742 614 2802 necessario
629 2742 782 2818 importare
795 2743 1017 2820 applicationem
1026 2743 1235 2819 particularem,
1244 2751 1278 2802 ut
1288 2742 1443 2804 credemus

236 2828 383 2886 Christum
391 2845 450 2883 nou
456 2824 485 2881 in
491 2821 636 2882 communi
641 2831 753 2880 tantum
759 2831 903 2882 mortuum
912 2843 975 2882 esse
986 2843 1038 2900 pro
1046 2822 1220 2898 hominibus,
1230 2822 1282 2882 sed
1291 2843 1345 2900 pro
1355 2823 1443 2882 nohis
1550 2825 1551 2830 ’

235 2908 266 2964 in
291 2904 465 2984 particulari,
481 2903 549 2981 quia
563 2902 635 2960 ulias
649 2921 707 2959 non
721 2901 848 2960 differret
862 2923 878 2959 a
891 2901 949 2960 lide
963 2901 1100 2962 historice
1113 2902 1308 2979 reproborum,
1332 2903 1398 2961 Imo
1412 2911 1444 2962 et

235 2987 362 3064 ipsorum
381 2986 561 3057 Daemonum,
577 2981 976 3058 quihoepossuntoredere.”
998 2982 1088 3058 Resp.
1111 2981 1213 3040 Fidem
1220 2981 1440 3058 justificantem,

235 3083 300 3142 quse
314 3065 471 3142 imperetur
479 3064 511 3121 in
523 3062 693 3138 Evangelio,
704 3061 855 3138 complecti
866 3061 983 3137 quidem
994 3061 1090 3120 varios
1101 3060 1166 3119 illos
1180 3069 1270 3136 actus,
1282 3061 1319 3120 de
1333 3062 1444 3138 quibus

235 3144 372 3220 diximus,
395 3143 447 3202 sed
468 3161 701 3219 unumquemque
723 3141 754 3198 in
777 3159 830 3200 suo
851 3140 960 3216 ordine,
984 3139 1215 3218 primoquidem
1241 3140 1382 3200 directum
1413 3151 1443 3202 et

235 3224 393 3296 formalem,
417 3222 467 3299 qui
488 3220 707 3298 justificatorius
730 3220 843 3294 dicitur,
869 3220 919 3296 qui
941 3219 1072 3279 consistit
1086 3220 1116 3278 in
1138 3219 1250 3298 jndicio
1274 3220 1442 3280 intellectus

235 3302 354 3378 practici
375 3301 411 3358 de
426 3301 541 3358 Christo
566 3299 628 3358 solo
650 3307 679 3358 et
699 3297 908 3375 perfectissimo
935 3299 1112 3359 credentium
1133 3307 1163 3359 et
1183 3299 1383 3375 poenitentium
1402 3301 1442 3360 cd

234 3382 330 3457 ipsum
340 3379 413 3436 serio
422 3377 650 3454 confugientium
661 3377 862 3454 Redemptore,
875 3387 904 3437 et
914 3377 944 3436 in
954 3378 1067 3455 refugio
1077 3378 1236 3438 voluntatis
1244 3379 1282 3436 ed
1291 3379 1441 3438 Christum
1550 3449 1551 3454 ἵ

236 3457 437 3532 confugientis,
453 3465 482 3515 et
495 3458 526 3513 in
540 3456 604 3532 ipso
618 3455 701 3514 unice
715 3457 927 3532 recumbentis3
943 3458 1069 3517 secundo
1084 3477 1153 3516 vero
1167 3456 1307 3518 reflexum
1321 3467 1352 3518 et
1369 3479 1441 3518 con·

235 3535 411 3609 solutorium,
436 3534 487 3611 qui
510 3535 605 3610 posito
619 3534 711 3610 primo
732 3543 833 3611 sponte
854 3536 993 3612 seqnitur.
1035 3537 1110 3596 Nem
1130 3556 1242 3613 exque
1268 3537 1354 3596 video
1381 3558 1441 3612 me,

234 3633 403 3694 persuasum
417 3612 453 3670 de
471 3613 659 3689 promissione
675 3614 860 3690 Evangelics,
877 3615 1032 3693 confugere
1046 3616 1120 3676 serio
1134 3616 1172 3674 ud
1186 3615 1341 3691 Christum,
1357 3625 1387 3676 et
1401 3619 1440 3677 eb

235 3713 342 3754 couno
358 3691 503 3769 justitiam
525 3700 554 3750 et
574 3691 664 3750 vitam
678 3702 841 3770 expectare,
865 3703 894 3753 et
916 3695 967 3752 illo
986 3695 1049 3771 niti,
1071 3714 1188 3771 possum
1210 3704 1239 3754 et
1252 3695 1345 3755 debeo
1359 3705 1440 3756 certo

234 3773 372 3850 colligere
386 3770 532 3830 Christum
545 3791 597 3849 pro
621 3791 667 3830 me
681 3781 824 3830 mortuum
839 3793 911 3847 esse,
927 3793 992 3832 cum
1011 3794 1049 3833 ex
1064 3774 1226 3850 Evangelio
1240 3775 1311 3833 mihi
1325 3785 1440 3836 constet

234 3873 286 3932 pro
308 3851 441 3912 omnihus
465 3851 648 3910 credentibus
672 3861 701 3910 et
722 3852 928 3928 poenitentibus
942 3871 1008 3912 enm
1023 3873 1086 3912 csse
1099 3863 1253 3914 mortuum.
1290 3854 1377 3914 Unde
1400 3855 1441 3914 ad

234 3934 449 4010 Argumentum
463 3929 555 3989 facilis
568 3939 613 3989 est
636 3931 793 4008 responsio,
809 3931 945 4008 Quisquis
959 3941 1073 3992 tenetur
1095 3933 1202 3992 hebere
1225 3932 1313 3993 fidem
1329 3935 1439 4010 justifi-

235 4022 357 4088 cantem,
372 4019 486 4072 tenetnr
496 4009 611 4069 credere
624 4011 769 4069 Christum
783 4030 834 4086 pro
849 4029 880 4069 se
895 4019 1056 4072 mortuum:
1077 4013 1231 4090 Actufidei
1242 4014 1441 4074 immediatos

235 4095 348 4166 dtrecto,
361 4111 456 4168 nego;
470 4090 529 4149 Sed
536 4099 601 4148 actu
605 4091 681 4168 fidei
689 4092 793 4166 refleso
803 4092 1012 4162 deemudm'o,
1023 4091 1158 4166 concedo,
1171 4092 1219 4150 vel
1229 4092 1349 4152 ineeruu
1363 4113 1438 4153 com·

229 4172 332 4248 posito,
348 4179 377 4229 ct
400 4170 609 4248 prnsupposito
632 4170 725 4246 primo
746 4167 815 4228 fidei
837 4178 911 4246 ectu,
934 4171 986 4228 sed
1008 4191 1065 4230 non
1089 4171 1119 4230 ia
1138 4191 1220 4230 sessu
1233 4173 1330 4245 dromo,
1345 4180 1376 4232 et
1403 4193 1442 4232 eo

235 4251 357 4310 secluso.
399 4249 461 4307 Nec
482 4256 634 4326 propterca
646 4249 719 4308 tides
740 4247 868 4307 fidelium
883 4249 1036 4310 conveniet
1050 4269 1116 4310 cum
1129 4249 1187 4309 fide
1200 4249 1389 4328 reproborum
1409 4261 1442 4312 ct

234 4329 405 4388 daemonnm.
430 4328 513 4386 Licet
529 4327 605 4386 enim
626 4326 741 4404 reprobi
760 4327 872 4403 possint
896 4329 1052 4388 theoretice
1074 4329 1191 4389 credere
1206 4330 1353 4390 Christum
1374 4351 1441 4392 esse

235 4409 342 4466 Filium
358 4407 422 4480 Dei,
438 4415 467 4465 et
482 4405 704 4484 Redemptcrem
718 4406 875 4480 hominnm,
894 4425 1041 4484 nunquam
1055 4417 1152 4468 temen
1165 4409 1291 4486 practice
1313 4409 1355 4469 ite
1369 4431 1441 4470 vers

233 4487 269 4547 de
284 4506 319 4545 eo
332 4485 541 4563 persuadentur
553 4505 605 4561 per
624 4503 774 4544 assensum
792 4483 955 4543 fiducialem
968 4485 1069 4546 Verbo
1083 4488 1148 4562 Dei,
1163 4497 1195 4548 ut
1208 4488 1247 4546 sd
1260 4489 1355 4566 ipsum
1369 4509 1440 4550 con-

233 4565 354 4642 fugient,
371 4573 400 4624 et
413 4565 443 4622 in
457 4583 523 4623 eum
533 4564 617 4624 unice
631 4563 807 4624 recumbent
830 4563 902 4622 Nam
918 4565 1026 4625 sivere
1039 4567 1169 4644 persuasi
1183 4577 1280 4628 essent
1290 4568 1441 4630 Christum

231 4663 296 4704 eese
310 4645 426 4703 unicum
448 4652 477 4701 ct
492 4643 648 4718 perlectum
674 4643 855 4701 Servetorem
880 4642 1064 4706 credentium
1076 4655 1106 4706 et
1119 4647 1330 4724 pectendum,
1354 4657 1443 4709 uun
