3192 5206
279 315 337 374 336
690 329 782 372 cocus
796 329 927 371 necinus
941 329 1083 380 orsurus.
1298 310 1428 394 [ouem.
1469 333 1508 374 n.

278 473 384 532 Matth.
395 471 435 529 xi.
448 475 496 530 27.
528 470 601 546 Quis
610 489 741 530 enarrare
752 471 931 530 voluntatem
940 472 1012 550 ejus,
1022 480 1052 531 et
1063 471 1233 550 sapientiam
1242 472 1501 552 divinaminmy-
1585 537 1586 542 ,

275 553 363 612 sterio
374 550 571 610 absconditam
582 551 750 629 patefacere,
760 551 817 609 nisi
827 552 878 629 qui
886 560 930 611 est
944 552 1050 634 insinu
1062 553 1165 627 Petris,
1178 553 1248 611 Joh.
1260 553 1279 610 i.
1296 556 1342 627 18,
1360 563 1389 613 et
1403 555 1500 627 Δὸγος
1585 615 1586 642 1

274 653 309 691 ac
320 631 582 710 Sapientiaaeterna
593 631 668 690 Dei?
689 630 831 690 Homines
840 631 956 708 quidem
965 632 1094 690 divinam
1103 632 1282 691 voluntatem
1291 634 1497 711 interpretaur·
1585 651 1586 694 t

275 720 330 787 tur,
346 721 375 771 ct
397 711 435 770 ad
457 731 510 770 nos
528 711 663 786 referunt,
680 710 733 770 sed
746 711 971 771 ministerialiter
984 720 1115 788 tantum;
1147 712 1199 770 sed
1213 731 1378 789 supremum
1394 725 1427 774 et
1442 722 1496 773 atr·
1585 723 1586 790 ξ

274 791 399 852 omitum
414 792 603 868 Interpretem
618 810 704 868 agere
724 811 819 850 rerum
843 792 1012 868 coelestium,
1038 791 1125 868 idque
1150 811 1208 850 non
1228 801 1349 852 externa
1369 803 1496 854 tantum
1585 807 1586 880 ξ

272 874 405 932 suasione
420 879 449 931 et
462 871 674 948 praedicatione,
691 871 742 929 sed
756 872 868 929 interna
881 872 1091 930 illuminatione
1102 879 1132 930 et
1145 872 1339 948 persuasione,
1357 874 1415 933 Dei
1431 885 1491 950 est,
1585 881 1586 908 l

272 971 331 1010 non
344 951 478 1009 hominis.
522 951 705 1028 Rursusque
726 950 871 1028 Propheta
892 951 1001 1028 Legem
1015 951 1102 1010 debet
1122 951 1257 1010 cordibus
1272 951 1441 1029 inscribere,
1461 966 1494 1014 et

273 1031 314 1089 ita
328 1031 431 1091 docere
446 1029 606 1105 efficaciter,
622 1036 655 1088 ut
668 1029 718 1088 det
732 1049 781 1088 cor
794 1049 911 1102 novum,
927 1039 956 1089 et
977 1031 1086 1108 aperiat
1100 1039 1211 1089 mentes
1225 1031 1263 1088 ad
1277 1031 1494 1111 intelligendas
1585 1049 1586 1106 t

274 1111 446 1187 Scripturas,
471 1117 503 1167 ut
523 1109 624 1168 fideles
645 1109 705 1168 sint
724 1129 792 1168 vere
825 1107 992 1187 auitam,
1021 1111 1091 1170 Joh.
1113 1111 1153 1168 vi.
1175 1113 1222 1185 45,
1245 1112 1300 1170 hoc
1321 1133 1391 1172 vero
1426 1133 1494 1172 non
1585 1137 1586 1170 i

271 1191 365 1266 potuit
379 1209 436 1266 qua
449 1189 544 1264 horno,
561 1190 612 1248 sed
633 1208 690 1267 qua
712 1189 800 1248 Deus.
843 1189 894 1248 Ad
914 1209 1001 1267 quem
1025 1191 1119 1250 solum
1142 1191 1234 1248 multo
1248 1193 1342 1270 magis
1355 1193 1493 1270 pertinet

271 1269 396 1328 scribere
410 1270 441 1326 iu
455 1268 549 1344 eorde,
565 1289 652 1346 quam
666 1268 815 1346 inlepide.

433 1413 438 1424 ¹
534 1349 607 1408 VII.
630 1349 694 1424 Qua
707 1349 847 1408 Mardos
864 1348 964 1408 debuit
988 1347 1153 1408 satisfacere
1177 1369 1229 1427 pro
1251 1349 1335 1409 nobis
1355 1351 1492 1428 perfecte
1585 1361 1586 1366 ’

314 1414 468 1467 sm‘dwffi
509 1429 632 1508 justitia
643 1427 758 1502 divinae,
767 1437 795 1486 et
804 1448 856 1507 pro
868 1427 1074 1488 Peccatoribus
1082 1429 1268 1504 intercedere,
1276 1429 1378 1489 debuit
1390 1441 1491 1491 morte
1585 1461 1586 1510 j

269 1531 322 1572 sua
335 1521 465 1587 mortem,
481 1520 511 1570 et
532 1529 597 1568 curn
619 1509 669 1584 qui
690 1508 815 1566 habebat
829 1508 980 1584 imperium
1002 1507 1103 1567 mortis
1118 1509 1242 1584 abolere,
1259 1510 1299 1568 Et
1315 1529 1369 1569 nos
1383 1531 1401 1570 a
1416 1512 1488 1571 Deo
1585 1553 1586 1558 κ

269 1593 410 1652 alienatos
424 1589 609 1650 reconciliare
624 1596 653 1646 et
663 1588 718 1664 ipsi
729 1587 760 1644 in
771 1596 909 1647 aeternum
922 1588 1014 1646 unire.
1058 1587 1129 1663 Quis
1139 1608 1209 1647 vero
1219 1589 1276 1648 nisi
1292 1589 1373 1648 Deus
1387 1593 1490 1668 potuit

268 1680 451 1751 peecatorum
465 1670 577 1729 infinito
592 1667 731 1727 demerito
745 1667 889 1726 infinitum
903 1667 1037 1726 meritum
1052 1686 1204 1744 opponere,
1220 1675 1249 1728 et
1269 1671 1414 1750 atnfaorgo
1439 1673 1487 1728 in-

268 1753 343 1812 finiti
356 1753 463 1812 valoris
481 1749 604 1828 justitiae
619 1748 675 1806 Dei
689 1747 865 1806 exsolvere?
907 1747 978 1822 Quis
992 1746 1048 1805 nisi
1064 1747 1144 1806 Deus
1157 1749 1251 1824 potuit
1262 1749 1375 1825 pondus
1386 1751 1440 1808 irae
1451 1749 1488 1810 ι’-

269 1829 412 1891 Cineam
440 1831 522 1905 ferre,
538 1837 568 1888 et
589 1848 624 1887 eo
649 1847 707 1886 non
731 1827 902 1888 absorberi?
944 1827 1015 1901 Quis
1029 1827 1086 1884 nisi
1100 1827 1180 1886 Deus
1191 1828 1293 1887 habuit
1306 1837 1484 1905 potestatem

268 1914 394 1989 ponendi
415 1912 539 1971 animam
562 1927 613 1985 per
633 1915 756 1966 mortem
776 1905 977 1980 voluntariam,
993 1913 1023 1965 et
1042 1926 1141 1966 rursus
1162 1926 1225 1966 eam
1248 1909 1414 1967 assumendi
1429 1930 1484 1987 per

268 1993 514 2064 resurrectionem,
535 1988 605 2048 Joh.
621 2007 650 2045 x.
679 1989 740 2045 18?
781 1986 853 2061 Quis
873 1986 930 2044 nisi
951 1987 1032 2044 Deus
1055 1987 1149 2063 potuit
1170 2007 1221 2063 per
1243 1987 1381 2066 Spiritum
1397 1997 1483 2048 aeter-

268 2091 338 2130 num
359 2093 390 2131 se
405 2071 515 2144 offerre,
530 2075 626 2144 partes
640 2067 802 2125 &abac
816 2075 842 2123 et
860 2066 984 2124 Victima
998 2065 1084 2124 simul
1098 2065 1252 2142 implendo,
1266 2067 1343 2126 Heb.
1358 2068 1400 2126 ix.
1418 2071 1457 2126 14
1469 2072 1483 2127 Ρ

269 2151 365 2210 Morte
386 2171 439 2210 sua
458 2155 580 2207 mortem
600 2146 725 2222 vincere,
748 2144 895 2203 diabolum
916 2145 1070 2220 debellare,
1093 2153 1228 2204 aeternam
1249 2147 1480 2225 redemptionem

268 2231 410 2306 sanguine
425 2249 477 2288 suo
492 2226 629 2300 obtinere,
645 2232 675 2283 et
689 2245 757 2283 suos
771 2224 801 2282 in
822 2232 960 2283 aeternum
975 2244 1098 2301 servare,
1116 2225 1192 2283 ch.
1208 2226 1257 2284 vii.
1274 2229 1337 2285 25?

534 2305 624 2362 VIII.
648 2303 711 2377 Qua
724 2306 791 2362 Rex
806 2303 907 2363 debuit
920 2324 1020 2380 regere
1031 2305 1195 2362 universam
1210 2305 1371 2364 Ecclesiam
1385 2307 1480 2366 Verbi

311 2368 345 2414 Et
356 2367 454 2426 ΜΝ
515 2383 560 2442 sui
574 2391 695 2459 sceptro,
713 2383 852 2460 Spiritum
869 2383 1006 2442 Sanctum
1021 2403 1086 2442 cum
1101 2385 1233 2443 omnibus
1245 2385 1304 2445 suis
1319 2386 1403 2444 donis
1413 2387 1480 2445 mit·

269 2473 338 2541 tere,
351 2483 455 2524 vocare
470 2462 630 2536 efficaciter,
646 2462 734 2520 corda
747 2463 865 2539 aperire,
882 2463 1037 2521 Diabolum
1052 2471 1207 2540 conterere,
1223 2474 1253 2524 et
1265 2466 1364 2524 hostes
1378 2485 1479 2524 omnes

270 2545 372 2604 salutis
387 2545 417 2603 in
438 2543 595 2602 scabellum
616 2540 723 2618 pedum
745 2561 860 2618 ponere,
876 2549 905 2600 et
920 2543 1081 2600 Ecclesiam
1102 2543 1270 2620 glorificare.
1314 2545 1385 2620 Quis
1405 2565 1477 2604 vero

269 2625 326 2684 nisi
342 2624 471 2702 potentia
491 2623 601 2680 invicta
621 2620 767 2698 praeditus,
789 2620 829 2678 id.
850 2638 937 2679 verus
959 2622 1039 2680 Deus
1059 2623 1224 2699 potuisset?
1265 2624 1344 2700 Ergo
1359 2644 1477 2700 quomo-

270 2705 422 2783 docunque
443 2710 588 2782 spectetur
605 2700 737 2759 Christus
761 2700 914 2776 Mediator,
937 2701 1037 2760 debuit
1060 2702 1116 2760 hoc
1140 2702 1241 2762 Officio
1265 2703 1393 2781 defungi,
1418 2724 1477 2762 non

270 2786 365 2844 minus
383 2784 539 2844 secundum
561 2789 693 2840 naturam
708 2779 837 2839 divinam
850 2800 937 2857 quam
951 2782 1115 2840 humanam.

298 2891 364 2936 Μ,
377 2890 493 2935 nunant·
557 2861 617 2920 IX.
639 2861 746 2935 Tertio,
769 2860 933 2920 Secundum
954 2881 1017 2919 eem
1041 2869 1172 2919 naturam
1187 2860 1287 2919 debuit
1301 2881 1364 2920 esse
1382 2861 1475 2920 Medi-

349 2951 427 3002 u0n03
516 2952 587 3016 ator,
613 2939 770 3000 seeundum
790 2959 876 3017 quam
901 2959 932 2999 se
954 2941 1123 3017 exinanivit,
1149 2947 1178 3000 et
1192 2939 1311 2999 formam
1333 2941 1409 3000 servi
1429 2961 1473 2999 as·

270 3024 401 3101 sumpsit,
417 3024 485 3101 quia
504 3042 563 3081 non
580 3021 637 3080 aha
651 3020 686 3079 de
701 3039 788 3079 causa
802 3039 833 3079 se
847 3019 1016 3097 exinanivit,
1032 3041 1118 3097 quam
1132 3029 1164 3080 ut
1182 3020 1237 3078 hoe
1252 3019 1353 3079 Officio
1374 3019 1470 3078 defun·

270 3113 394 3181 geretur.
437 3103 480 3162 At
501 3121 531 3161 se
546 3101 707 3160 exinanivit
725 3101 882 3160 secundum
903 3109 1035 3160 naturam
1053 3100 1190 3174 divinam,
1206 3119 1263 3158 non
1284 3100 1354 3158 reali
1375 3100 1473 3177 gloriae

269 3183 431 3242 essentialis
446 3182 652 3255 imminutione,
669 3180 721 3238 sed
734 3189 855 3239 externa
868 3181 968 3258 gloriae
982 3179 1167 3239 accidentalis
1181 3179 1380 3238 occultatione.

410 3321 415 3334 ⁸
446 3323 450 3334 ¹
552 3260 593 3316 X.
607 3259 723 3335 Quarto,
733 3260 842 3318 Debuit
853 3279 916 3318 esec
923 3259 1068 3319 Mediator
1078 3258 1235 3318 secundum
1241 3258 1320 3317 illam
1331 3269 1469 3333 naturam,

269 3321 291 3364 ⁴·
302 3320 339 3365 ¹³¹
350 3321 499 3421 33⁶¹?th
530 3338 688 3396 secundum
702 3357 788 3414 quam
802 3339 896 3414 potuit
901 3339 963 3415 jam
978 3339 1089 3416 operari
1097 3347 1130 3398 ut
1145 3339 1289 3397 Mediator
1302 3357 1319 3396 a
1333 3337 1471 3416 principio

374 3411 378 3421 '
404 3410 423 3430 ''
531 3417 639 3490 mundi,
653 3416 677 3474 si
688 3415 805 3492 quidem
817 3416 899 3474 Idem
910 3417 1009 3476 debuit
1017 3437 1081 3478 esse
1091 3417 1161 3494 heri,
1174 3417 1268 3492 bodie,
1281 3426 1310 3476 et
1323 3417 1352 3475 in
1368 3418 1471 3476 secula.

271 3493 314 3552 At
328 3513 385 3551 non
406 3494 500 3570 potuit
521 3494 632 3570 operari
654 3495 812 3552 secundum
832 3503 965 3553 naturam
985 3496 1148 3572 humanam,
1168 3497 1219 3555 sed
1240 3505 1350 3555 tentum
1373 3517 1472 3556 secun·

271 3573 341 3631 dum
361 3572 498 3648 divinam,
515 3572 672 3631 seeundum
687 3593 781 3649 quem,
797 3581 829 3631 ut
846 3573 908 3649 jam
925 3574 1076 3648 existebat,
1092 3574 1133 3634 ita
1146 3577 1240 3653 potuit
1254 3596 1353 3652 regere
1369 3575 1462 3635 Eccle-

270 3653 341 3710 siam
357 3671 446 3726 suam,
462 3660 491 3710 et
504 3651 589 3710 donis
605 3651 739 3711 omnibus
760 3651 796 3710 ad
812 3653 933 3711 salutem
946 3653 1117 3712 necessariis
1129 3656 1313 3733 locupletare.

269 3751 291 3797 5,
306 3751 344 3798 Ex
356 3749 449 3796 morus
460 3751 511 3796 Mc-
573 3729 633 3789 XI.
656 3730 770 3806 Quinto,
790 3731 864 3806 Quia
887 3731 1036 3810 Praeeipua
1049 3733 1151 3792 effecta
1166 3735 1352 3794 Mediationis
1367 3734 1472 3794 Christi

334 3809 455 3855 erationis.
533 3811 677 3887 pertinent
702 3830 783 3889 reque
811 3811 849 3869 ed
875 3820 1007 3871 naturam
1034 3811 1162 3871 divinam
1187 3835 1220 3872 ac
1248 3815 1284 3872 ad
1308 3815 1470 3874 humanam.

270 3888 375 3964 Qualia
388 3895 455 3948 sunt
471 3889 636 3966 Redunptio
651 3892 777 3966 etSalue,
791 3893 929 3950 Remissio
937 3901 1126 3967 peccatorum,
1145 3894 1214 3951 Vitue
1225 3903 1335 3951 ceurae
1349 3895 1469 3970 larpitio,

270 3989 335 4046 quae
350 3967 420 4027 talia
433 3978 509 4043 sunt,
524 3977 557 4030 ut
579 3969 635 4028 Dei
655 3971 744 4030 solius
765 3972 823 4030 sint
843 3991 930 4049 opera
949 3979 979 4030 et
992 3969 1140 4029 beneficia.
1183 3973 1244 4030 Nec
1258 3973 1411 4031 dicendum
1426 3993 1470 4032 ac·

270 4049 363 4107 tiones
377 4049 447 4106 istas
461 4068 479 4106 a
494 4050 607 4108 Christo
621 4050 736 4110 homine
757 4050 881 4129 pendere
901 4070 952 4129 per
965 4050 1082 4108 modum
1096 4050 1287 4127 instrumenti,
1302 4071 1320 4108 a
1333 4053 1470 4112 Trinitate

271 4147 340 4186 vero
355 4136 419 4186 uta
450 4148 537 4188 causa
568 4129 730 4208 principali.
773 4131 848 4205 Quia
868 4131 999 4189 Christus
1022 4149 1081 4187 non
1095 4138 1206 4189 tantum
1231 4131 1319 4189 habet
1332 4131 1469 4190 rationem

269 4206 460 4280 iustmmenti,
477 4209 518 4267 sic
539 4209 616 4267 enim
636 4209 709 4268 nihil
729 4209 795 4286 plus
816 4216 981 4286 operaretur
1000 4207 1148 4284 ministris,
1170 4210 1275 4286 quibus
1297 4210 1365 4268 talia
1386 4231 1470 4288 opera

269 4285 441 4362 quandoque
456 4288 628 4364 tribuuntur,
645 4289 697 4348 sed
717 4289 803 4348 etiarn
825 4307 917 4346 eausae
938 4287 1113 4365 principalis
1128 4297 1187 4347 tarn
1208 4289 1369 4365 meritoriae,
1385 4310 1468 4366 quam

268 4365 400 4423 efficacis.
413 4365 490 4424 Hinc
500 4366 626 4444 August.
639 4367 775 4427 Sermone
786 4366 822 4425 de
832 4366 952 4442 Ovibus,
966 4370 984 4400 “
996 4367 1141 4426 Divinitas
1153 4367 1213 4426 sine
1224 4368 1402 4426 humanitate
1413 4387 1467 4428 non

269 4453 314 4502 est
329 4443 495 4520 Mediatrix,
510 4465 564 4504 nee
581 4447 745 4505 humanitas
760 4445 821 4504 sine
836 4445 1005 4518 Divinitate,
1019 4445 1069 4504 sed
1090 4445 1166 4506 inter
1179 4446 1360 4504 divinitatem
1375 4455 1404 4506 et
1417 4449 1466 4507 hu·

269 4523 435 4582 manitatem
451 4525 550 4600 solam,
567 4526 724 4584 Mediatrix
738 4535 782 4583 est
796 4525 921 4582 humana
935 4523 1081 4598 divinitas,
1097 4533 1126 4584 et
1141 4525 1239 4584 divina
1252 4525 1444 4584 humanitas.”

310 4600 369 4659 IX.
394 4603 492 4677 Sexto,
509 4604 583 4677 Quia
598 4604 761 4662 incarnatio
782 4603 858 4662 facta
878 4612 923 4662 est
943 4601 1101 4662 inconfusis
1122 4603 1350 4680 proprietatibus,
1367 4613 1411 4662 est
1424 4625 1467 4664 ac·
