3202 5194
113 327 238 379 551555.
259 307 362 390 mm]
648 327 854 398 1555555551,
1286 313 1344 371 107

51 394 56 441 l

49 464 55 517 Ι
187 516 303 564 chorea
398 466 610 544 vestimentum,
627 488 644 526 5
658 469 834 529 conscientia
854 468 884 527 in
899 467 1078 546 superficiem
1093 476 1191 528 manat
1205 469 1343 548 ἅσίλγαας

304 549 310 562 “
399 549 527 625 choreas,
537 556 567 608 et
581 549 748 608 saltationes
768 549 941 627 petulantes,
957 556 987 608 et
1003 556 1102 626 turpes
1115 549 1201 608 ludos
1215 551 1345 610 scenicos

48 694 53 705 ,
115 650 150 690 ac
166 629 351 706 theatrales,
359 629 411 707 qui
424 629 510 687 hodie
524 637 592 687 sunt
612 629 643 686 in
656 648 725 705 usu;
748 628 903 706 crapulam,
920 628 1097 702 ebrietatem,
1121 631 1345 692 comessationes

114 721 145 769 et
170 710 267 784 sim.;
290 730 356 787 quae
378 716 446 768 sunt
468 709 524 767 alia
538 708 625 786 hujus
639 708 754 786 generis
773 709 883 768 illicitae
897 709 1021 768 Veneris
1042 709 1131 768 illicia
1144 719 1173 769 51
1187 710 1343 772 155551155.

116 791 200 849 Haee
218 790 303 849 enim
317 787 416 848 omnia
430 788 483 848 snb
497 789 552 848 hoc
565 789 720 848 interdicto
741 788 881 848 contineri
903 798 1014 849 certum
1034 798 1087 864 est,
1103 789 1346 866 quemadmodum

116 870 171 928 illa
186 890 258 948 non
273 869 367 928 semel
380 868 450 927 alibi
471 870 501 926 15
517 869 666 946 Scriptura
686 868 867 946 damnantur,
883 879 1020 948 tanquam
1040 869 1156 948 propria
1179 870 1346 930 Gentilibus

117 959 148 1008 et
162 950 245 1008 filiis
260 951 349 1026 hujus
371 947 470 1024 seculi,
493 949 616 1008 Roman.
638 947 700 1007 xiii.
717 952 822 1025 12,13,
839 949 915 1027 Ε55.
936 949 976 1010 iv.
994 952 1040 1024 19,
1059 954 1073 1008 l
1090 949 1168 1009 Patr.
1183 950 1222 1009 iv.
1238 953 1265 1026 3,
1281 953 1342 1009 etl

116 1029 373 1102 5515555515,
391 1031 437 1104 16,
453 1028 558 1105 quibus
573 1028 752 1088 Christianos
773 1048 889 1107 operam
907 1029 976 1088 dare
996 1029 1077 1088 nefas
1101 1037 1154 1105 eat,
1169 1029 1220 1107 qui
1234 1050 1265 1088 sa
1285 1051 1344 1088 non

119 1109 316 1169 conformare
337 1108 445 1168 debent
458 1109 526 1167 huic
545 1109 651 1184 seculo,
675 1109 868 1185 1155515112,
885 1109 936 1168 sed
956 1118 1046 1169 totam
1060 1110 1151 1169 vitam
1174 1129 1344 1187 componere

117 1199 271 1250 tenentur
284 1189 323 1247 ad
336 1189 530 1265 sobrietatem,
546 1189 774 1268 temperantiam,
792 1189 964 1249 modestiam
984 1199 1013 1249 et
1034 1191 1225 1266 sanctitatem,
1241 1191 1343 1250 Titii.

124 1273 163 1328 12
194 1271 288 1329 Rom.
304 1269 367 1328 xiii.
384 1271 431 1327 13.

162 1315 229 1408 'VL
255 1350 317 1408 Nec
331 1349 356 1407 si
371 1347 540 1426 Apostolus,
557 1349 632 1427 Eph.
642 1369 671 1408 5.
687 1353 714 1426 3,
725 1353 753 1425 4,
769 1358 799 1409 51
814 1353 829 1408 l
846 1350 947 1410 Thess.
963 1349 1003 1410 15.
1018 1354 1046 1427 3,
1061 1351 1126 1411 vult
1139 1372 1158 1410 a
1172 1350 1343 1410 Christianis

120 1429 236 1489 abesse
263 1449 378 1487 omnem
401 1429 597 1506 impuritatem
619 1436 648 1488 et
671 1419 830 1506 lasciviam,
853 1431 983 1510 sequitur
1006 1432 1061 1490 hoc
1075 1433 1130 1491 sub
1145 1431 1229 1490 Novo
1243 1431 1344 1490 Testa-

121 1519 230 1569 mento
245 1517 359 1569 tentum
373 1508 551 1587 prohibitum
572 1529 644 1585 esse,
659 1518 689 1569 51
709 1529 773 1570 5555
793 1511 952 1570 auctarium
966 1511 1097 1571 additum
1111 1532 1128 1570 a
1143 1511 1257 1572 Christo
1273 1511 1346 1589 Legi

122 1590 237 1648 morali
251 1612 258 1666 ;
282 1589 356 1664 Quia
370 1596 484 1649 constat
508 1589 690 1648 sanctitatem
710 1599 883 1668 praeceptam
897 1591 928 1647 in
943 1591 1022 1668 Lege
1047 1610 1131 1649 omne
1146 1610 1238 1668 genus
1252 1590 1344 1667 impu-

122 1671 226 1730 ritatis
243 1669 408 1745 excludere,
423 1676 482 1728 tam
497 1668 640 1728 internam
654 1670 757 1744 cordis,
773 1689 859 1746 quam
874 1677 1023 1729 externam
1037 1671 1184 1748 corporis;
1207 1669 1259 1728 sed
1279 1671 1347 1729 hinc

122 1757 248 1810 tantum
262 1749 410 1827 colligitur
424 1749 479 1808 hoc
493 1749 617 1808 officium
638 1769 697 1808 non
720 1750 816 1808 minas
838 1749 1000 1826 Evangelio
1014 1769 1102 1827 quam
1123 1750 1203 1826 Lege
1217 1750 1343 1828 praecipi,

126 1839 156 1888 et
172 1829 206 1887 in
221 1830 276 1887 illo
291 1829 453 1888 confinnari
467 1827 568 1888 fortius
583 1829 662 1906 quod
676 1829 706 1887 in
720 1829 776 1888 ista
793 1829 855 1907 jam
869 1829 991 1888 vetitum
1006 1828 1108 1905 tirerat,
1123 1829 1203 1907 quod
1223 1830 1345 1889 ulterius

123 1929 164 1967 ex
179 1909 276 1968 variis
289 1909 361 1968 locis
375 1909 491 1986 probari
504 1917 616 1986 posset:
632 1909 720 1968 Prov.
731 1910 829 1985 vtae,
840 1911 888 1985 25,
899 1908 968 1968 Job.
983 1909 1067 1968 xxxi.
1081 1912 1107 1985 1,
1115 1912 1142 1986 9,
1151 1910 1226 1970 Gen.
1238 1910 1343 1970 xxxix.

126 1993 154 2063 1,
173 1993 204 2066 9,
221 1989 246 2048 J
248 2009 288 2047 er.
302 2010 331 2049 v.
347 1991 374 2064 8,
391 1991 420 2048 9.
462 1989 523 2047 Nec
538 1989 564 2048 si
578 1989 657 2048 Eccl.
673 1989 714 2049 xi.
730 1991 757 2065 9,
775 1989 896 2066 Sapiens
910 1989 1028 2049 videtur
1051 1990 1208 2049 concedere
1223 1990 1343 2066 Juveni,

128 2079 162 2128 ut
179 2069 313 2128 ambulet
327 2068 486 2128 secundum
499 2069 577 2128 viam
592 2069 696 2144 cordis,
712 2077 741 2128 51
754 2070 905 2128 lasciviam
919 2070 1077 2146 oculorum,
1093 2070 1189 2130 statim
1204 2069 1344 2147 approbat

125 2149 186 2208 hoc
195 2157 337 2225 tanquam
347 2149 468 2223 licitum,
480 2149 531 2207 sed
541 2149 648 2207 ironice
658 2149 795 2226 loquitur,
808 2169 968 2208 sermonem
978 2169 1062 2209 suum
1072 2150 1152 2209 illico
1162 2150 1342 2228 corrigendo,

129 2229 203 2288 dnm
218 2228 310 2304 addit,
324 2237 441 2307 propter
455 2228 517 2287 haec
532 2229 626 2288 Deum
642 2249 706 2288 eum
721 2229 913 2289 adducturum
928 2230 958 2288 in
968 2229 1120 2308 judicium.

438 2308 512 2366 VII.
534 2310 562 2368 8.
577 2310 754 2385 Polyqamia,
769 2330 828 2368 non
849 2311 1022 2386 successiva,
1039 2331 1103 2388 555
1123 2310 1211 2386 115115,
1234 2309 1286 2368 sed
1305 2311 1342 2368 ai·

398 2391 549 2465 maltaaea,
566 2409 630 2466 quaa
651 2398 752 2466 peccat
768 2393 793 2449 1.
810 2389 917 2449 Contra
931 2391 1059 2466 primam
1080 2392 1203 2468 conjayii
1213 2390 1342 2449 55551115-

133 2468 248 2542 tionem,
264 2467 370 2526 Gencs.
381 2467 421 2544 ii,
438 2468 474 2526 ad
489 2489 575 2546 quam
590 2468 721 2528 Christus
735 2469 856 2528 Judaeos
870 2480 1007 2532 revocat:
1029 2471 1058 2528 in
1073 2491 1131 2548 qua
1144 2491 1233 2529 unum
1247 2470 1343 2528 virum

134 2557 164 2606 51
180 2567 269 2606 unam
284 2546 429 2606 foeminam
444 2547 512 2607 15511
526 2559 555 2607 51
569 2548 721 2625 conjunxit
736 2549 824 2626 Deus,
841 2558 870 2609 et
883 2549 978 2610 edicto
1001 2551 1133 2626 sancivit,
1149 2560 1181 2609 ut
1195 2550 1261 2624 duo,
1283 2569 1342 2608 non
1374 2617 1377 2621 η

133 2635 203 2701 tres,
219 2635 270 2687 aut
283 2627 380 2705 plures
395 2637 492 2688 essent
506 2648 563 2686 una
577 2648 652 2703 caro,
668 2636 697 2687 et
710 2636 743 2688 ut
756 2629 803 2686 vir
816 2629 975 2688 adhaereret
989 2631 1074 2688 uxori
1089 2649 1157 2705 suae,
1172 2649 1230 2688 non
1245 2630 1343 2688 uxori·

40 2700 41 2713 ¹
133 2705 208 2782 bus;
232 2727 286 2766 nec
300 2707 474 2784 separandos
488 2727 560 2784 5555,
576 2727 649 2786 quos
665 2709 745 2768 Deus
760 2709 920 2786 conjunxit,
934 2709 1022 2768 Mala.
1037 2709 1067 2767 ii.
1085 2713 1131 2785 15,
1147 2718 1176 2768 51
1191 2709 1272 2769 Mat:
1279 2710 1341 2769 xix.

136 2790 163 2846 5.
199 2792 228 2845 2.
245 2787 351 2846 Peccat
365 2797 465 2846 contra
477 2797 611 2847 naturam
626 2789 731 2846 amorra
745 2789 964 2867 conjugaliaqui
978 2789 1019 2848 ita
1032 2789 1165 2866 proprius
1182 2799 1226 2848 est
1240 2797 1269 2846 et
1284 2789 1342 2846 sin-

136 2867 254 2943 gularis,
269 2875 302 2925 ut
315 2868 429 2926 tertiam
442 2888 594 2945 personam
608 2887 665 2926 non
680 2868 773 2945 possit
786 2868 937 2927 admittere
951 2868 989 2925 ad
1009 2867 1140 2945 ejusdem
1153 2867 1196 2926 rei
1214 2887 1341 2926 commu-

135 2947 260 3020 nionem,
276 2948 350 3006 sicut
364 2948 543 3024 experientia
556 2947 641 3006 docet
661 2948 692 3005 in
706 2947 850 3024 zelotypia
864 2946 1020 3024 conjugali.
1043 2950 1070 3006 3.
1087 2947 1193 3006 Contra
1207 2955 1341 3005 naturam

136 3035 293 3086 5551555155
306 3028 529 3100 matrimonialia,
545 3047 602 3104 quo
616 3027 657 3099 fit,
673 3035 706 3086 ut
720 3027 847 3104 conjunx
860 3045 919 3084 non
933 3025 1038 3085 habeat
1052 3026 1175 3102 amplius
1189 3043 1293 3102 corpus
1312 3025 1342 3084 in

135 3115 277 3183 potestate
292 3127 352 3182 sua,
371 3111 385 3165 1
403 3107 467 3166 Cor.
482 3107 533 3166 511.
548 3111 576 3165 4.
620 3105 706 3166 Unde
727 3105 760 3165 fit
773 3113 805 3164 ut
825 3105 975 3183 injustitia
989 3114 1017 3164 et
1030 3105 1158 3182 perfidiae
1171 3125 1238 3164 reus
1259 3125 1340 3182 pera-

138 3195 221 3261 gatur
235 3186 286 3263 qui
299 3186 383 3247 alteri
397 3207 460 3246 sese
471 3187 579 3264 jungit,
596 3186 701 3244 Malae.
716 3185 746 3243 ii.
764 3189 810 3260 14,
823 3183 877 3244 &a
904 3187 932 3242 4.
946 3185 1052 3244 Contra
1065 3185 1232 3244 mandatum
1246 3185 1338 3260 Pauli,

137 3267 185 3342 qai
196 3268 261 3325 vult
274 3274 307 3325 ut
320 3267 457 3344 quaelibet
470 3286 544 3325 uxor
557 3273 596 3324 ata
610 3264 671 3324 1155
686 3263 769 3359 daiga,
777 3266 930 3342 proprium
940 3266 1039 3341 viram,
1051 3267 1158 3340 tabeat,
1171 3265 1339 3325 undeltom.

137 3347 184 3405 vii.
199 3350 227 3420 2,
244 3349 272 3421 3,
287 3365 362 3404 uxor
375 3347 488 3405 moecha
502 3346 615 3422 dicitur,
631 3366 694 3423 quae
709 3352 827 3405 vrvente
841 3345 935 3404 adhuc
948 3345 1051 3405 marito
1070 3346 1103 3404 fit
1117 3347 1235 3405 alterius
1256 3366 1338 3423 uxor,

138 3426 202 3501 quia.
215 3426 289 3484 fides
302 3427 522 3486 matrimonialis
535 3426 622 3485 debet
636 3445 699 3485 5555
720 3425 873 3502 reciproca,
889 3425 968 3502 quod
987 3446 1046 3483 non
1059 3435 1158 3502 posset
1170 3427 1267 3484 locum
1287 3426 1337 3484 ha·

138 3504 210 3581 bere,
227 3507 252 3564 si
265 3526 325 3565 una
337 3507 435 3583 plures
444 3505 531 3580 viros,
538 3507 587 3564 vel
597 3506 643 3564 vir
656 3525 730 3564 unus
744 3505 841 3582 515555
854 3525 961 3564 uxores
970 3505 1077 3564 habere
1090 3514 1197 3584 posset.
1225 3510 1252 3564 5.
1263 3506 1338 3564 Con·

138 3592 178 3642 155
190 3585 302 3645 unitam
316 3586 397 3645 illam
411 3587 501 3663 prolis
515 3606 621 3661 curam,
637 3605 722 3662 quam
738 3585 865 3662 conjugii
879 3585 944 3643 finis
958 3585 1087 3662 requirit,
1098 3606 1162 3663 quae
1174 3586 1203 3644 in
1217 3587 1338 3663 polyga-

137 3666 191 3724 mia
204 3665 354 3724 dividitur.
378 3668 406 3724 6.
422 3665 528 3724 Contra
537 3685 639 3742 pacem
646 3665 776 3740 familiae,
791 3664 860 3740 quia
873 3665 910 3722 ab
924 3685 959 3723 ea
978 3665 1098 3726 infinitae
1112 3666 1183 3724 rixae
1198 3667 1337 3740 oriuntur,

39 3771 41 3801 z
138 3743 205 3804 Lev.
221 3745 305 3806 xviii.
323 3747 369 3820 18,
385 3753 418 3804 ut
432 3745 526 3804 visum
542 3745 572 3802 in
585 3745 671 3803 domo
685 3743 707 3802 J
709 3745 799 3818 acobi,
816 3745 890 3804 Gen.
906 3765 988 3818 xxx,
1005 3745 1135 3819 Elkanae,
1154 3749 1168 3803 l
1187 3745 1264 3804 Sam.
1280 3745 1299 3802 i.
1310 3749 1337 3804 6.

173 3825 266 3885 VIII.
289 3826 413 3884 Licitam
427 3845 491 3884 esse
502 3824 703 3902 Polygamiam
714 3844 771 3882 non
782 3823 947 3901 colligitur:
969 3823 1027 3884 Vel
1035 3825 1072 3884 ab
1083 3828 1210 3900 exemplo
1218 3826 1340 3882 Patrem

141 3903 243 3963 Vetera}
270 3907 400 3979 Tectam,
426 3905 476 3982 qui
500 3904 648 3982 polygami
672 3903 795 3978 fuerunt,
818 3913 847 3962 et
870 3904 975 3980 quibus
995 3907 1135 3981 permissa
1156 3903 1256 3962 debuit
1276 3923 1340 3962 esse

39 3981 41 4052 ,
136 3984 310 4062 polygamia.
352 3984 427 4058 Quia
441 3985 563 4062 legibus,
579 4003 638 4042 non
652 3983 792 4060 exemplis
807 3983 951 4042 standum.
973 3988 1001 4043 2.
1015 3985 1047 4042 Si
1056 3983 1196 4061 permissa
1209 3983 1271 4058 1511,
1284 3983 1339 4043 hoc

136 4061 240 4122 factum
262 4064 325 4139 1511,
341 4065 390 4122 551
414 4065 601 4141 permissione
620 4063 696 4140 juria
718 4063 812 4122 ethica
832 4083 883 4140 per
904 4063 1146 4140 dispensationem
1166 4063 1341 4141 peculiarem

136 4153 251 4222 propter
264 4143 469 4218 infirmitatem,
485 4144 554 4222 quia
568 4151 649 4203 erant
662 4141 756 4201 adhuc
771 4142 903 4218 infantes,
919 4143 1024 4220 quibus
1038 4144 1129 4203 multa
1143 4143 1340 4202 conceduntur

136 4242 199 4298 qna
213 4223 322 4282 adultis
336 4222 524 4300 denegantur,
540 4243 605 4301 quae
619 4242 695 4282 nunc
710 4223 763 4281 sub
779 4222 863 4282 Novo
870 4223 1055 4283 Testamenta
1069 4233 1177 4283 cessat:
1192 4223 1248 4296 vel,
1261 4223 1340 4300 quod

136 4302 322 4361 verisimilius
336 4311 389 4378 est,
399 4304 584 4379 5555551555
598 4303 680 4378 sacti,
696 4301 726 4360 id
748 4309 800 4377 eet,
815 4323 867 4380 per
882 4323 990 4362 meram
1011 4305 1190 4363 tolerantiam
1210 4321 1268 4359 non
1288 4321 1340 4377 per

136 4381 380 4458 approbationem,
396 4391 429 4442 ut
441 4383 496 4442 hac
509 4383 620 4442 ratione
641 4383 783 4442 immunes
803 4391 900 4442 essent
920 4403 938 4441 a
956 4403 1042 4460 poena
1056 4382 1135 4442 civili
1149 4381 1179 4438 in
1193 4379 1255 4438 foro
1276 4380 1340 4454 soli,

137 4461 187 4518 sed
201 4479 260 4519 non
274 4460 344 4520 item
359 4481 375 4518 a
388 4482 474 4538 poena
495 4463 595 4521 divina
608 4462 639 4520 in
660 4461 723 4520 foro
744 4463 812 4539 poli,
828 4483 845 4520 5
859 4482 917 4539 qua
937 4463 1053 4521 liberari
1074 4460 1235 4518 debuerunt
1248 4458 1343 4534 gratia

39 4552 41 4602 t
139 4539 201 4616 Dei,
226 4540 392 4600 interventu
415 4543 591 4618 poenitontiae
613 4543 741 4620 ipsorum
756 4542 804 4601 vel
825 4541 969 4620 explicitae
992 4542 1040 4600 551
1061 4540 1162 4598 saltem
1184 4535 1341 4614 implicitae.

138 4617 214 4678 Vide
230 4639 318 4696 supra
333 4619 439 4694 Quaest.
455 4622 498 4681 II.
513 4623 568 4680 Th.
583 4626 632 4699 27,
647 4624 696 4681 28.
726 4621 784 4681 Vel
799 4642 836 4680 ex
850 4621 983 4698 eoquod,
997 4616 1342 4692 Deuteron.xxi.15,16,

179 2355 333 2413 Polygium.
