3152 5198
230 371 288 428 584
653 391 744 434 cocus
765 393 894 434 uscruus
916 393 1035 434 eexrrs.
1250 367 1380 448 [suess.
1405 383 1438 426 r.

231 528 431 589 Communioni
456 531 688 608 restituebantur,
704 543 733 594 et
756 505 908 612 poenarum
931 534 1138 593 Canonicarum
1151 531 1211 590 illis
1225 529 1319 607 gratia
1331 529 1436 602 tiebat,

229 617 263 666 ut
277 610 375 668 videre
389 619 433 670 est
447 611 524 687 apud
539 613 654 690 Cypria,
675 615 768 692 Epist.
783 615 833 674 lib.
853 615 902 689 iii,
926 615 1019 682 Epist.
1034 634 1093 688 xv,
1116 612 1186 686 xvi,
1211 609 1293 684 xvii,
1314 620 1344 668 et
1359 609 1436 666 Can.

229 707 268 764 v,
291 698 321 748 et
345 691 385 747 xi.
408 691 531 750 Concilii
554 691 664 768 Niceni,
691 703 719 751 ct
741 695 813 768 xxi,
837 695 909 752 xxii.
932 694 1090 770 Ancyram,
1117 701 1146 751 et
1169 689 1284 748 xxxvii,
1307 687 1436 747 Consilii

230 767 418 844 Agathensis.
462 771 567 830 Postea
589 772 737 848 Canonum
760 773 999 849 poenitentialium
1019 775 1125 850 jugum
1152 770 1297 848 plerisque
1320 768 1438 826 detrec·

229 849 367 924 tentibus,
396 851 566 910 introductae
585 860 652 909 sunt
678 853 912 911 Satisfactiouum
935 853 1142 912 Canonicarum
1161 848 1265 928 partim
1287 855 1436 925 pennata-

229 927 332 1005 tiones,
344 931 448 1006 partim
458 929 676 1006 redemptiones.
700 931 785 990 Unde
794 952 833 990 ex
845 933 1039 992 Poenitentiali
1051 933 1134 990 Rom.
1145 929 1221 1008 apud
1233 926 1438 987 Burchardum

231 1008 318 1066 trium
333 1011 442 1068 dierum
457 1011 479 1068 J
480 1009 608 1082 ejuninm
622 1010 816 1070 redimebatur
830 1013 996 1072 recitatione
1011 1011 1221 1089 quinquaginta
1241 1008 1434 1078 Psalmorum,

232 1095 261 1144 et
272 1089 395 1162 alicujus
410 1089 493 1164 egeni
503 1089 661 1148 nutritione
675 1091 723 1149 vel
734 1092 827 1150 tribus
841 1092 966 1150 denariis
987 1093 1024 1151 ab
1038 1111 1072 1150 eo
1086 1092 1136 1168 qui
1153 1089 1284 1148 Psalmus
1297 1086 1436 1144 nesciret.

232 1165 298 1223 Hac
321 1176 415 1224 eutem
438 1176 521 1243 porta
543 1168 785 1245 Redemptionum
810 1172 899 1230 semel
921 1171 997 1248 data,
1021 1172 1109 1249 erepit
1135 1169 1288 1228 undecimo
1315 1166 1434 1224 demum

231 1245 329 1303 seculo
343 1245 397 1304 sub
413 1247 532 1306 Urbano
555 1248 598 1307 II.
620 1250 791 1310 nundinatio
815 1250 1067 1328 indulgentiarum,
1079 1271 1145 1327 quae
1163 1258 1197 1308 ut
1216 1247 1308 1324 pluris
1321 1245 1433 1316 fierent,

231 1325 312 1382 varie
326 1334 393 1385 sunt
408 1328 573 1404 excogitata
586 1339 747 1389 commenta
761 1331 797 1389 de
811 1349 909 1388 earum
920 1332 1018 1390 valore
1032 1339 1062 1389 et
1075 1329 1209 1402 efficacia,
1222 1347 1280 1385 non
1294 1326 1388 1383 solum
1402 1323 1434 1380 in

231 1403 292 1461 foro
307 1405 370 1480 soli,
385 1408 481 1483 quoad
495 1429 609 1485 poenam
625 1410 807 1478 Canonicsm,
823 1409 972 1468 sedetiam
992 1412 1022 1468 ln
1036 1410 1097 1470 foro
1111 1409 1180 1487 poli,
1195 1417 1225 1466 et
1238 1405 1335 1484 quoad
1349 1404 1433 1462 satis-

231 1483 383 1544 factionem
398 1488 589 1564 praestandam
600 1488 722 1563 justitiae
737 1489 843 1548 divinae
857 1509 909 1567 pro
923 1491 1058 1567 peccetis.
1101 1490 1186 1550 Unde
1200 1494 1280 1565 patet
1292 1491 1434 1562 quantum

232 1564 295 1624 istae
310 1564 504 1643 Indulgentiae
515 1567 675 1627 differente
690 1570 853 1644 Veteribus,
870 1590 934 1646 quae
947 1570 1020 1628 nihil
1035 1569 1206 1628 alluderent
1218 1585 1306 1644 quam
1320 1564 1433 1622 relaxa·

232 1645 325 1703 tiones
339 1665 487 1722 poenarum
511 1647 727 1724 Canonicarum,
743 1657 772 1708 et
796 1648 1024 1726 dispensationes
1045 1650 1082 1708 ab
1099 1667 1197 1707 earum
1221 1644 1374 1704 severitate
1395 1640 1435 1698 ad

231 1725 408 1801 privatorum
433 1727 666 1803 consolationem,
689 1737 718 1788 et
742 1749 921 1788 communem
934 1729 1072 1788 Ecclesiae
1094 1727 1321 1787 aedificationem.
1363 1722 1434 1780 Istae

233 1823 302 1862 vero
312 1813 477 1866 statuuntur
487 1827 549 1866 esse
560 1807 752 1866 relaxationes
760 1829 910 1886 poeuarum
925 1808 1177 1868 satisfactoriarum
1184 1805 1307 1880 justitiae
1317 1803 1432 1861 divina.

233 1921 317 1968 Tertia
328 1925 376 1969 Pro
409 1927 465 1970 sno
534 1887 642 1944 XVII.
657 1887 755 1946 Tertia
770 1889 949 1965 Propositio:
964 1889 1100 1947 Remr'asio
1115 1886 1327 1946 extenditurad
1340 1881 1435 1940 omnia

263 1939 475 2052 resmissropoexlos
496 1967 606 2026 omnino
622 1971 877 2048 peccatafidelium
902 1971 1087 2045 cujuscunque
1105 1969 1160 2026 sint
1178 1965 1298 2042 generes,
1314 1973 1370 2021 tam
1391 1961 1434 2018 ad

262 2041 330 2084 (ΜΨ
345 2043 375 2086 ad
393 2044 475 2088 ⁰¹¹²¹¹1⁸
486 2050 593 2121 futura
616 2068 701 2124 quam
712 2049 869 2124 preterita,
899 2057 926 2106 et
939 2049 1103 2124 praesentia,
1128 2049 1179 2106 sed
1197 2046 1226 2103 in
1250 2064 1300 2102 aue
1324 2041 1432 2100 ordine.

262 2103 368 2155 peccam
495 2126 621 2199 Quaestio
642 2127 689 2185 hic
710 2135 843 2186 movetur
863 2126 973 2187 ratione
997 2136 1179 2205 peccatorum
1199 2125 1366 2194 futurorum,
1383 2119 1434 2176 An

234 2203 320 2260 ctiam
330 2223 395 2262 curn
404 2207 556 2278 praeteritis
570 2215 600 2265 et
610 2207 799 2283 praesentibus
817 2208 946 2266 simulet
963 2208 1052 2266 semel
1060 2207 1264 2266 remittantur?
1304 2203 1369 2260 Non
1383 2197 1434 2256 de·

234 2291 301 2340 aunt
315 2283 390 2339 enim
402 2284 489 2342 etiarn
500 2305 537 2343 ex
549 2286 662 2345 Nostris
674 2288 772 2364 magni
783 2287 907 2346 nominis
921 2286 1071 2363 Theologi,
1082 2287 1133 2364 qui
1147 2290 1283 2344 censeant
1296 2282 1325 2338 in
1340 2277 1432 2338 Justi·

233 2359 366 2418 ficatione
380 2365 547 2437 peccatoris,
569 2367 665 2422 omnia
681 2368 744 2442 ejus
758 2375 876 2443 peccata
890 2368 986 2426 futura
1000 2387 1080 2443 aeque
1095 2386 1129 2424 ac
1147 2363 1292 2443 praeterita
1306 2358 1390 2418 simul
1403 2365 1433 2416 et

234 2439 322 2496 semel
349 2439 464 2514 remitti,
480 2449 541 2498 trun
566 2445 633 2518 quia
648 2445 770 2503 Justitia
784 2446 899 2520 Christi,
928 2466 992 2524 quae
1020 2445 1237 2504 fundamentum
1266 2449 1310 2501 est
1329 2447 1433 2498 nosne

229 2517 452 2596 justificationis,
469 2529 529 2578 tota
543 2530 758 2598 quantoquanta
772 2532 817 2582 est
829 2526 913 2584 nobis
928 2527 1014 2586 simul
1034 2534 1064 2585 et
1083 2525 1171 2584 semel
1192 2525 1357 2600 imputatur,
1372 2526 1433 2577 tum

235 2599 303 2676 quia
312 2598 482 2673 justificatio
497 2601 608 2660 nullum
629 2602 725 2660 locum
739 2603 900 2679 relinquare
915 2605 1003 2664 debet
1017 2604 1257 2678 condemnationi,
1274 2602 1357 2660 Rom.
1372 2600 1432 2658 viii

237 2684 263 2738 l.
307 2681 369 2737 lmo
381 2679 532 2757 justificati
546 2702 646 2760 pacem
660 2683 785 2742 habeant
799 2681 876 2760 apud
902 2685 1005 2761 Deum,
1031 2687 1116 2743 Rom.
1131 2705 1160 2742 v.
1178 2686 1203 2758 l,
1219 2692 1249 2741 et
1270 2682 1348 2740 beati
1361 2700 1431 2757 prer-

235 2761 374 2835 dicentur,
392 2761 469 2820 Psnl.
485 2763 579 2822 xxxii.
613 2765 638 2838 1,
669 2763 747 2840 quod
769 2762 827 2821 dici
850 2784 909 2821 non
933 2774 1039 2842 posset,
1062 2765 1086 2822 si
1110 2771 1228 2842 possent
1250 2760 1345 2820 adhue
1367 2759 1433 2818 sub-

235 2861 298 2899 esse
313 2840 545 2900 condemnationi
558 2851 674 2920 propter
688 2842 784 2902 lutura
797 2852 915 2921 peccata
928 2865 986 2903 non
1000 2845 1128 2902 remissa.

275 2921 400 2979 XVIII.
424 2921 484 2980 Noa
498 2923 682 2982 distinctione
697 2943 755 2982 rem
770 2943 855 3001 posse
869 2925 999 3001 expediri
1015 2925 1195 2982 arbitramur.
1238 2921 1362 2979 Peccata
1374 2937 1434 2977 om·

234 3001 355 3059 nietam
371 3001 467 3059 futura
480 3021 566 3078 quam
581 3003 725 3080 praeterita
737 3024 796 3061 non
810 3023 894 3079 posse
909 3004 967 3062 dici
988 3003 1095 3062 remitti
1110 3003 1195 3062 simul
1209 3009 1238 3060 et
1260 3000 1349 3058 semel
1367 3003 1433 3074 sor·

234 3081 346 3138 realiter
368 3089 397 3139 et
411 3083 547 3157 cephene,
564 3083 640 3160 quia,
661 3091 765 3142 utnon
785 3083 869 3142 Entis
891 3103 948 3141 non
974 3092 1041 3142 sunt
1056 3083 1223 3156 accidentia,
1244 3081 1287 3139 ita
1308 3078 1435 3156 quandiu

234 3167 383 3236 peccatum
398 3180 456 3218 non
471 3169 522 3237 cst,
538 3182 624 3239 poena
637 3163 664 3221 ei
677 3183 736 3222 non
757 3162 885 3238 debetur,
909 3174 938 3222 et
952 3163 1021 3222 dum
1043 3182 1101 3221 non
1116 3162 1244 3236 dehebrr,
1269 3179 1328 3218 uon
1342 3165 1435 3235 potest

235 3239 360 3316 remitti3
392 3240 433 3298 Ut
447 3259 505 3298 non
529 3250 625 3318 potest
646 3244 775 3320 expungi
789 3242 918 3302 debitum
941 3243 1069 3302 nondum
1084 3249 1271 3300 conuectum.
1313 3237 1436 3297 Accedit

235 3318 314 3394 quod
328 3319 365 3375 ad
379 3320 577 3380 remissionem
591 3323 710 3399 peccati,
726 3323 888 3399 requiratur
901 3323 965 3400 ejus
979 3323 1121 3382 confessio
1135 3319 1355 3397 et'poenitentia,
1370 3336 1434 3394 quae

235 3397 297 3453 dari
322 3416 379 3454 non
401 3407 497 3474 potest
520 3403 576 3458 nisi
591 3403 773 3460 commissum
797 3403 843 3460 sit.
887 3403 972 3462 Unde
983 3402 1121 3476 jubemur
1138 3399 1267 3476 quotidie
1281 3407 1378 3474 petere
1391 3416 1435 3455 re·

235 3475 401 3532 missionem
423 3488 614 3554 peccatorum,
640 3499 704 3555 quae
730 3481 767 3539 sit
781 3479 1266 3559 applicandapeccatiscommissis,
1292 3497 1349 3535 non
1369 3486 1436 3534 aute

236 3555 298 3630 ipsa
311 3561 474 3628 perpetrata
488 3561 724 3633 praeoccupanda.
738 3563 741 3572 ⁴
768 3561 825 3619 Sed
840 3562 907 3638 quia
918 3562 947 3618 in
957 3559 1164 3634 justificatione
1179 3558 1339 3636 applicatur
1352 3556 1436 3614 nobis

236 3631 358 3692 Justitia
373 3631 488 3707 Christi,
500 3653 565 3710 quae
579 3635 798 3696 tundamentum
819 3650 871 3714 est,
887 3660 944 3718 quo
959 3640 1060 3699 nititur
1073 3639 1203 3698 remissio
1218 3638 1346 3695 omnium
1369 3655 1436 3694 uos·

234 3723 343 3772 trorum
357 3719 548 3788 peccatorum,
568 3723 597 3771 et
619 3715 687 3790 quia
701 3736 738 3774 ex
759 3718 880 3777 Foedere
903 3721 1011 3778 Gratia
1027 3720 1107 3777 Deus
1125 3717 1278 3795 pollicetur
1291 3737 1322 3774 se
1336 3735 1436 3792 pecca-

235 3803 330 3853 torum
340 3799 502 3851 nostrorum
515 3813 574 3850 non
598 3794 813 3854 recordaturum
823 3817 830 3871 ;
862 3798 934 3854 nihil
959 3798 1062 3872 obstat,
1078 3798 1231 3875 quominus
1252 3805 1369 3872 peccata
1383 3794 1439 3852 hoc

237 3893 323 3934 sensu
338 3872 470 3930 dicantur
480 3873 587 3933 remitti
611 3873 761 3932 eminenter
781 3885 807 3933 et
834 3877 1014 3950 cimoliam
1035 3879 1103 3954 quia
1123 3879 1153 3935 in
1181 3877 1302 3937 Justitia
1330 3874 1438 3933 Christi

236 3953 321 4012 nobis
335 3953 475 4030 imputata
501 3953 718 4012 fundamentum
743 3963 787 4013 est
814 3955 897 4014 istius
918 3957 1104 4016 remissionis.
1147 3956 1245 4033 Atque
1266 3957 1307 4014 ita
1320 3963 1440 4032 peccata

237 4034 333 4091 omnia
346 4041 446 4092 nostra
467 4035 652 4093 remittuntur
672 4053 690 4092 a
715 4034 777 4092 Deo
809 4037 869 4094 sive
891 4037 1043 4112 praeterita,
1060 4039 1122 4096 sive
1142 4035 1302 4114 praesentia,
1318 4035 1380 4092 sive
1394 4033 1439 4090 fu·

235 4123 309 4186 tura,
325 4112 377 4170 sed
400 4133 451 4190 pro
466 4114 576 4173 ratione
596 4115 734 4190 temporis
758 4135 815 4191 quo
836 4115 1060 4191 committuntur,
1084 4125 1118 4176 ut
1142 4115 1286 4193 praeterita
1306 4122 1335 4171 et
1365 4133 1440 4189 prae·

237 4192 330 4250 sentia
352 4199 417 4250 actu
439 4193 629 4269 remittantur,
653 4193 749 4252 futura
775 4215 844 4254 vero
867 4214 956 4273 quum
986 4197 1112 4254 admissa
1136 4195 1241 4253 fuerint
1268 4191 1441 4251 remittenda

237 4271 295 4330 sint
309 4271 466 4329 certissima
478 4291 515 4329 ex
526 4273 579 4331 Dei
594 4275 791 4349 promissione.
824 4276 872 4333 Sic
882 4275 963 4332 salvo
974 4284 1107 4333 manente
1118 4272 1340 4334 Justificationis
1352 4278 1440 4341 statu,

237 4361 266 4408 ct
291 4349 372 4408 salve
393 4360 526 4409 manente
549 4353 744 4429 acceptatione
766 4373 904 4429 personae,
931 4361 959 4411 ct
974 4353 1140 4412 remissione
1165 4351 1292 4430 generali
1319 4350 1441 4410 delicto-

236 4449 300 4488 rum
315 4427 541 4505 commissbrum,
558 4431 707 4507 sequentia
727 4441 756 4489 et
776 4431 872 4490 future
893 4431 989 4509 quoad
1013 4433 1223 4491 absolutionem
1237 4431 1441 4508 particularem

237 4529 297 4566 non
311 4507 510 4566 condonentur
533 4517 600 4566 actu
614 4517 680 4567 ante
695 4529 792 4568 eorum
806 4511 1006 4586 patrationem,
1021 4511 1079 4570 imo
1096 4523 1162 4572 ante
1177 4519 1270 4570 actam
1285 4511 1320 4569 de
1332 4510 1368 4568 iis
1378 4529 1440 4588 poe-

236 4587 395 4658 pitantiam,
411 4586 458 4643 vel
472 4588 644 4662 generalem,
659 4586 707 4645 vel
720 4589 930 4664 particularem.

279 4662 373 4720 XIX.
398 4663 504 4722 Fateor
519 4665 542 4720 si
553 4665 704 4740 respicitur
725 4666 762 4721 ad
784 4676 916 4724 aeternum
938 4670 998 4728 Dei
1010 4671 1197 4746 propositum,
1213 4671 1243 4727 in
1265 4687 1322 4745 quo
1344 4668 1440 4726 omnia
