3146 5210
85 391 198 440 Qunsr.
214 367 271 452 nn]
512 387 552 428 nn
566 387 737 430 vocnrmuu
752 389 789 428 nr
804 390 882 430 rrns.
1233 377 1292 434 459

84 532 179 610 possit
198 551 256 589 non
276 530 317 588 sie
328 537 448 587 vocatus
469 529 562 587 Deum
584 538 735 589 vocantem
748 531 839 607 sequi,
849 539 879 589 et
889 532 1028 590 converti.
1052 532 1143 610 Cujus
1151 541 1293 609 naturam,

84 621 226 688 quantum
242 609 358 688 quidem
369 629 386 666 a
396 609 479 668 uobis
488 611 597 686 percipi
612 619 716 686 potest,
728 611 856 687 quinque
869 611 1119 688 Propositionibus
1130 614 1295 691 complecti-

85 713 162 751 mur.

124 826 129 838 ,
278 823 305 836 ,,
391 769 450 827 XI.
485 769 582 827 Prima
607 769 789 846 Propositio:
816 770 875 828 Via
904 772 1029 847 Domini,
1053 793 1109 831 nou
1133 773 1224 830 miuus
1266 773 1296 831 in

85 823 328 882 Pr¹¹¹¹³pr⁰p⁰⁵¹⁸¹²
355 847 469 925 Gratia,
485 867 570 925 quum
584 850 614 908 iu
627 851 745 908 Natura
755 859 820 908 sunt
832 858 1005 920 ὶιιξιχνίιιπι.
1033 854 1199 910 Nectnmcu
1212 854 1238 910 si
1250 873 1297 910 ca·

83 955 152 992 rum
167 933 313 1006 rabonem,
329 941 356 989 et
368 938 395 986 st
406 941 462 998 rte,
477 933 555 1006 quod
566 932 646 987 Dera
660 933 752 988 celare
762 950 812 989 nos
825 932 919 1004 uoluit,
942 933 1054 1008 assequi
1076 953 1295 1008 nonpossumus,

83 1017 159 1072 Ideo
168 1014 300 1088 negando
308 1020 356 1088 est,
367 1013 411 1071 vel
419 1012 447 1068 iu
456 1011 568 1068 dubium
579 1013 739 1069 revocanda
751 1019 844 1068 astrea
852 1010 915 1086 ι’ρεα
924 1019 957 1085 et,
971 1021 997 1066 et
1009 1020 1052 1086 tn,
1062 1015 1140 1088 quod
1147 1013 1298 1089 perspicue

82 1093 164 1153 nobis
179 1092 315 1150 traditum
330 1093 398 1151 est.''
442 1091 517 1148 Nam
531 1090 557 1148 si
569 1091 600 1148 in
616 1090 716 1148 ordine
732 1089 927 1148 Providentia
949 1091 1091 1150 rationem
1106 1093 1297 1152 Consiliorum

85 1173 154 1247 Dei,
164 1181 194 1231 et
204 1171 322 1230 modum
331 1172 475 1232 rationum
490 1171 552 1247 ejus
567 1189 668 1247 capere
679 1190 738 1229 nou
747 1189 909 1247 possumus,
922 1179 952 1228 et
966 1181 1139 1232 asarenam
1150 1191 1213 1231 csse
1228 1173 1299 1231 fate·

83 1254 113 1312 ri
128 1251 267 1329 cogimur,
291 1251 399 1326 Quidni
420 1250 508 1328 longe
529 1251 625 1326 potius
645 1250 701 1309 hoc
715 1250 828 1309 dicatur
841 1250 878 1308 de
901 1250 958 1308 viis
981 1250 1256 1328 Pracdestinationis,
1273 1260 1302 1311 et

83 1333 125 1392 de
140 1332 226 1390 modo
241 1332 351 1391 Gratiae
365 1330 489 1392 efficacis
504 1338 533 1388 et
563 1329 687 1407 Spiritus
714 1331 813 1389 Sancti
839 1331 868 1387 in
883 1329 967 1388 nobis
981 1331 1152 1407 operantis?
1172 1333 1299 1391 maxime

83 1433 155 1472 curn
170 1412 302 1471 Christus
317 1420 446 1486 testetur,
462 1410 532 1470 Joh.
547 1409 588 1468 iii.
603 1412 631 1484 8,
659 1410 798 1488 Spiritum
822 1410 910 1468 istum
933 1429 996 1468 esse
1018 1410 1109 1470 instar
1133 1414 1222 1488 venti,
1248 1413 1299 1490 qui

85 1513 145 1570 quo
159 1495 217 1552 vult
229 1492 330 1568 spirat,
346 1495 424 1567 cujus
448 1510 531 1549 sonus
552 1491 676 1565 auditur,
692 1493 743 1550 sed
754 1491 876 1549 nascitm
896 1492 1084 1565 andecanim,
1110 1513 1230 1570 necque
1249 1513 1300 1552 va-

85 1577 159 1649 dat;
183 1571 225 1632 Ut
240 1573 342 1631 innuat
356 1572 436 1630 miris
450 1579 479 1630 et
492 1569 688 1630 ineffabilibus
701 1569 796 1629 modIs
810 1571 840 1628 in
862 1570 948 1628 nobis
973 1572 1093 1647 operari,
1118 1581 1148 1631 et
1173 1574 1241 1631 licet
1254 1571 1300 1631 vis

85 1654 153 1731 ejus
166 1652 367 1731 potentissime
381 1651 529 1724 sentiatur,
545 1670 604 1708 nou
617 1670 703 1728 posse
717 1659 814 1710 tamen
828 1650 907 1708 viam
928 1650 992 1727 ejus
1015 1652 1152 1728 cognosci
1162 1661 1191 1711 et
1205 1653 1298 1729 expli-

85 1733 158 1792 cari.
201 1733 322 1790 Frustra
335 1753 405 1809 ergo
420 1739 495 1806 sunt,
511 1730 562 1807 qui
576 1730 685 1789 vellent
699 1729 755 1788 sibi
769 1739 901 1789 accurate
923 1729 1047 1789 describi
1071 1732 1245 1809 operationis
1259 1733 1298 1790 is·

85 1813 149 1871 tius
162 1812 287 1886 modurn,
303 1821 333 1872 et
347 1812 465 1890 quinam
487 1810 545 1868 sint
558 1811 654 1868 arcani
670 1810 718 1869 isti
732 1819 836 1885 motus,
852 1830 917 1887 quae
932 1821 961 1869 et
975 1819 1083 1887 quanta
1096 1812 1142 1870 vis
1157 1812 1207 1870 illa
1220 1811 1297 1891 ,flex-

87 1893 187 1950 anima
202 1891 325 1969 Spiritus
339 1891 452 1969 agentis
465 1891 496 1948 in
511 1890 646 1949 cordibus
661 1891 836 1964 Electorum,
851 1899 881 1948 et
901 1891 1008 1966 quibus
1032 1891 1170 1969 gradibus
1194 1901 1224 1950 et
1237 1912 1298 1950 mo-

87 1971 195 2030 mentis
209 1991 281 2049 opus
294 1992 378 2031 suum
391 1978 568 2049 promoveat,
585 1991 651 2028 curn
663 1971 719 2030 hoc
733 1971 930 2048 experimento
941 1971 1037 2046 potius
1051 1971 1199 2047 sentiatur,
1215 1991 1301 2049 quarn

88 2051 203 2110 ratione
215 2052 354 2128 explicari
368 2059 463 2129 queat.
506 2051 573 2109 Non
587 2070 670 2110 secus
684 2071 718 2110 ac
732 2051 835 2109 mulier
849 2050 970 2126 gravida
984 2051 1099 2128 ignorat
1119 2052 1225 2129 quibus
1239 2071 1298 2110 mo-

88 2132 136 2190 dis
150 2132 237 2190 foetus
250 2133 347 2191 vitalis
362 2130 556 2190 conformetur
569 2139 598 2190 et
611 2140 729 2189 crescat.
773 2132 928 2207 Perporam
942 2139 1038 2189 tamen
1059 2151 1096 2190 ex
1117 2132 1299 2209 ignoratione

88 2212 169 2270 modi
183 2212 214 2269 in
231 2212 379 2289 Scriptura
393 2231 450 2269 non
464 2210 593 2286 revelati,
609 2218 638 2269 et
658 2211 742 2268 nobis
753 2210 791 2268 ad
802 2211 923 2269 salutem
934 2211 1053 2287 cognitu
1074 2231 1175 2289 perum
1199 2231 1298 2270 neces·

88 2292 167 2368 sarii,
177 2292 214 2349 ad
220 2293 261 2350 rei
271 2293 362 2368 ipsius
372 2292 564 2369 negationem,
576 2311 640 2367 quae
646 2300 705 2349 tam
712 2291 787 2348 clare
793 2291 916 2350 traditur
921 2291 950 2347 in
959 2291 1115 2368 Scriptura,
1125 2292 1299 2370 proceditur.

397 2372 474 2430 XII.
519 2371 652 2430 Secundo
674 2371 857 2448 Propositi0:
881 2371 993 2430 marin
1021 2372 1138 2443 efficacis
1167 2373 1251 2431 motio
1271 2373 1301 2431 iu

105 2426 324 2530 Sccunpplorropo-
354 2453 461 2510 bomine
494 2471 551 2510 uon
580 2471 609 2508 se
639 2452 721 2510 babet
750 2453 792 2510 ad
818 2453 931 2509 modum
965 2460 1051 2525 actus,
1081 2455 1125 2510 vel
1152 2473 1302 2510 concursus

355 2541 461 2590 totamm
485 2531 652 2605 simultanci,
681 2533 732 2589 scd
759 2531 843 2589 etiam
877 2534 918 2589 ad
951 2534 1063 2590 modum
1092 2533 1236 2609 principii,
1273 2542 1300 2592 ct

83 2611 193 2687 prasii
217 2631 374 2688 concarata,
391 2632 439 2672 rau
459 2611 769 2687 proedctcrminutionis.
818 2611 980 2688 Opponitur
1009 2612 1174 2689 Pelagianis
1195 2613 1300 2671 veteri·

89 2693 146 2750 bus
168 2700 198 2750 et
221 2691 315 2766 novis,
346 2693 396 2768 qui
420 2711 590 2750 concursum
620 2711 735 2751 omnem
756 2691 898 2769 praevium
926 2700 1075 2768 negantes,
1096 2700 1155 2750 tam
1180 2692 1209 2749 in
1226 2693 1299 2750 Gra-

88 2771 139 2846 tia,
163 2791 250 2848 quam
276 2771 305 2828 iu
330 2772 448 2847 Natura,
474 2770 648 2848 pertendunt
672 2791 729 2829 non
751 2771 835 2830 aliter
859 2791 1027 2831 concurrere
1053 2771 1147 2829 Deum
1161 2771 1192 2828 in
1213 2771 1298 2846 bono,

89 2871 178 2928 quam
192 2871 243 2928 per
257 2851 374 2910 modum
385 2861 475 2926 actus,
491 2852 541 2928 qui
555 2852 680 2928 attingat
693 2851 809 2927 quidem
824 2849 967 2925 effectm,
982 2849 1106 2909 sednon
1126 2870 1251 2925 causam,
1268 2863 1300 2910 ut

90 2932 185 3007 gratia
197 2931 253 2990 Dei
267 2940 296 2990 et
309 2932 445 2992 voluntas
458 2931 583 2989 hominis
597 2931 793 3007 concipiendae
807 2931 865 2989 sint
874 2939 1011 3007 tanquam
1026 2930 1091 2988 duee
1105 2951 1199 2989 causae
1214 2931 1299 2990 sociae

90 3021 122 3069 et
136 3011 308 3070 coordinata.
323 3012 360 3070 ad
374 3011 494 3070 effectus
507 3011 733 3088 productionem,
748 3019 781 3069 ut
794 3009 852 3068 duo
867 3010 934 3087 eqni
945 3009 1068 3068 eundern
1079 3011 1225 3068 trabentes
1236 3031 1299 3069 cm·-

92 3109 165 3148 rum.
209 3091 268 3150 Sed
281 3100 313 3151 ut
326 3091 527 3150 necessitatem
542 3111 698 3150 concursus
712 3091 813 3168 praevii
828 3110 878 3148 seu
892 3089 1198 3167 praedeterminationis
1213 3091 1242 3148 in
1251 3091 1301 3149 via

92 3169 287 3231 Providentiae
301 3171 507 3247 adstruximus,
524 3172 593 3229 Loc.
609 3171 664 3230 VI.
681 3170 735 3245 Qu.
752 3191 790 3244 v.,
807 3189 870 3228 eam
895 3170 981 3228 etiam
995 3171 1082 3246 longe
1107 3170 1208 3228 fortius
1233 3170 1299 3230 reti·

90 3251 215 3310 nondam
229 3252 260 3309 in
273 3252 409 3329 operibus
423 3251 533 3311 Gratia
547 3271 705 3310 censemus.
749 3251 821 3310 Cum
836 3249 912 3308 enirn
926 3249 1061 3308 voluntas
1075 3269 1127 3327 per
1149 3259 1299 3328 peccatum

90 3351 151 3389 non
164 3331 250 3390 modo
264 3332 377 3390 infirma
391 3332 467 3390 iacta
481 3331 526 3406 sit,
543 3331 594 3390 sed
607 3331 692 3408 plane
717 3331 861 3408 impotens
874 3339 904 3388 et
927 3339 1048 3406 mortua,
1064 3338 1096 3389 ut
1111 3349 1163 3389 suo
1176 3331 1241 3389 loco
1255 3331 1298 3389 vi·

91 3431 165 3486 sum,
182 3411 251 3470 Loc.
268 3412 310 3470 X.
326 3412 362 3470 de
387 3411 452 3470 Lib.
479 3411 552 3469 Arb.
569 3411 602 3484 Q.
618 3411 657 3485 iv,
673 3419 702 3470 et
715 3411 835 3469 inferius
862 3409 957 3468 adhuc
971 3410 1139 3487 probabitur
1148 3433 1155 3487 ;
1179 3411 1300 3471 Frustra

92 3493 174 3550 Deus
188 3501 372 3552 concurreret
395 3501 508 3553 tantum
521 3509 573 3568 por
596 3490 714 3549 modum
729 3499 811 3549 actus
839 3510 890 3549 seu
913 3511 1007 3549 causae
1030 3491 1115 3550 sociae
1130 3511 1195 3550 curn
1209 3491 1301 3551 libero

92 3572 225 3631 Arbitrio
239 3571 276 3630 ad
291 3591 355 3630 earn
370 3570 612 3646 convertendam
634 3571 691 3628 nisi
705 3589 756 3646 per
770 3571 887 3628 modum
901 3570 1035 3648 principii
1049 3573 1079 3630 in
1090 3572 1183 3648 ipsam
1197 3572 1299 3630 volun·

91 3660 181 3711 tatem
195 3651 329 3712 influeret
343 3651 380 3710 ad
391 3671 454 3710 eam
468 3650 665 3710 renovandam
690 3661 719 3708 et
743 3649 955 3725 vivificandam,
979 3659 1013 3710 ut
1037 3652 1092 3710 ista
1120 3660 1259 3712 renovata
1273 3661 1302 3713 et

92 3739 158 3790 acts
172 3752 190 3790 a
205 3732 268 3790 Deo
283 3740 383 3810 ageret
394 3740 530 3810 tanquam
540 3751 635 3806 cause,
646 3749 704 3788 non
715 3731 793 3788 socia
807 3738 836 3788 et
851 3730 1026 3807 coordinata,
1042 3732 1093 3790 scd
1103 3733 1298 3808 subordinate,

91 3831 157 3886 quae
180 3831 293 3870 omnem
319 3831 401 3870 suam
423 3813 560 3871 virtutem
583 3819 612 3870 et
626 3810 781 3868 efficaciam
805 3811 937 3887 agratiss
965 3811 1077 3870 influxu
1100 3813 1204 3882 trahat,
1224 3815 1303 3887 quod

95 3889 244 3965 Scriptura
256 3911 307 3967 per
321 3892 503 3967 creationem,
518 3890 775 3969 regenerationem,
791 3891 1037 3966 resurrectionem,
1053 3901 1082 3951 et
1097 3891 1205 3948 similes
1216 3891 1300 3966 plna·

93 3987 141 4025 ses
156 3968 229 4026 solet
242 3970 403 4046 designare.
446 3973 485 4030 Et
499 3971 684 4049 Augustinus
698 3989 756 4028 non
771 3969 859 4028 semel
873 3971 1008 4043 insinuat,
1030 3978 1063 4028 ut
1077 3970 1194 4027 Euchir.
1210 3991 1234 4027 c.
1251 3973 1298 4044 32,

95 4050 114 4080 “
126 4047 269 4106 Praecedit
281 4049 358 4108 bona
371 4051 506 4111 voluntas
520 4051 611 4110 multa
624 4051 700 4108 dona
712 4050 776 4124 Dei,
789 4049 841 4108 sed
854 4070 912 4108 non
928 4051 1031 4122 omnia,
1055 4068 1120 4124 quac
1144 4049 1220 4106 enim
1243 4069 1301 4108 non

92 4125 239 4206 praeeedit,
255 4128 286 4184 in
300 4128 335 4186 iis
349 4137 393 4187 est
407 4129 498 4207 ipsa,'’
515 4141 544 4190 et
558 4131 623 4189 Lib.
639 4131 675 4189 dc
690 4129 759 4189 Gra.
776 4129 844 4188 Chr.
860 4149 921 4206 cap.
938 4133 985 4202 24,
996 4127 1074 4202 dicit,
1092 4131 1109 4160 “
1122 4129 1225 4202 Deum,
1241 4148 1299 4188 non

95 4209 184 4284 Lege,
199 4215 251 4265 aut
264 4206 395 4266 doctrina
409 4209 567 4270 forinsecus
581 4211 740 4283 insonante,
763 4209 813 4268 scd
828 4209 941 4268 interna
965 4215 1050 4283 atque
1076 4206 1196 4280 occulta,
1216 4209 1301 4267 mira-

92 4288 145 4346 bili
159 4295 190 4346 et
204 4285 343 4345 ineffabili
356 4297 507 4365 potestate,
524 4290 635 4366 operari
648 4290 678 4346 in
693 4290 828 4348 cordibus
848 4287 1006 4360 hominum,
1031 4306 1090 4345 non
1110 4287 1201 4346 solum
1217 4308 1301 4348 veras

92 4366 298 4435 revelationes,
314 4368 365 4426 sed
380 4368 466 4426 etiarn
480 4370 571 4427 bonas
585 4369 779 4428 voluntates.”
803 4369 851 4427 Sic
867 4368 956 4444 Hugo
972 4366 1007 4425 de
1024 4367 1053 4426 S.
1069 4366 1165 4426 Victo.
1182 4366 1218 4424 de
1234 4368 1298 4428 Sao.

93 4447 188 4522 Fidei,
206 4448 224 4479 “
236 4447 338 4506 Gratia
352 4449 511 4526 reparatrix
532 4449 639 4526 aspirat
659 4449 751 4527 primo
773 4449 878 4507 bonam
893 4448 1073 4506 voluntatem
1088 4455 1120 4505 ut
1133 4447 1178 4520 sit,
1196 4445 1300 4508 deinde

93 4528 216 4605 inspirat
230 4547 303 4602 eam,
318 4535 351 4586 ut
365 4537 533 4605 moveatur,
555 4529 647 4606 primo
661 4536 795 4607 operatur
808 4548 881 4604 earn,
897 4527 1001 4586 deinde
1021 4548 1073 4605 per
1086 4528 1178 4586 eam.”

400 4608 495 4667 XIII.
517 4608 614 4668 Tertia
629 4608 806 4686 Propositio:
826 4610 863 4666 Ut
886 4609 1027 4667 conversio
1040 4609 1089 4666 sub
1104 4608 1210 4684 duplici
1225 4611 1305 4672 σχίσει

357 4689 482 4764 spectari
489 4691 682 4765 potabimini
694 4689 849 4765 habitualis,
865 4691 909 4746 vel
928 4698 959 4745 ut
978 4689 1104 4763 actualis,
1127 4689 1176 4745 Ad
1194 4694 1302 4746 utrom-

94 4663 178 4708 'I'ortla
191 4663 337 4721 Proposltlo.
