3146 5210
126 355 252 406 eumer.
267 333 324 417 nx]
555 357 594 397 ns
609 357 778 400 vocenrons
794 358 831 399 nr
846 358 924 399 runs.
1291 348 1349 406 lt?

125 497 243 574 ligendi
264 505 293 556 et
314 496 432 556 volendi
452 497 536 574 plane
565 499 671 557 amissa
694 506 752 575 cst;
775 520 840 577 ques
862 501 978 558 restitui
995 521 1053 558 non
1082 511 1177 578 potest
1198 503 1344 580 objectiva

126 587 245 636 tantum
272 577 403 636 veritatis
425 579 629 655 propositione,
657 579 708 638 sed
735 581 843 638 realem
867 581 983 638 virtutis
1004 579 1178 642 infusionem
1205 585 1342 660 postulat.

130 657 239 716 Dicere
253 657 309 731 hie,
325 667 358 716 ut
372 659 473 716 volunt
488 659 652 718 liemonstr.
678 667 707 718 et
728 659 786 734 alii,
803 667 910 718 statum
924 661 1083 736 peccatoris
1096 681 1148 737 per
1162 672 1278 722 mortem
1292 665 1342 724 de·

129 737 230 813 scribi,
246 755 304 794 non
319 745 377 795 tam
392 737 429 794 ad
443 738 641 815 impotentiam
656 739 728 815 ejus,
747 759 835 815 quam
856 739 893 797 ad
917 740 981 816 ejus
995 739 1203 816 negligentiam
1218 751 1247 800 et
1260 743 1340 804 ineu·

130 818 207 875 riam
231 816 395 892 notandam,
417 826 456 876 ut·
469 819 552 876 surdi
577 827 606 877 et
630 819 696 877 caeei
713 819 757 875 illi
771 819 906 878 dicuntur
920 839 1005 895 saepe,
1021 821 1140 896 quinon
1153 822 1274 881 audiunt
1289 844 1342 883 noc

130 897 244 970 vident,
260 897 307 955 vel
321 897 371 972 qui
392 898 494 956 nolunt
516 899 615 956 audire
630 898 678 956 vel
691 897 799 972 videre,
815 898 886 958 licet
898 899 1019 975 possint,
1044 901 1139 976 posito
1153 903 1341 964 antecedente

130 996 185 1053 pro
200 977 395 1053 consequenti,
411 977 479 1052 quia
492 979 599 1036 mortui
613 987 642 1037 et
656 978 725 1036 caeci
739 977 811 1034 nihil
825 988 924 1055 agunt,
948 978 1025 1052 Quid
1038 989 1091 1055 est,
1112 981 1168 1038 nisi
1188 983 1343 1060 Scriptura¹

127 1057 190 1114 vim
204 1055 307 1130 faeere,
323 1065 352 1114 ct
366 1057 542 1132 emphaticas
553 1058 722 1123 locutiones,
738 1077 810 1133 quas
821 1059 978 1118 identidem
988 1059 1025 1117 ad
1034 1061 1261 1138 magnitudinem
1277 1083 1338 1122 cor·

130 1135 276 1212 ruptionis
289 1143 395 1194 nostre
415 1136 633 1198 describendam
647 1137 783 1196 adhibere
798 1139 879 1212 solet,
896 1139 926 1195 in
940 1159 1033 1197 meras
1047 1140 1221 1217 hyperbolae
1237 1153 1340 1219 praeter

128 1235 246 1274 omnem
266 1217 406 1274 rationem
427 1220 562 1276 mutare?
604 1217 719 1294 Ecquid
739 1217 816 1275 enim
837 1219 922 1276 toties
936 1229 1108 1296 proponeret
1129 1221 1213 1280 nobis
1237 1243 1338 1299 pecea-

129 1304 232 1370 torem,
255 1303 288 1354 ut
308 1297 393 1373 plane
408 1306 492 1364 sativi,
515 1299 690 1373 irrmoteutem
714 1304 743 1354 et
770 1297 881 1356 viribus
903 1298 1081 1374 destitutum,
1102 1301 1152 1376 qui
1173 1321 1226 1360 nec
1247 1305 1340 1379 possit

129 1376 287 1452 quicquam
301 1377 363 1434 veri
377 1395 559 1452 cognoscere,
577 1377 625 1436 vel
638 1377 708 1435 boni
724 1385 868 1453 praestare,
890 1378 915 1436 si
940 1379 994 1436 boc
1017 1397 1129 1455 semper
1143 1400 1231 1457 penes
1244 1383 1339 1459 ipsum

127 1464 173 1514 est
194 1456 329 1532 positum,
352 1463 381 1514 ct
401 1476 502 1514 revera
516 1467 541 1511 ts
554 1468 597 1512 τῆ,
609 1466 715 1533 ἐφ’-ὁμῇ,
737 1457 778 1514 ita
792 1464 896 1515 utnon
911 1457 986 1516 desit
999 1459 1083 1516 nobis
1108 1461 1252 1537 capacitas
1267 1483 1336 1539 cog-

132 1534 270 1594 noscendi
282 1535 332 1594 sed
346 1543 459 1594 tantum
473 1536 600 1613 cognitio
617 1536 747 1610 actualis,
760 1556 813 1594 uec
822 1535 944 1596 facultas
958 1547 1043 1614 egeat
1051 1540 1153 1615 gratia,
1165 1561 1229 1616 quae
1238 1551 1339 1618 poten-

130 1616 204 1674 tiam
224 1615 271 1672 vel
287 1616 476 1692 capacitatem
490 1617 576 1674 istam
590 1616 696 1692 agendi
717 1615 853 1690 conferat,
870 1616 922 1674 sed
936 1626 1048 1676 tantum
1062 1638 1127 1694 quae
1142 1639 1205 1677 eam
1230 1622 1338 1682 excitet

131 1715 182 1773 per
202 1695 310 1772 objecti
318 1695 565 1772 propositionem?
606 1697 676 1770 Quis
691 1715 833 1753 veronen
847 1695 929 1755 videt
940 1697 981 1754 sic
996 1698 1147 1756 veritatem
1157 1700 1267 1776 peccati
1282 1703 1338 1759 ori-

131 1774 236 1850 ginalis
245 1775 274 1832 in
288 1775 437 1853 Scriptura
450 1775 593 1850 traditam,
610 1783 639 1833 et
653 1784 818 1834 constanter
831 1775 861 1832 in
877 1777 1009 1834 Ecclesia
1023 1777 1169 1852 creditam,
1185 1779 1289 1838 mirum
1303 1780 1334 1838 in

131 1854 248 1912 modum
263 1855 409 1914 obscurari
425 1864 454 1914 et
467 1855 607 1931 infringi?

171 1933 282 1993 XXX.
305 1935 428 1994 Accedit
442 1935 529 2012 quod,
545 1955 611 1994 cum
625 1943 737 1993 constet
747 1934 858 1993 nullum
870 1935 1016 2012 objectum
1026 1957 1151 2013 unquam
1165 1959 1335 2000 concurrere

130 2012 169 2071 ad
182 2013 359 2072 formandam
373 2023 402 2074 et
413 2015 621 2092 disponendam
630 2014 796 2073 facultatem
807 2035 888 2073 suam
897 2015 989 2074 adsui
1000 2017 1168 2076 exercitium
1180 2040 1187 2094 3
1210 2018 1336 2077 sedeam

131 2101 274 2170 supponat
287 2094 455 2172 dispositam
467 2102 496 2154 et
509 2095 564 2153 rite
578 2095 773 2168 constitutam,
794 2093 937 2170 siquidem
958 2115 1016 2153 non
1039 2104 1135 2172 potest
1149 2117 1235 2174 agere
1248 2099 1279 2156 in
1294 2099 1308 2156 f
1325 2133 1334 2144 ·

130 2173 274 2249 cultatem,
290 2173 346 2233 nisi
359 2193 411 2252 per
424 2174 515 2252 ipsius
529 2173 675 2234 facultatis
696 2174 755 2231 vim
769 2174 1008 2251 apprehensivam
1019 2195 1037 2233 a
1050 2195 1108 2252 qna
1128 2177 1290 2254 recipiatur,
1307 2188 1336 2238 et

129 2272 193 2330 que
217 2261 286 2330 agat
305 2253 336 2312 in
357 2255 451 2332 ipsum
475 2274 541 2314 cum
561 2254 744 2332 proportione
765 2253 870 2328 debita,
886 2273 951 2332 quse
964 2255 1012 2314 hic
1028 2255 1201 2332 requiritur,
1220 2257 1334 2332 Qualis-

130 2353 243 2410 eunque
267 2333 318 2392 fiat
331 2334 437 2410 objecti
451 2335 608 2412 propositio
623 2335 654 2391 in
668 2341 771 2409 mente,
786 2334 867 2392 irrita
881 2353 994 2412 semper
1004 2333 1100 2394 futura
1120 2344 1172 2412 est,
1188 2337 1245 2396 nisi
1266 2359 1332 2396 con-

130 2413 252 2489 cipiatur
263 2414 326 2490 jam
350 2413 387 2472 ad
408 2413 439 2472 id
461 2413 609 2491 disposita,
632 2433 691 2472 non
702 2414 801 2490 utique
820 2433 872 2490 per
894 2414 1032 2490 Verbum,
1048 2415 1157 2492 dequo
1170 2417 1334 2494 recipiendo

133 2492 238 2569 agitur,
264 2492 316 2551 sed
329 2513 380 2570 per
403 2493 545 2553 actionem
573 2493 768 2552 immediatam
792 2493 925 2571 Spiritus,
942 2495 991 2571 qui
1006 2495 1171 2556 facultatem
1184 2507 1333 2574 praeparet.

133 2571 207 2630 Nam
221 2572 246 2630 si
259 2592 305 2631 res
319 2593 377 2631 non
390 2581 487 2652 potest
500 2574 612 2651 operari
626 2581 780 2650 antequam
795 2574 841 2650 eit,
857 2582 886 2634 et
900 2575 992 2632 omnis
1006 2583 1089 2634 actus
1110 2576 1253 2635 sccundus
1268 2597 1334 2653 sup-

129 2651 210 2729 ponit
222 2651 365 2731 primum;
388 2653 538 2729 Quomodo
552 2655 644 2712 homo·
659 2661 794 2730 peccator
813 2655 919 2730 poterit
939 2663 1036 2713 actum
1059 2654 1128 2714 fidei
1155 2657 1204 2714 vel
1227 2657 1334 2714 amoris

128 2732 239 2807 elicere,
261 2732 319 2792 nisi
331 2733 411 2811 prius
424 2733 605 2812 principium,
621 2741 650 2792 et
662 2732 793 2792 habitum
808 2753 859 2793 seu
878 2733 1095 2810 dispositionem
1116 2735 1254 2793 moralem
1273 2757 1333 2794 cre-

128 2811 215 2871 dendi
229 2821 258 2872 et
272 2813 395 2887 amandi,
418 2833 504 2890 quam
519 2833 570 2890 per
583 2821 733 2891 peceatum
754 2813 858 2888 amisit,
880 2813 1042 2890 receperit?
1084 2813 1155 2888 Quis
1169 2814 1276 2873 dixerit
1291 2815 1305 2872 f
1320 2849 1331 2860 ·

128 2893 263 2952 cultatem
278 2911 363 2969 agere
378 2892 482 2952 debere
496 2901 529 2952 nt
539 2903 694 2952 renovetur
713 2913 747 2950 ac
767 2896 976 2969 regeneretur?
1017 2893 1126 2951 Annon
1139 2894 1235 2970 potius
1249 2913 1331 2952 reno-

129 2973 191 3030 vari
205 2980 234 3031 et
244 2973 407 3050 regenerari
421 2971 508 3032 debet
521 2973 601 3050 prius
623 2981 656 3031 ut
676 2980 753 3050 agat,
779 2991 844 3030 cum
868 2971 942 3029 nibil
963 2972 1033 3030 boni
1055 2991 1142 3048 agere
1160 2974 1252 3050 possit
1276 2975 1332 3032 nisi

129 3052 281 3128 regenita?
322 3053 443 3112 Frustra
461 3053 509 3111 hic
522 3052 678 3111 recurritur
698 3051 735 3110 ad
756 3051 922 3110 facultatem
943 3051 1111 3126 naturalem,
1133 3071 1198 3128 quae
1219 3071 1332 3130 semper

127 3131 218 3208 possit
232 3133 376 3210 objectum
391 3132 520 3192 oblatum
534 3132 669 3209 recipere,
691 3138 722 3190 et
745 3139 813 3208 apta
832 3138 900 3189 nata
915 3130 953 3190 sit
967 3151 1005 3189 ex
1026 3151 1057 3189 se
1078 3131 1115 3189 ab
1139 3131 1190 3188 illo
1210 3133 1330 3190 moveri.

129 3211 202 3286 Quia
215 3211 284 3272 licet
297 3213 389 3290 possit
398 3231 511 3290 semper
519 3212 680 3288 intelligere
690 3219 719 3271 et
728 3211 804 3270 velle
815 3209 911 3287 quoad
925 3219 951 3265 st
961 3216 1021 3286 aa,
1037 3219 1066 3270 et
1075 3211 1104 3268 in
1114 3230 1219 3288 genere
1229 3211 1330 3286 Entis;

127 3291 200 3350 nibil
213 3299 309 3351 tamen
323 3299 419 3370 potest
429 3291 525 3370 quoad
540 3299 566 3346 st
578 3298 602 3347 ut
614 3298 666 3347 usa
680 3291 710 3349 in
722 3310 827 3368 genere
841 3290 929 3348 moris
943 3290 992 3349 vel
1005 3291 1068 3348 veri
1082 3309 1256 3367 cognoscere
1282 3292 1330 3350 vel

126 3371 195 3430 boni
208 3379 353 3449 praetere,
369 3380 486 3450 propter
500 3372 685 3449 congenitum
699 3369 963 3449 peccati-habitum,
982 3379 1012 3428 et
1020 3370 1159 3428 invictam
1172 3370 1208 3428 ad
1223 3371 1332 3430 malum

126 3451 333 3529 impotentiam.
377 3452 479 3530 Itaque
494 3472 528 3510 eo
543 3450 755 3510 deveniendum
777 3459 829 3526 est,
854 3459 887 3509 ut
911 3451 959 3508 vel
980 3459 1103 3528 negetur
1125 3469 1190 3509 eum
1211 3451 1332 3529 Pelagio

125 3531 223 3590 totalis
238 3531 407 3592 facultatum
417 3540 580 3591 nostrarum
601 3531 754 3608 corruptio,
767 3539 797 3590 ct
810 3529 849 3588 ad
868 3530 976 3588 bonum
997 3530 1174 3607 impotentia,
1189 3539 1222 3590 ut
1236 3532 1333 3590 anima

126 3612 218 3689 possit
231 3632 318 3690 agere
332 3612 363 3670 in
377 3613 508 3672 Verbum
528 3611 652 3688 propriis
672 3609 784 3669 viribus
798 3609 835 3668 ad
849 3611 1063 3686 agnoscendam
1083 3611 1252 3687 veritatem
1274 3611 1332 3670 Vel

125 3702 300 3768 agnoscatur
313 3692 470 3752 necessitas
486 3692 595 3752 Gratiae
609 3691 733 3767 alicujus
751 3690 924 3748 imnredtatae
945 3699 974 3749 et
995 3690 1173 3768 subjectivae,
1196 3709 1254 3768 qua
1274 3692 1332 3749 dis-

99 3815 102 3820 ,
126 3781 248 3848 ponatur
261 3773 299 3831 ad
314 3773 405 3831 Verbi
419 3773 621 3850 receptionem.

167 3850 296 3909 XXXI.
318 3853 443 3911 Tantum
468 3854 550 3911 abest
565 3871 641 3926 vero,
668 3857 700 3908 ut
720 3849 850 3908 Verbum
874 3851 964 3908 menti
989 3857 1130 3925 corruptae
1152 3849 1331 3925 propositum

127 3928 219 4004 possit
232 3949 295 3986 eam
308 3950 434 4006 movere,
444 3933 492 3991 vel
507 3929 710 4009 apreejudiciis
721 3929 842 3988 liberare
855 3951 861 4004 ;
884 3937 917 3987 ut
929 3929 1060 3986 Verbum
1070 3929 1163 4004 ipsum
1175 3927 1200 3984 si
1210 3945 1269 3985 non
1279 3947 1331 4004 per

129 4027 168 4080 se,
195 4007 296 4066 saltem
315 4029 367 4086 per
387 4011 529 4087 accidens,
554 4011 609 4069 ista
633 4009 802 4087 praejudicia
824 4009 980 4081 confirmet,
1003 4015 1032 4064 et
1062 4013 1175 4082 augeat.
1218 4006 1331 4084 Quippe

130 4085 258 4143 Verbum
280 4089 373 4148 crucis
397 4091 506 4148 homini
536 4090 653 4149 animali
681 4088 878 4166 praedicatum,
905 4095 948 4145 est
972 4087 1138 4143 scandalum
1157 4095 1185 4141 et
1203 4087 1329 4162 stultitia,

127 4184 166 4226 er
188 4165 288 4242 Paulo,
313 4169 409 4228 lCor.
428 4170 446 4227 i.
472 4174 519 4245 23,
544 4173 561 4204 ‘⁴
574 4169 768 4227 Praedicamus
784 4168 930 4226 Christum
958 4164 1136 4236 crucifixum,
1162 4163 1331 4222 scandalum

127 4243 250 4322 Judaeis,
264 4248 415 4307 stultitiam
441 4248 580 4308 Graecis.'’
633 4249 680 4324 Et,
709 4249 805 4306 lCor.
827 4247 857 4305 ii.
888 4247 933 4318 14,
966 4245 983 4274 “
996 4243 1092 4301 Homo
1118 4243 1250 4301 animalis
1274 4263 1332 4302 non

126 4325 204 4402 capit
227 4345 262 4383 ea
280 4347 345 4406 quae
373 4336 440 4387 sunt
470 4329 593 4405 Spiritus
636 4329 700 4402 Dei,
729 4328 797 4404 quia
821 4327 864 4383 illi
890 4331 957 4382 sunt
976 4322 1118 4397 stultitia;
1147 4341 1201 4380 nee
1232 4331 1329 4399 potest

129 4425 164 4464 ea
178 4425 287 4482 capere,
304 4407 372 4484 quia
396 4407 582 4484 spiritualiter
596 4407 793 4484 dijudicantur
803 4405 830 4464 :’'
874 4403 933 4463 Ubi
944 4402 1038 4460 innuit
1051 4402 1220 4479 mysterium
1236 4403 1332 4461 liven-

128 4484 207 4563 gelii,
243 4487 323 4562 quod
349 4507 367 4544 a
400 4487 509 4564 Spiritu
545 4488 651 4546 Sancto
680 4486 849 4564 proponitur
882 4503 933 4560 per
968 4483 1059 4541 Verbi
1093 4483 1268 4558 praeconium
1301 4492 1335 4543 ut

127 4585 241 4625 summa
266 4566 323 4625 Dei
345 4565 492 4644 sapientia,
514 4575 628 4643 atquae
652 4567 719 4626 talis
744 4573 788 4624 est
801 4565 905 4641 reipsa,
928 4562 965 4620 ab
992 4561 1108 4621 homine
1136 4562 1253 4620 animali
1276 4583 1333 4623 non

126 4646 183 4706 alio
211 4646 276 4705 loco
304 4646 413 4724 haberi,
430 4666 516 4724 quam
540 4666 647 4706 meram
669 4645 830 4721 stultitiam,
854 4643 983 4720 adeoque
1008 4643 1044 4702 ab
1069 4661 1104 4702 eo
1118 4641 1199 4720 rejici
1221 4651 1253 4702 ut
1272 4663 1333 4702 rem
