3192 5206
272 357 329 413 362
662 369 754 411 rocus
778 369 907 409 uncinus
929 369 1073 417 11111111.
1289 351 1485 432 [1111111.

269 513 368 578 menti,
381 514 431 590 qni
446 513 475 570 in
490 532 555 572 eum
569 512 656 571 finem
667 531 685 568 a
699 510 813 569 Christo
838 508 896 568 sint
909 509 1044 568 instituti.
1087 509 1160 568 Nam
1175 529 1229 568 nec
1242 510 1481 572 benedictionem

268 601 298 650 et
312 592 530 651 decimationem
554 612 639 668 possa
662 591 816 648 discrimen
839 588 917 646 istud
941 588 1122 664 constituere,
1138 609 1203 648 cum
1226 597 1348 668 utraque
1362 592 1480 651 1111111

270 671 474 730 Sacerdotibus
490 671 637 745 Leviticis,
653 689 706 728 nec
721 670 784 745 ejus
798 667 938 725 unitatem
959 675 989 726 et
1011 669 1200 727 successionis
1225 672 1391 746 carentiam,
1408 673 1479 749 quin

268 757 297 808 et
321 750 410 810 Abali
434 771 518 810 nemo
538 751 710 810 successisse
730 748 845 823 legitur,
865 767 919 805 nec
940 747 1012 805 Jobi
1036 755 1085 806 1111
1100 748 1172 806 Elia
1187 768 1280 825 genus
1297 761 1478 810 recensetur.

270 829 329 888 Sed
342 830 448 889 frustra
462 842 529 890 eunt
548 831 598 906 qui
621 829 661 887 ita
682 827 896 886 ratiocinantur.
932 829 958 884 1.
981 826 1054 898 Quia
1078 827 1147 886 licet
1160 828 1224 904 ista,
1236 846 1301 905 quac
1316 829 1477 889 Melchise-

268 908 339 968 dcco
361 911 533 984 tribuuntur,
556 916 674 986 possent
698 906 813 963 divisim
836 906 866 962 in
887 905 952 962 aliis
966 905 1097 981 inveniri,
1112 907 1245 984 nuspiam
1259 917 1357 966 tamen
1371 909 1429 966 nisi
1445 911 1476 968 in

183 1015 188 1024 ·
265 988 329 1066 ipso
352 990 528 1066 conjunctim
550 986 810 1064 deprehenduntur.
852 989 880 1043 2.
902 985 1080 1059 Benedictio,
1101 994 1130 1044 et
1154 985 1307 1046 decimatio
1321 989 1350 1045 in
1367 1007 1476 1064 genere

266 1069 404 1144 pertinuit
418 1068 504 1126 etiam
519 1067 556 1126 ad
574 1066 742 1126 Sacerdotes
768 1064 922 1138 Leviticae,
939 1064 990 1122 scd
1003 1084 1062 1122 non
1073 1084 1107 1122 eo
1121 1065 1215 1140 modo,
1231 1085 1289 1142 quo
1303 1067 1476 1127 tribuuntur

267 1147 488 1222 Melchisedeco,
502 1147 570 1218 dnm
585 1147 679 1224 ipsum
691 1145 898 1217 Abrahamum,
911 1153 940 1202 at
950 1144 980 1200 in
994 1163 1028 1201 eo
1044 1144 1162 1202 Levites
1177 1145 1254 1220 ipsos
1268 1145 1429 1205 decimasse
1443 1160 1475 1207 et

265 1226 457 1300 benedixisse,
473 1235 505 1284 ut
520 1228 649 1302 superior
661 1225 819 1298 inferiores,
835 1224 947 1282 dicitur.
970 1226 998 1282 3.
1013 1222 1090 1280 Abel
1100 1243 1158 1282 non
1172 1232 1267 1300 potest
1280 1225 1338 1283 dici
1352 1228 1472 1308 rising,

264 1305 373 1387 ipsisne,
399 1305 600 1380 humatam,
620 1325 673 1364 nec
694 1304 767 1363 Jobi
781 1313 809 1362 et
834 1303 907 1360 Ettae
930 1321 1022 1378 genus
1035 1303 1166 1362 absolute
1181 1305 1325 1379 reticetur,
1350 1317 1472 1382 prseter-

265 1405 351 1462 quam
367 1387 444 1462 quod
458 1387 507 1444 isti
521 1407 579 1444 non
594 1385 710 1443 fuerunt
724 1382 895 1456 sacerdotes,
911 1380 947 1440 de
962 1382 1067 1457 quibus
1077 1383 1125 1440 hic
1139 1383 1243 1458 agitur.

263 1505 304 1548 A,
324 1505 415 1549 dentur·
432 1505 506 1550 must,
568 1465 657 1523 XVI.
682 1463 740 1521 Sed
764 1462 913 1519 videamus
939 1461 1067 1536 ulterius,
1092 1480 1179 1538 quam
1200 1463 1274 1520 falso
1297 1461 1472 1523 obtrudatur

292 1563 434 1608 Sacerdotes
471 1577 506 1608 ss·
527 1544 718 1603 sacerdotium
741 1541 858 1617 aliquod
881 1541 957 1598 Novi
974 1541 1151 1600 Testamenti
1165 1542 1322 1600 secundum
1337 1543 1469 1602 ordinem

291 1622 400 1664 cundum
444 1623 506 1692 ⁰fdi·
528 1622 742 1696 Melchisedeci,
759 1619 837 1696 quod
850 1629 1019 1678 exerceatur
1031 1640 1049 1677 a
1063 1621 1206 1679 Ministris
1217 1621 1324 1680 Christi
1333 1621 1362 1678 in
1375 1623 1470 1682 Sacri-

290 1693 345 1782 ἓξὲξ
352 1737 361 1780 3
378 1679 504 1795 {lssffiss‘
524 1704 590 1763 ficio
605 1702 765 1761 Missatico.
794 1700 860 1758 Hoc
874 1719 943 1757 vero
954 1719 1012 1758 non
1023 1700 1144 1758 obscure
1155 1701 1301 1777 colligitur
1315 1720 1352 1758 ex
1368 1704 1467 1762 variis.

524 1783 630 1857 Primo,
646 1782 715 1858 quia
728 1781 758 1838 in
772 1800 806 1838 eo
821 1780 974 1838 discrimen
986 1780 1169 1838 constituitur
1183 1781 1219 1837 ab
1234 1781 1377 1856 Apostolo
1392 1783 1469 1840 inter

263 1861 461 1920 Sacerdotium
485 1863 647 1920 Leviticum
669 1870 699 1920 et
728 1858 1040 1934 Melchisedecianum;
1065 1859 1144 1934 quod
1158 1859 1201 1916 illi
1225 1859 1342 1936 quidem
1368 1861 1466 1937 plnres

259 1950 364 2015 essent,
380 1949 440 1999 tam
454 1941 548 2017 simul,
564 1960 650 2018 quam
665 1939 846 2012 succcesive;
870 1938 931 1996 Ista
952 1957 1022 1996 vero
1046 1939 1148 1997 unicus
1162 1939 1208 2013 sit,
1224 1939 1275 2016 qui
1287 1957 1340 1998 nec
1355 1942 1467 1998 sociam

259 2019 360 2078 debuit
373 2021 487 2094 habere,
510 2040 564 2078 nec
584 2038 786 2092 successorem,
811 2018 877 2075 “Et
901 2017 944 2074 illi
966 2017 1111 2093 quidem,''
1137 2018 1230 2096 inquit
1255 2019 1369 2094 Apost,
1388 2019 1465 2079 Heb.

258 2098 309 2156 vii.
325 2102 372 2173 23,
389 2103 436 2172 24,
461 2100 587 2176 “plures
610 2107 691 2158 erant
711 2099 799 2174 juxta
822 2097 939 2174 Legem,
965 2097 1033 2172 quia
1046 2117 1097 2174 per
1117 2105 1238 2155 mortem
1253 2117 1310 2156 non
1331 2111 1467 2174 poterant

259 2177 371 2250 dirrare,
394 2177 445 2236 sed
459 2178 514 2236 iste
528 2179 596 2254 quia
618 2179 647 2236 in
674 2186 811 2236 aeternum
839 2185 943 2250 manet,
960 2175 1152 2234 sacerdotium
1165 2177 1253 2235 habet
1266 2174 1464 2258 dragdssm,''

259 2256 338 2332 qnod
352 2275 420 2314 sane
435 2256 493 2314 dici
506 2277 564 2314 non
579 2266 684 2333 posset,
701 2257 726 2315 si
742 2256 939 2314 Sacerdotium
956 2256 1360 2333 Melchisedecianumplures
1374 2259 1465 2318 habe-

258 2344 302 2393 ret
316 2336 451 2393 mortales
465 2344 494 2394 et
507 2336 636 2394 infirmos
651 2335 814 2396 sacerdotes
837 2335 893 2393 sibi
917 2335 1111 2411 succedentes,
1135 2354 1194 2393 non
1208 2355 1291 2395 secus
1311 2357 1345 2394 ac
1362 2339 1464 2396 Sacer-

259 2413 370 2472 dotium
383 2415 553 2473 Leviticum.

298 2493 405 2550 XVII.
428 2493 488 2551 Nec
500 2493 586 2570 juvat
599 2494 647 2552 hic
661 2511 797 2569 reponere
819 2511 884 2550 cum
906 2492 1042 2550 Bellarm.
1057 2493 1107 2553 lib.
1125 2497 1151 2552 1.
1167 2495 1203 2552 de
1218 2494 1317 2568 Missa,
1334 2515 1396 2573 cap.
1412 2499 1462 2572 25,

261 2571 416 2630 “Paulum
430 2573 546 2649 quidem
562 2572 716 2631 excludere
728 2571 892 2630 secerdotes
913 2571 1042 2648 ejusdem
1058 2573 1166 2631 ordinis
1181 2583 1209 2632 et
1234 2574 1393 2652 dignitatis,
1410 2577 1464 2634 sed

257 2652 492 2712 nonsaoerdotcs
515 2652 672 2728 inferiores,
689 2651 740 2728 qui
764 2660 895 2728 respectu
911 2651 1019 2709 Christi
1034 2652 1091 2710 sint
1105 2653 1199 2730 reipsa
1222 2653 1358 2712 Ministri.
1401 2655 1460 2714 Nc-

256 2732 364 2790 minem
385 2732 503 2808 quidem
518 2733 672 2792 succedere
693 2751 777 2809 posse
799 2732 914 2790 Christo
939 2731 969 2788 in
984 2730 1085 2789 eodem
1110 2733 1218 2808 ordine,
1247 2733 1316 2808 qnia
1329 2734 1405 2792 vixit
1430 2735 1462 2793 in

257 2821 403 2886 aeternum,
415 2812 467 2871 sed
476 2812 549 2870 nihil
559 2813 674 2871 obstare
683 2812 836 2888 quominus
847 2812 901 2870 sub
911 2810 962 2869 illo
972 2811 1221 2887 aliiinstituantur,
1237 2822 1270 2871 ut
1280 2814 1462 2890 ejusVicarii

256 2900 286 2950 ct
301 2892 436 2966 Ministri‚
453 2901 485 2951 ut
505 2893 574 2952 licet
599 2892 731 2951 Christus
746 2892 783 2951 sit
797 2892 899 2951 unicus
911 2891 1015 2948 Pastor
1035 2901 1064 2949 et
1089 2891 1199 2950 Doctor
1219 2902 1324 2966 noster,
1352 2893 1459 2953 Matth.

256 2971 339 3030 xxiii.
362 2974 390 3046 8,
412 2982 533 3049 possunt
554 2982 651 3031 tamar
673 2973 734 3032 sine
749 2973 812 3050 ejus
836 2970 1004 3049 praejudicio
1028 2970 1078 3027 alii
1097 2971 1237 3029 Doctores
1260 2971 1409 3031 inferiores
1431 2984 1461 3032 et

256 3051 391 3110 Pastcrcs
412 3052 503 3111 dari.'’
548 3056 573 3110 1.
597 3053 671 3127 Quia
694 3053 756 3110 haec
771 3051 917 3109 distinctio
932 3057 1033 3127 aperte·
1043 3051 1073 3106 in
1087 3069 1120 3108 os
1131 3050 1301 3109 contradicit
1316 3053 1459 3128 Apostolo

255 3130 370 3206 dicenti,
388 3131 464 3190 Heb.
480 3133 530 3191 vii.
546 3136 594 3206 24,
626 3132 824 3190 Sacerdotium
839 3130 946 3188 Christi
960 3149 1022 3188 esse
1049 3127 1223 3210 etrapit-ro,
1239 3131 1277 3188 id.
1300 3151 1358 3190 non
1372 3132 1458 3190 modo

254 3219 434 3287 perpetuum,
460 3212 511 3269 sed
525 3210 604 3288 quod
618 3212 655 3268 ad
669 3212 755 3269 alium
777 3231 836 3270 non
850 3210 942 3286 possit
962 3211 1126 3268 transmitti.
1155 3211 1198 3269 At
1213 3211 1237 3268 si
1251 3211 1348 3287 plures
1362 3221 1459 3270 esseut

258 3290 428 3348 Sacerdotes
454 3291 624 3364 secundarii,
650 3290 789 3348 haberent
811 3289 1002 3348 sacerdotium
1027 3290 1229 3366 participatum
1251 3311 1269 3348 a
1291 3290 1406 3348 Christo
1420 3291 1458 3349 ad

255 3367 334 3443 ipsos
362 3369 570 3427 transmissum.
614 3373 641 3427 2.
670 3369 825 3444 Repugnat
849 3369 935 3426 etiam
965 3376 1055 3444 typo,
1079 3370 1153 3427 Nam
1170 3370 1368 3428 Sacerdotium
1383 3370 1456 3429 Mel-

255 3445 399 3504 chisedeci
408 3446 465 3504 tale
477 3446 539 3522 fuit,
552 3457 584 3505 ut
598 3447 693 3505 nullos
704 3447 836 3505 habuerit
850 3447 1010 3522 adjunctos,
1022 3448 1083 3505 sive
1098 3457 1130 3506 ut
1145 3469 1332 3525 successores,
1350 3449 1411 3508 1111
1425 3459 1458 3510 111

255 3524 397 3597 Vicarios,
414 3533 443 3582 et
459 3526 630 3584 Sacerdotes
642 3525 833 3598 secundarios,
850 3525 945 3582 sedin
967 3545 1025 3584 uno
1041 3527 1253 3587 Melchiscdcco
1267 3528 1353 3588 fuerit
1367 3529 1457 3588 inclu-

255 3621 328 3676 sum,
344 3602 463 3661 excluso
477 3605 607 3680 quolibet
617 3605 684 3663 alio.
707 3604 778 3664 Cum
788 3624 857 3680 ergo
868 3605 998 3663 Christus
1013 3607 1050 3664 sit
1063 3607 1203 3666 Sacerdos
1215 3608 1371 3667 secundum
1381 3609 1456 3666 ordi·

256 3701 322 3739 nem
335 3681 549 3757 Melchisedeci,
565 3683 651 3742 debet
671 3703 734 3742 esse
749 3684 859 3758 unicus,
874 3693 906 3742 ut
920 3704 1004 3743 nemo
1027 3686 1079 3763 ipsi
1104 3687 1134 3744 in
1158 3688 1213 3745 hoc
1235 3707 1352 3746 munere
1367 3691 1458 3764 possit

255 3759 375 3838 adjungi
389 3781 561 3838 quocunque
578 3763 701 3838 nomine,
718 3771 768 3821 aut
786 3772 936 3840 praetextu‚
958 3765 1061 3840 socius,
1077 3786 1232 3844 successor,
1251 3777 1301 3826 aut
1318 3767 1457 3826 Sacerdos

256 3839 450 3900 secundarius.
475 3843 506 3900 Si
521 3842 597 3900 enim
611 3843 704 3919 figura
717 3844 900 3919 restringitur
908 3843 945 3902 ad
956 3865 1041 3902 unam
1056 3865 1215 3922 personam,
1226 3867 1277 3906 cur
1287 3867 1344 3904 non
1353 3847 1457 3924 potiori

252 3920 317 3996 jure
333 3921 466 3980 veritas?
508 3922 547 3980 Et
562 3922 585 3980 si
597 3943 635 3980 ex
649 3943 683 3981 eo
698 3923 775 4000 quod
791 3923 985 3983 Melchisedec
1007 3926 1118 3983 nullum
1130 3945 1324 3986 successorem
1345 3927 1455 4002 habuit,

255 3999 328 4058 bene
343 4002 490 4078 colligitur
514 4021 567 4060 nec
584 4002 730 4061 Christum
746 4003 845 4061 'ullum
865 4003 980 4078 habere,
998 4005 1055 4062 Cur
1077 4025 1136 4062 non
1150 4007 1257 4082 pariter
1271 4026 1307 4064 ex
1330 4026 1364 4064 co
1378 4007 1457 4082 quod

255 4079 367 4137 nullum
381 4081 545 4140 inferiorem
572 4082 681 4157 habuit,
712 4083 895 4142 concluditur
921 4084 1028 4159 pariter
1052 4084 1198 4144 Christum
1219 4086 1315 4144 nullos
1329 4085 1456 4144 babere?

255 4159 446 4219 Confirmatnr
460 4181 497 4220 ex
512 4181 546 4220 eo
560 4161 639 4240 quod
653 4162 683 4220 in
702 4164 853 4222 vocatione
875 4162 1001 4220 Aaronis
1015 4182 1128 4240 semper
1142 4165 1192 4223 fiat
1210 4166 1318 4224 mentio
1332 4165 1454 4224 filiorum

253 4245 283 4295 et
297 4248 475 4315 posterorum
485 4241 557 4318 ejus,
570 4241 622 4300 sed
640 4252 771 4318 respectu
787 4240 991 4300 Melchisedeci
1014 4241 1064 4301 fiat
1078 4253 1189 4302 tanturn
1204 4245 1312 4302 mentio
1326 4263 1455 4321 personae

254 4316 353 4393 ipsius,
374 4339 433 4378 non
456 4321 513 4378 alia
527 4329 604 4380 certe
627 4320 772 4393 decanea,
793 4339 879 4396 quam
901 4329 933 4378 ut
947 4321 1115 4380 ostendatur
1141 4323 1339 4382 Sacerdotium
1362 4323 1454 4382 Aaro-

253 4396 349 4455 nicum
371 4401 421 4457 ani
433 4401 571 4475 Familia,
595 4399 646 4459 sed
671 4398 961 4458 Melchisedecianum
981 4400 1031 4458 ani
1043 4399 1180 4461 Personae
1194 4403 1367 4462 destinatum
1383 4423 1453 4463 esse.

252 4477 281 4533 3.
299 4476 469 4538 Sacerdotes
492 4480 541 4538 isti
555 4480 725 4554 secundarii,
743 4479 790 4535 vel
813 4485 880 4536 sunt
894 4477 1024 4554 ejusdem
1049 4483 1154 4558 speciei
1169 4503 1233 4540 cum
1248 4483 1391 4559 primario,
1407 4484 1454 4542 vel

252 4554 383 4632 diversae,
400 4558 451 4616 sed
465 4568 598 4617 neutrum
613 4558 669 4616 dici
683 4566 787 4633 potest.
829 4557 896 4615 Non
907 4559 1057 4634 posterius,
1073 4562 1141 4638 quia
1155 4563 1196 4621 sic
1210 4562 1356 4621 diversum
1371 4583 1453 4638 opor-

252 4643 326 4692 teret
340 4654 404 4693 esse
419 4636 599 4712 sacrificium,
615 4637 692 4712 quod
705 4635 847 4712 offerrent,
864 4657 881 4694 a
902 4637 1009 4698 Christi
1025 4639 1179 4718 Sacrificio,
1192 4642 1271 4718 qnod
1283 4641 1452 4700 Adversarii
