3150 5206
238 313 297 371 206
685 313 777 365 tocas
792 323 992 366 nuonnoruos.
1236 303 1364 384 [cuasa.
1379 325 1441 364 mn.

240 473 269 530 5.
292 469 328 528 In
341 467 500 544 adoptione,
515 485 580 544 qun
602 465 632 524 in
648 465 732 524 Novo
747 465 874 524 Testam.
896 485 953 525 non
976 473 1088 524 tautum
1102 464 1199 543 quoad
1221 486 1282 524 rem
1304 466 1371 525 talis
1390 477 1441 537 est,

239 549 334 627 qualis
344 556 389 606 est
402 548 433 606 in
443 547 483 606 V.
493 546 572 606 Test.
581 545 634 604 sed
645 545 732 604 etiam
743 545 840 622 quoad
850 548 971 619 modum,
984 546 1167 604 conditionem
1178 553 1208 603 et
1218 547 1324 621 epsccta,
1336 547 1403 622 quia
1417 549 1441 606 1.

239 631 269 688 in
286 629 371 687 Novo
386 628 512 686 Testem.
527 625 696 703 proponitur
709 635 846 702 tanquam
868 626 1009 702 acquisita
1021 645 1074 702 per
1088 625 1243 700 Christum,
1259 626 1281 685 J
1283 627 1330 685 oh.
1352 627 1371 684 i.
1388 630 1442 700 12;

240 714 270 768 2.
285 716 330 768 est
338 727 415 784 pare
429 706 493 766 talia
507 705 616 784 absque
638 704 818 782 pedagogia,
835 706 973 764 servituto
995 716 1024 764 et
1038 713 1125 780 metu,
1141 704 1264 782 ideoque
1279 725 1339 763 non
1352 706 1443 764 insan-

240 789 297 862 tias,
313 788 365 847 sed
378 787 485 846 adultae
505 787 598 846 aetatis
619 794 648 844 et
670 784 915 862 emancipationis,
931 786 1087 862 conjuncta
1107 805 1172 844 cum
1194 805 1308 844 summa
1322 791 1444 866 πιῤῥηηὶ

239 878 269 927 et
282 867 398 943 fiducia,
413 867 498 927 Rom.
513 865 574 924 viit
592 868 638 925 15.
680 871 708 924 6.
721 865 758 923 In
773 867 905 941 libertate,
920 885 979 923 non
992 872 1105 924 tantum
1118 865 1269 941 spirituali,
1279 885 1345 942 quae
1358 868 1444 926 etiam

239 948 295 1008 fuit
308 948 339 1006 in
348 947 449 1007 Veteri
463 947 542 1008 Test.
557 945 609 1005 sed
623 945 710 1004 etiam
724 955 850 1020 marna,
861 965 1009 1022 perquam
1022 945 1107 1003 liberi
1121 965 1220 1004 sumus
1234 947 1446 1005 aCacremoniis

240 1028 407 1105 Legalibus,
434 1027 495 1086 001.
519 1026 550 1084 ii.
566 1028 615 1100 20,
630 1028 677 1100 21,
694 1029 741 1098 22,
757 1024 886 1101 meoque
911 1025 1001 1084 solius
1023 1025 1138 1100 Christi,
1154 1044 1213 1082 non
1234 1034 1332 1084 autem
1351 1026 1443 1084 homi-

240 1127 310 1168 num
324 1108 410 1166 fimus
424 1107 509 1181 servi,
526 1105 592 1166 Gal.
608 1125 636 1164 v.
657 1108 684 1164 l.
725 1110 753 1163 l.
778 1105 813 1162 ln
827 1107 1051 1184 sanctificatione,
1069 1125 1133 1181 quae
1147 1107 1241 1182 major
1254 1113 1300 1164 est
1313 1104 1343 1162 in
1358 1105 1395 1164 N.
1410 1107 1443 1164 T.

240 1187 337 1264 quoad
350 1188 489 1265 majorem
504 1186 734 1244 illuminationem
754 1184 926 1259 intellectus,
942 1184 1038 1260 quoad
1059 1187 1180 1259 modam,
1197 1185 1247 1262 qui
1261 1205 1319 1243 non
1334 1194 1379 1244 est
1393 1205 1444 1244 cx-

240 1276 339 1326 terum
354 1275 383 1326 et
397 1265 612 1339 caeremonialia,
627 1265 678 1342 qui
698 1266 785 1324 etiam
807 1264 966 1344 hypocritis
987 1273 1031 1324 est
1052 1265 1220 1338 communis,
1237 1265 1289 1322 sed
1303 1265 1443 1340 internus,

241 1344 337 1423 quoad
351 1345 511 1418 efficaciam
526 1364 591 1420 qum
602 1346 694 1420 major
704 1353 748 1403 est
762 1345 799 1403 ob
810 1345 948 1421 majorem
958 1363 1121 1404 mensuram
1133 1345 1307 1404 etvirtutem
1318 1345 1445 1423 spiritus,

241 1435 271 1484 et
285 1423 381 1502 quoad
402 1425 505 1482 monna
518 1441 584 1500 quae
604 1424 691 1500 louge
712 1433 780 1483 suut
800 1424 926 1500 fortiora,
941 1425 1032 1502 petita
1053 1424 1114 1483 scil.
1129 1425 1166 1482 ab
1180 1425 1314 1502 exemplo
1329 1425 1445 1486 Christi.

242 1507 270 1564 8.
286 1505 323 1562 In
337 1505 395 1562 uita
408 1512 523 1576 aterna,
539 1523 603 1579 quae
618 1503 655 1562 N.
670 1503 749 1562 Test.
764 1506 911 1580 competit,
935 1508 961 1562 1.
977 1504 1072 1582 quoad
1086 1507 1225 1564 amam
1238 1506 1446 1581 manitionem

240 1605 292 1662 per
307 1584 477 1661 sanguinem
492 1583 599 1642 Christi
613 1582 726 1658 iactam,
741 1603 806 1660 quae
821 1584 850 1641 in
865 1585 966 1644 Veteri
980 1602 1010 1643 se
1024 1585 1273 1644 habebattantum
1282 1587 1430 1644 moraliter
1434 1611 1446 1658 ,-

242 1669 271 1725 2.
295 1663 392 1742 quoad
412 1666 550 1722 actualem
575 1664 727 1740 inpressam
754 1665 862 1723 Christi
879 1684 937 1742 qua
959 1665 1084 1723 hominis
1105 1665 1135 1723 in
1158 1668 1263 1740 calana,
1287 1674 1321 1724 ut
1344 1685 1446 1725 verum

244 1745 454 1819 Sanctuarium,
470 1745 501 1802 in
515 1741 592 1820 quod
607 1744 755 1821 ingressus
769 1753 814 1802 est
827 1753 859 1802 ut
881 1763 1049 1821 praecursor,
1064 1763 1123 1802 non
1144 1764 1196 1822 pro
1211 1765 1241 1803 se
1256 1753 1377 1822 tantum,
1394 1747 1446 1804 sed

242 1835 272 1884 ct
294 1845 347 1902 pro
370 1825 463 1900 nobis,
487 1824 564 1882 Heb.
586 1824 625 1882 vi.
647 1826 704 1900 203
727 1827 755 1882 3.
777 1823 873 1901 quoad
894 1826 1113 1900 patefactionem
1136 1824 1223 1900 longe
1248 1824 1444 1900 illustriorem,

243 1909 260 1964 2
276 1905 351 1964 Tim.
367 1904 385 1963 i.
403 1907 449 1978 10,
465 1923 530 1981 quae
545 1904 575 1961 in
588 1904 627 1962 V.
642 1903 792 1963 obscurior
805 1913 874 1978 erat,
892 1905 968 1964 Ileb.
984 1905 1023 1962 ix.
1039 1907 1067 1962 8.
1110 1903 1196 1963 Unde
1211 1903 1317 1962 fiducia
1330 1912 1360 1964 et
1379 1925 1446 1982 spes

241 1986 329 2062 longe
343 1985 436 2062 major
449 1985 511 2058 suit,
527 1984 605 2042 omni
625 1993 704 2042 metu
726 1983 827 2042 mortis
840 1982 978 2059 detracta,
998 1985 1058 2061 jam
1073 1983 1149 2042 intra
1164 1983 1260 2042 velum
1281 1993 1445 2061 penctrans,

244 2065 320 2123 Heb.
351 2065 391 2122 vi.
416 2067 472 2140 193
494 2067 523 2122 4.
545 2062 643 2140 quoad
662 2065 806 2140 promissa
828 2065 981 2137 crebriora,
1003 2083 1068 2140 qum
1094 2063 1178 2122 unice
1201 2072 1332 2141 spectent
1356 2065 1448 2123 vitam

243 2153 388 2219 aeternam,
405 2143 523 2203 remotis
536 2143 603 2218 illis,
619 2161 684 2219 quae
698 2142 824 2201 adhunc
838 2143 937 2219 vitem,
953 2153 983 2201 et
997 2145 1059 2220 ejus
1073 2143 1290 2220 longaevitatem
1305 2153 1445 2221 spectant,

242 2244 307 2301 quae
322 2232 404 2283 erant
416 2224 503 2301 longe
517 2222 711 2300 frequentiora
725 2223 754 2280 in
769 2222 806 2280 V.
822 2223 855 2280 T.

258 2343 382 2400 adjuncta
410 2345 473 2396 m,
550 2302 672 2361 XLIX.
695 2301 845 2378 Adjuncta
863 2302 946 2360 istius
966 2302 1188 2379 dispensationis
1209 2311 1284 2378 sunt,
1310 2308 1336 2361 l.
1353 2315 1447 2380 postc-

289 2401 309 2444 1.
330 2400 474 2446 posteriori.
509 2383 625 2440 rioritas
649 2382 789 2457 temporis,
815 2401 873 2438 nou
898 2382 1014 2458 quidem
1035 2382 1131 2460 quoad
1156 2383 1355 2458 substantiam,
1382 2403 1447 2460 quae

285 2463 324 2503 2¹¹⁵
335 2459 459 2518 temporis.
510 2461 610 2520 cadem
622 2459 676 2520 fuit
690 2461 727 2518 ab
738 2459 829 2534 initio,
846 2460 898 2518 sed
912 2461 1007 2537 quoad
1022 2461 1252 2520 circumstantias
1266 2472 1295 2521 et
1309 2463 1446 2537 modum3

258 2553 280 2599 2.
310 2553 423 2612 Digniores
449 2561 474 2598 cc
509 2545 536 2598 2.
559 2541 681 2616 dipnitas
699 2547 728 2598 et
745 2541 889 2616 perfectio,
911 2560 962 2616 pcr
983 2561 1069 2618 quam
1091 2551 1253 2618 comparate
1268 2541 1305 2600 ad
1320 2553 1447 2602 veterem

287 2611 411 2670 perfectio.
508 2621 595 2696 longe
607 2631 651 2678 cst
662 2620 777 2696 dignior
787 2627 817 2678 et
830 2619 990 2696 perfectior,
1007 2630 1036 2680 et
1050 2621 1117 2679 talis
1131 2621 1226 2698 qualis
1240 2622 1323 2680 decet
1334 2621 1447 2680 virilem

257 2696 279 2742 3.
295 2696 458 2754 Perpennus
512 2709 642 2776 aetatem;
675 2703 702 2758 3.
720 2700 904 2776 perpetuitas,
927 2701 996 2776 quia
1019 2701 1081 2759 lnec
1102 2702 1262 2760 oeconomia
1282 2712 1327 2761 est
1351 2701 1448 2760 novis·

244 2783 317 2841 sima
337 2801 428 2859 nsque
454 2779 490 2838 ad
513 2780 646 2838 ultimum
669 2779 778 2838 Christi
799 2779 965 2855 adventum,
987 2780 1018 2837 in
1038 2801 1096 2857 quo
1119 2781 1276 2840 mutabitur
1297 2782 1326 2838 in
1347 2783 1448 2841 imnic-

244 2863 351 2921 diatam
373 2869 403 2920 et
422 2860 561 2918 directam
584 2859 639 2918 Dei
665 2859 962 2936 communicationem,
985 2879 1037 2938 per
1057 2880 1143 2937 quam
1169 2861 1249 2920 Deus
1270 2860 1384 2922 iuturus
1404 2871 1450 2922 cst

244 2942 340 3002 cannia
353 2942 384 3000 in
398 2941 541 3001 omnibus.

696 3181 890 3256 ouasrro
912 3181 1002 3240 vur.

586 3356 625 3394 DE
640 3355 814 3396 Drscsrrttun
828 3358 858 3397 V.
874 3358 911 3396 ET
926 3357 954 3398 li.
970 3359 1113 3400 FOEDERIS.

248 3497 394 3563 Quomodo
405 3495 539 3568 differant
549 3494 621 3552 inter
630 3513 659 3550 sc
674 3495 705 3552 V.
717 3503 744 3552 ct
752 3497 792 3555 N.
804 3498 915 3571 Fadns,
926 3499 972 3554 An
983 3498 1172 3573 essentialiter,
1182 3509 1209 3556 ct
1219 3501 1315 3574 peoad
1323 3501 1445 3558 andstan-

292 3576 360 3634 tiam
374 3573 517 3648 doctrina,
539 3573 585 3631 An
600 3574 817 3652 accidentaliter,
834 3579 930 3652 quoad
942 3579 1154 3653 dispensationis
1168 3581 1303 3638 modam?
1333 3579 1407 3638 Dist.

287 3735 311 3794 Ι.
335 3735 377 3795 Ut
391 3731 544 3811 multiplex
558 3741 603 3793 est
617 3734 734 3795 Veteris
749 3743 778 3795 et
792 3735 869 3794 Novi
884 3736 1061 3797 Testamenti
1079 3737 1269 3814 significatio:
1293 3739 1339 3797 lta
1353 3738 1445 3796 diver-

246 3815 356 3876 simodc
381 3814 418 3874 ad
443 3814 637 3889 Quaestionem
664 3815 840 3893 propositam
865 3817 1032 3892 responderi
1057 3817 1151 3893 debet,
1177 3827 1207 3876 ct
1232 3818 1377 3876 variantes
1401 3817 1446 3875 hic

244 3897 379 3975 utrinque
394 3895 480 3954 etiam
495 3894 728 3954 Orthodoxorum
744 3896 892 3954 sententiaa
907 3897 1052 3955 conciliari
1067 3907 1197 3975 possunt.

286 3977 329 4035 Il.
352 3973 519 4053 Aliquando
535 3975 629 4034 Vetus
643 3986 672 4033 et
687 3975 802 4034 Novum
822 3975 1038 4035 Testamentum
1053 3986 1219 4053 spectantur
1232 3979 1343 4036 ratione
1359 3977 1444 4052 scrip·

245 4056 341 4133 tioniS,
357 4067 386 4116 et
400 4057 456 4115 hoc
469 4055 585 4114 nomine
600 4055 788 4131 designantur
803 4055 909 4134 scripta
924 4057 1096 4133 Prophetics
1113 4066 1142 4116 et
1157 4057 1337 4134 Apostoliea,
1353 4077 1416 4134 quae
1431 4075 1447 4112 a

245 4135 325 4194 Viris
345 4136 410 4212 Dei,
426 4137 474 4194 vel
494 4142 561 4193 ante
575 4133 623 4192 vol
644 4143 710 4210 post
731 4135 876 4194 Christum
898 4136 1060 4196 exhibitmn
1083 4136 1221 4195 Ecclesiae
1243 4136 1350 4197 tradita
1371 4144 1445 4208 sunt,

245 4221 263 4274 2
279 4216 344 4275 Cor.
365 4217 406 4276 iii.
424 4219 469 4290 14,
485 4234 543 4292 quo
558 4232 645 4272 sensu
660 4213 696 4272 N.
711 4214 745 4272 T.
761 4215 866 4274 dicitur
880 4217 909 4274 in
929 4217 1021 4274 Vetera
1041 4219 1160 4274 uelatum
1175 4225 1204 4276 ct
1219 4217 1257 4276 V.
1272 4216 1305 4274 T.
1321 4217 1350 4273 in
1364 4217 1446 4274 Novo

243 4299 405 4354 revelatum.
449 4295 508 4354 Sed
528 4293 564 4351 de
586 4292 645 4351 illis
666 4293 720 4352 sub
740 4295 792 4353 illa
805 4295 888 4372 σχίσει
902 4315 979 4353 nunc
998 4315 1057 4354 non
1071 4296 1175 4373 agitur,
1191 4296 1243 4356 sed
1256 4295 1368 4354 ratione
1382 4297 1445 4354 doc·

246 4377 327 4434 trinoe
340 4375 462 4435 traditae.

244 4490 369 4540 Quomodo
407 4503 483 4535 mma·
547 4453 608 4511 III.
632 4454 697 4512 Hoc
712 4473 797 4512 sensu
819 4457 901 4512 Vetas
915 4456 1019 4512 Factus
1034 4455 1157 4514 sumitur
1173 4455 1354 4534 potissimum
1374 4454 1445 4513 bis-

272 4555 313 4592 tur
334 4547 410 4594 votus
432 4549 484 4593 Fo-
504 4533 585 4608 riam,
607 4533 655 4591 vel
675 4534 733 4592 late
752 4534 800 4592 vel
825 4535 932 4594 stricte.
975 4537 1048 4594 Late
1069 4545 1151 4596 notat
1174 4537 1204 4594 in
1228 4555 1334 4613 genero
1356 4543 1445 4594 totam

272 4605 395 4652 cusanca.
503 4613 756 4691 dispensationem,
773 4614 827 4674 sub
842 4635 900 4694 qua
913 4615 1050 4677 vixerunt
1065 4615 1166 4676 Patres
1184 4617 1220 4676 ab
1241 4615 1324 4675 initio
1345 4613 1447 4674 muudi
