<?xml version="1.0" encoding="UTF-8"?>
<!DOCTYPE html PUBLIC "-//W3C//DTD XHTML 1.0 Transitional//EN"
    "http://www.w3.org/TR/xhtml1/DTD/xhtml1-transitional.dtd">
<html xmlns="http://www.w3.org/1999/xhtml" xml:lang="en" lang="en">
 <head>
  <title>
</title>
<meta http-equiv="Content-Type" content="text/html;charset=utf-8" />
  <meta name='ocr-system' content='tesseract 3.04.00' />
  <meta name='ocr-capabilities' content='ocr_page ocr_carea ocr_par ocr_line ocrx_word'/>
</head>
<body>
  <div class='ocr_page' id='page_1' title='image "./francisciturret00pictgoog_0070.png"; bbox 0 0 3108 5198; ppageno 0'>
   <div class='ocr_carea' id='block_1_1' title="bbox 110 407 1308 502">
    <p class='ocr_par' dir='ltr' id='par_1_1' title="bbox 110 407 1308 502">
     <span class='ocr_line' id='line_1_1' title="bbox 110 407 1308 502; baseline -0.003 -15"><span class='ocrx_word' id='word_1_1' title='bbox 110 441 213 495; x_wconf 74' lang='lat' dir='ltr'>anser.</span> <span class='ocrx_word' id='word_1_2' title='bbox 229 416 303 502; x_wconf 71' lang='lat' dir='ltr'>vra]</span> <span class='ocrx_word' id='word_1_3' title='bbox 619 439 659 482; x_wconf 86' lang='lat' dir='ltr'>ns</span> <span class='ocrx_word' id='word_1_4' title='bbox 673 437 750 482; x_wconf 80' lang='lat' dir='ltr'>enos</span> <span class='ocrx_word' id='word_1_5' title='bbox 765 438 825 481; x_wconf 84' lang='lat' dir='ltr'>nur.</span> <span class='ocrx_word' id='word_1_6' title='bbox 1271 407 1308 484; x_wconf 78' lang='grc'>30</span> 
     </span>
    </p>
   </div>
   <div class='ocr_carea' id='block_1_2' title="bbox 108 580 1309 663">
    <p class='ocr_par' dir='ltr' id='par_1_2' title="bbox 108 580 1309 663">
     <span class='ocr_line' id='line_1_2' title="bbox 108 580 1309 663; baseline 0 -18"><span class='ocrx_word' id='word_1_7' title='bbox 108 585 150 645; x_wconf 88' lang='lat' dir='ltr'>bic</span> <span class='ocrx_word' id='word_1_8' title='bbox 164 585 317 663; x_wconf 76' lang='lat' dir='ltr'>volgatus</span> <span class='ocrx_word' id='word_1_9' title='bbox 330 580 468 659; x_wconf 88' lang='lat' dir='ltr'>sequitur.</span> <span class='ocrx_word' id='word_1_10' title='bbox 510 583 588 642; x_wconf 84' lang='lat' dir='ltr'>Etsi</span> <span class='ocrx_word' id='word_1_11' title='bbox 602 582 674 642; x_wconf 89' lang='lat' dir='ltr'>nihil</span> <span class='ocrx_word' id='word_1_12' title='bbox 694 581 775 642; x_wconf 80' lang='lat' dir='ltr'>alind</span> <span class='ocrx_word' id='word_1_13' title='bbox 794 589 964 660; x_wconf 80' lang='lat' dir='ltr'>occurreret,</span> <span class='ocrx_word' id='word_1_14' title='bbox 979 601 1039 643; x_wconf 85' lang='lat' dir='ltr'>vox</span> <span class='ocrx_word' id='word_1_15' title='bbox 1056 584 1218 644; x_wconf 87' lang='lat' dir='ltr'>Servstoris</span> <span class='ocrx_word' id='word_1_16' title='bbox 1232 582 1309 645; x_wconf 89' lang='lat' dir='ltr'>suffi-</span> 
     </span>
    </p>
   </div>
   <div class='ocr_carea' id='block_1_3' title="bbox 81 662 1314 2959">
    <p class='ocr_par' dir='ltr' id='par_1_3' title="bbox 107 662 1314 1384">
     <span class='ocr_line' id='line_1_3' title="bbox 108 662 1311 742; baseline 0.001 -18"><span class='ocrx_word' id='word_1_17' title='bbox 108 667 151 741; x_wconf 84' lang='lat' dir='ltr'>cit,</span> <span class='ocrx_word' id='word_1_18' title='bbox 172 673 205 724; x_wconf 86' lang='lat' dir='ltr'>ut</span> <span class='ocrx_word' id='word_1_19' title='bbox 218 662 430 724; x_wconf 81' lang='lat' dir='ltr'>concludamus</span> <span class='ocrx_word' id='word_1_20' title='bbox 450 662 558 722; x_wconf 87' lang='lat' dir='ltr'>cultum</span> <span class='ocrx_word' id='word_1_21' title='bbox 578 663 747 742; x_wconf 87' lang='lat' dir='ltr'>religiosum</span> <span class='ocrx_word' id='word_1_22' title='bbox 768 662 821 721; x_wconf 86' lang='lat' dir='ltr'>soli</span> <span class='ocrx_word' id='word_1_23' title='bbox 843 662 907 721; x_wconf 89' lang='lat' dir='ltr'>Deo</span> <span class='ocrx_word' id='word_1_24' title='bbox 927 683 990 722; x_wconf 89' lang='lat' dir='ltr'>esse</span> <span class='ocrx_word' id='word_1_25' title='bbox 1011 662 1206 724; x_wconf 87' lang='lat' dir='ltr'>deferendum.</span> <span class='ocrx_word' id='word_1_26' title='bbox 1249 665 1311 725; x_wconf 89' lang='lat' dir='ltr'>Nec</span> 
     </span>
     <span class='ocr_line' id='line_1_4' title="bbox 107 742 1313 824; baseline 0 -20"><span class='ocrx_word' id='word_1_27' title='bbox 107 745 303 824; x_wconf 89' lang='lat' dir='ltr'>reponendum</span> <span class='ocrx_word' id='word_1_28' title='bbox 317 743 372 818; x_wconf 89' lang='lat' dir='ltr'>hic,</span> <span class='ocrx_word' id='word_1_29' title='bbox 388 742 566 801; x_wconf 76' lang='lat' dir='ltr'>exclusivum</span> <span class='ocrx_word' id='word_1_30' title='bbox 580 742 709 802; x_wconf 87' lang='lat' dir='ltr'>additam</span> <span class='ocrx_word' id='word_1_31' title='bbox 723 749 835 801; x_wconf 86' lang='lat' dir='ltr'>tantum</span> <span class='ocrx_word' id='word_1_32' title='bbox 849 761 912 801; x_wconf 85' lang='lat' dir='ltr'>esse</span> <span class='ocrx_word' id='word_1_33' title='bbox 926 744 1131 820; x_wconf 76' lang='lat' dir='ltr'>posterioribus</span> <span class='ocrx_word' id='word_1_34' title='bbox 1145 745 1251 820; x_wconf 90' lang='lat' dir='ltr'>verbis,</span> <span class='ocrx_word' id='word_1_35' title='bbox 1261 745 1313 805; x_wconf 89' lang='lat' dir='ltr'>ubi</span> 
     </span>
     <span class='ocr_line' id='line_1_5' title="bbox 109 820 1311 902; baseline -0.001 -18"><span class='ocrx_word' id='word_1_36' title='bbox 109 825 227 884; x_wconf 89' lang='lat' dir='ltr'>occurrit</span> <span class='ocrx_word' id='word_1_37' title='bbox 240 823 366 882; x_wconf 88' lang='lat' dir='ltr'>verbnm</span> <span class='ocrx_word' id='word_1_38' title='bbox 381 820 509 902; x_wconf 68' lang='lat' dir='ltr'>ansgrio„</span> <span class='ocrx_word' id='word_1_39' title='bbox 520 841 581 882; x_wconf 87' lang='lat' dir='ltr'>nou</span> <span class='ocrx_word' id='word_1_40' title='bbox 594 823 746 900; x_wconf 79' lang='lat' dir='ltr'>prioribus,</span> <span class='ocrx_word' id='word_1_41' title='bbox 768 822 806 880; x_wconf 86' lang='lat' dir='ltr'>ad</span> <span class='ocrx_word' id='word_1_42' title='bbox 825 821 1048 900; x_wconf 87' lang='lat' dir='ltr'>indigitandum,</span> <span class='ocrx_word' id='word_1_43' title='bbox 1071 825 1180 885; x_wconf 90' lang='lat' dir='ltr'>cultum</span> <span class='ocrx_word' id='word_1_44' title='bbox 1194 824 1311 902; x_wconf 87' lang='lat' dir='ltr'>quidem</span> 
     </span>
     <span class='ocr_line' id='line_1_6' title="bbox 107 901 1310 983; baseline 0.001 -20"><span class='ocrx_word' id='word_1_45' title='bbox 107 905 271 982; x_wconf 80' lang='lat' dir='ltr'>religIosum</span> <span class='ocrx_word' id='word_1_46' title='bbox 287 921 469 963; x_wconf 91' lang='lat' dir='ltr'>communem</span> <span class='ocrx_word' id='word_1_47' title='bbox 482 921 545 960; x_wconf 89' lang='lat' dir='ltr'>esse</span> <span class='ocrx_word' id='word_1_48' title='bbox 558 903 621 962; x_wconf 85' lang='lat' dir='ltr'>Deo</span> <span class='ocrx_word' id='word_1_49' title='bbox 636 909 665 960; x_wconf 88' lang='lat' dir='ltr'>et</span> <span class='ocrx_word' id='word_1_50' title='bbox 677 902 799 977; x_wconf 85' lang='lat' dir='ltr'>Sanctis,</span> <span class='ocrx_word' id='word_1_51' title='bbox 812 901 863 961; x_wconf 90' lang='lat' dir='ltr'>sed</span> <span class='ocrx_word' id='word_1_52' title='bbox 873 906 988 983; x_wconf 63' lang='lat' dir='ltr'>negaba</span> <span class='ocrx_word' id='word_1_53' title='bbox 1001 903 1055 961; x_wconf 90' lang='lat' dir='ltr'>soli</span> <span class='ocrx_word' id='word_1_54' title='bbox 1065 905 1128 964; x_wconf 92' lang='lat' dir='ltr'>Deo</span> <span class='ocrx_word' id='word_1_55' title='bbox 1139 912 1310 982; x_wconf 79' lang='lat' dir='ltr'>competere.</span> 
     </span>
     <span class='ocr_line' id='line_1_7' title="bbox 110 981 1312 1062; baseline 0.002 -19"><span class='ocrx_word' id='word_1_56' title='bbox 110 984 176 1058; x_wconf 77' lang='lat' dir='ltr'>Quis</span> <span class='ocrx_word' id='word_1_57' title='bbox 198 1003 269 1043; x_wconf 87' lang='lat' dir='ltr'>cum</span> <span class='ocrx_word' id='word_1_58' title='bbox 294 981 396 1042; x_wconf 85' lang='lat' dir='ltr'>cadem</span> <span class='ocrx_word' id='word_1_59' title='bbox 417 982 527 1059; x_wconf 83' lang='lat' dir='ltr'>species</span> <span class='ocrx_word' id='word_1_60' title='bbox 547 983 643 1041; x_wconf 88' lang='lat' dir='ltr'>cultus</span> <span class='ocrx_word' id='word_1_61' title='bbox 663 1001 715 1060; x_wconf 93' lang='lat' dir='ltr'>pcr</span> <span class='ocrx_word' id='word_1_62' title='bbox 732 987 761 1040; x_wconf 70' lang='lat' dir='ltr'>cl</span> <span class='ocrx_word' id='word_1_63' title='bbox 781 984 908 1040; x_wconf 76' lang='lat' dir='ltr'>admare</span> <span class='ocrx_word' id='word_1_64' title='bbox 928 993 957 1042; x_wconf 90' lang='lat' dir='ltr'>ct</span> <span class='ocrx_word' id='word_1_65' title='bbox 969 984 1074 1043; x_wconf 80' lang='lat' dir='ltr'>seruire</span> <span class='ocrx_word' id='word_1_66' title='bbox 1094 984 1312 1062; x_wconf 84' lang='lat' dir='ltr'>designetur,si</span> 
     </span>
     <span class='ocr_line' id='line_1_8' title="bbox 107 1061 1311 1140; baseline 0.002 -18"><span class='ocrx_word' id='word_1_67' title='bbox 107 1064 243 1140; x_wconf 77' lang='lat' dir='ltr'>particula</span> <span class='ocrx_word' id='word_1_68' title='bbox 257 1062 412 1122; x_wconf 84' lang='lat' dir='ltr'>exclusiva</span> <span class='ocrx_word' id='word_1_69' title='bbox 424 1061 541 1120; x_wconf 79' lang='lat' dir='ltr'>additur</span> <span class='ocrx_word' id='word_1_70' title='bbox 553 1063 612 1136; x_wconf 91' lang='lat' dir='ltr'>uni,</span> <span class='ocrx_word' id='word_1_71' title='bbox 627 1061 800 1139; x_wconf 85' lang='lat' dir='ltr'>intelligitur</span> <span class='ocrx_word' id='word_1_72' title='bbox 813 1069 843 1120; x_wconf 90' lang='lat' dir='ltr'>et</span> <span class='ocrx_word' id='word_1_73' title='bbox 856 1062 939 1121; x_wconf 89' lang='lat' dir='ltr'>alteri</span> <span class='ocrx_word' id='word_1_74' title='bbox 952 1063 1064 1122; x_wconf 81' lang='lat' dir='ltr'>addita:</span> <span class='ocrx_word' id='word_1_75' title='bbox 1092 1064 1205 1122; x_wconf 88' lang='lat' dir='ltr'>Deinde</span> <span class='ocrx_word' id='word_1_76' title='bbox 1222 1065 1311 1124; x_wconf 86' lang='lat' dir='ltr'>Satan</span> 
     </span>
     <span class='ocr_line' id='line_1_9' title="bbox 108 1141 1311 1223; baseline 0.001 -21"><span class='ocrx_word' id='word_1_77' title='bbox 108 1145 160 1202; x_wconf 86' lang='lat' dir='ltr'>non</span> <span class='ocrx_word' id='word_1_78' title='bbox 181 1144 258 1220; x_wconf 89' lang='lat' dir='ltr'>petit</span> <span class='ocrx_word' id='word_1_79' title='bbox 282 1144 408 1223; x_wconf 63' lang='lat' dir='ltr'>negaba,</span> <span class='ocrx_word' id='word_1_80' title='bbox 431 1141 668 1222; x_wconf 58' lang='lat' dir='ltr'>sedecennitates,</span> <span class='ocrx_word' id='word_1_81' title='bbox 693 1143 752 1201; x_wconf 83' lang='lat' dir='ltr'>boec</span> <span class='ocrx_word' id='word_1_82' title='bbox 772 1143 866 1200; x_wconf 78' lang='grc' dir='ltr'><strong><em>οπιηία</em></strong></span> <span class='ocrx_word' id='word_1_83' title='bbox 887 1142 936 1200; x_wconf 77' lang='lat' dir='ltr'>eti</span> <span class='ocrx_word' id='word_1_84' title='bbox 954 1144 1035 1220; x_wconf 82' lang='lat' dir='ltr'>dabo,</span> <span class='ocrx_word' id='word_1_85' title='bbox 1057 1143 1160 1220; x_wconf 88' lang='lat' dir='ltr'>inquit,</span> <span class='ocrx_word' id='word_1_86' title='bbox 1182 1144 1221 1202; x_wconf 67' lang='lat' dir='ltr'>tt.</span> <span class='ocrx_word' id='word_1_87' title='bbox 1234 1147 1311 1204; x_wconf 65' lang='lat' dir='ltr'>mab·</span> 
     </span>
     <span class='ocr_line' id='line_1_10' title="bbox 107 1221 1314 1303; baseline 0.003 -22"><span class='ocrx_word' id='word_1_88' title='bbox 107 1225 267 1303; x_wconf 66' lang='grc' dir='ltr'>ηοηυηίοῃς</span> <span class='ocrx_word' id='word_1_89' title='bbox 279 1249 333 1298; x_wconf 67' lang='grc' dir='ltr'>μω,</span> <span class='ocrx_word' id='word_1_90' title='bbox 356 1241 444 1299; x_wconf 82' lang='lat' dir='ltr'>quem</span> <span class='ocrx_word' id='word_1_91' title='bbox 464 1240 530 1279; x_wconf 88' lang='lat' dir='ltr'>cum</span> <span class='ocrx_word' id='word_1_92' title='bbox 544 1221 676 1280; x_wconf 83' lang='lat' dir='ltr'>Christus</span> <span class='ocrx_word' id='word_1_93' title='bbox 695 1222 752 1299; x_wconf 91' lang='lat' dir='ltr'>ipsi</span> <span class='ocrx_word' id='word_1_94' title='bbox 765 1221 897 1300; x_wconf 86' lang='lat' dir='ltr'>deneget,</span> <span class='ocrx_word' id='word_1_95' title='bbox 920 1242 954 1281; x_wconf 91' lang='lat' dir='ltr'>co</span> <span class='ocrx_word' id='word_1_96' title='bbox 974 1223 1038 1300; x_wconf 89' lang='lat' dir='ltr'>ipso</span> <span class='ocrx_word' id='word_1_97' title='bbox 1058 1223 1166 1283; x_wconf 89' lang='lat' dir='ltr'>invicte</span> <span class='ocrx_word' id='word_1_98' title='bbox 1190 1233 1314 1285; x_wconf 85' lang='lat' dir='ltr'>testatur</span> 
     </span>
     <span class='ocr_line' id='line_1_11' title="bbox 108 1301 836 1384; baseline -0.004 -22"><span class='ocrx_word' id='word_1_99' title='bbox 108 1313 162 1362; x_wconf 84' lang='lat' dir='ltr'>tum</span> <span class='ocrx_word' id='word_1_100' title='bbox 175 1304 337 1384; x_wconf 62' lang='lat' dir='ltr'>agoniam</span> <span class='ocrx_word' id='word_1_101' title='bbox 351 1321 438 1379; x_wconf 91' lang='lat' dir='ltr'>qnam</span> <span class='ocrx_word' id='word_1_102' title='bbox 452 1303 567 1382; x_wconf 66' lang='lat' dir='ltr'>anguto</span> <span class='ocrx_word' id='word_1_103' title='bbox 581 1301 636 1360; x_wconf 91' lang='lat' dir='ltr'>soli</span> <span class='ocrx_word' id='word_1_104' title='bbox 651 1302 713 1359; x_wconf 92' lang='lat' dir='ltr'>Deo</span> <span class='ocrx_word' id='word_1_105' title='bbox 728 1301 836 1360; x_wconf 77' lang='lat' dir='ltr'>deberi,</span> 
     </span>
    </p>

    <p class='ocr_par' dir='ltr' id='par_1_4' title="bbox 81 1380 1314 2959">
     <span class='ocr_line' id='line_1_12' title="bbox 411 1380 1312 1457; baseline 0.007 -19"><span class='ocrx_word' id='word_1_106' title='bbox 411 1381 489 1439; x_wconf 88' lang='lat' dir='ltr'>XII.</span> <span class='ocrx_word' id='word_1_107' title='bbox 517 1380 659 1457; x_wconf 85' lang='lat' dir='ltr'>Secundo,</span> <span class='ocrx_word' id='word_1_108' title='bbox 683 1381 757 1456; x_wconf 91' lang='lat' dir='ltr'>Quia</span> <span class='ocrx_word' id='word_1_109' title='bbox 777 1380 929 1440; x_wconf 81' lang='lat' dir='ltr'>Invocstio</span> <span class='ocrx_word' id='word_1_110' title='bbox 952 1382 1123 1443; x_wconf 86' lang='lat' dir='ltr'>Sanctorum</span> <span class='ocrx_word' id='word_1_111' title='bbox 1146 1403 1200 1442; x_wconf 93' lang='lat' dir='ltr'>ncc</span> <span class='ocrx_word' id='word_1_112' title='bbox 1223 1385 1312 1444; x_wconf 87' lang='lat' dir='ltr'>habet</span> 
     </span>
     <span class='ocr_line' id='line_1_13' title="bbox 364 1461 1310 1542; baseline 0.004 -24"><span class='ocrx_word' id='word_1_113' title='bbox 364 1469 546 1537; x_wconf 74' lang='lat' dir='ltr'>proccpam,</span> <span class='ocrx_word' id='word_1_114' title='bbox 569 1481 623 1520; x_wconf 90' lang='lat' dir='ltr'>nec</span> <span class='ocrx_word' id='word_1_115' title='bbox 637 1461 817 1538; x_wconf 71' lang='lat' dir='ltr'>prombsam,</span> <span class='ocrx_word' id='word_1_116' title='bbox 842 1481 896 1521; x_wconf 90' lang='lat' dir='ltr'>nec</span> <span class='ocrx_word' id='word_1_117' title='bbox 917 1467 1073 1540; x_wconf 74' lang='lat' dir='ltr'>exemplum</span> <span class='ocrx_word' id='word_1_118' title='bbox 1097 1463 1127 1520; x_wconf 93' lang='lat' dir='ltr'>in</span> <span class='ocrx_word' id='word_1_119' title='bbox 1153 1464 1310 1542; x_wconf 78' lang='lat' dir='ltr'>Scriptura,</span> 
     </span>
     <span class='ocr_line' id='line_1_14' title="bbox 368 1540 1312 1625; baseline 0.005 -27"><span class='ocrx_word' id='word_1_120' title='bbox 368 1560 427 1618; x_wconf 89' lang='lat' dir='ltr'>quo</span> <span class='ocrx_word' id='word_1_121' title='bbox 441 1540 556 1616; x_wconf 85' lang='lat' dir='ltr'>nitatur,</span> <span class='ocrx_word' id='word_1_122' title='bbox 574 1540 704 1618; x_wconf 83' lang='lat' dir='ltr'>adeoque</span> <span class='ocrx_word' id='word_1_123' title='bbox 724 1540 797 1598; x_wconf 89' lang='lat' dir='ltr'>nihil</span> <span class='ocrx_word' id='word_1_124' title='bbox 813 1541 893 1600; x_wconf 81' lang='lat' dir='ltr'>aliud</span> <span class='ocrx_word' id='word_1_125' title='bbox 913 1552 965 1619; x_wconf 82' lang='lat' dir='ltr'>est,</span> <span class='ocrx_word' id='word_1_126' title='bbox 981 1562 1068 1620; x_wconf 86' lang='lat' dir='ltr'>quem</span> <span class='ocrx_word' id='word_1_127' title='bbox 1082 1544 1255 1625; x_wconf 67' lang='lat' dir='ltr'>itmotgsmla</span> <span class='ocrx_word' id='word_1_128' title='bbox 1267 1545 1312 1603; x_wconf 91' lang='lat' dir='ltr'>vi-</span> 
     </span>
     <span class='ocr_line' id='line_1_15' title="bbox 111 1619 1312 1701; baseline 0.006 -25"><span class='ocrx_word' id='word_1_129' title='bbox 111 1620 178 1678; x_wconf 88' lang='lat' dir='ltr'>tiosa</span> <span class='ocrx_word' id='word_1_130' title='bbox 190 1629 220 1680; x_wconf 88' lang='lat' dir='ltr'>et</span> <span class='ocrx_word' id='word_1_131' title='bbox 233 1619 422 1679; x_wconf 82' lang='lat' dir='ltr'>damnabilis.</span> <span class='ocrx_word' id='word_1_132' title='bbox 466 1620 595 1697; x_wconf 86' lang='lat' dir='ltr'>Urgetur</span> <span class='ocrx_word' id='word_1_133' title='bbox 608 1621 725 1698; x_wconf 90' lang='lat' dir='ltr'>quidem</span> <span class='ocrx_word' id='word_1_134' title='bbox 738 1620 846 1698; x_wconf 84' lang='lat' dir='ltr'>passim</span> <span class='ocrx_word' id='word_1_135' title='bbox 863 1621 1009 1681; x_wconf 78' lang='lat' dir='ltr'>invocatio</span> <span class='ocrx_word' id='word_1_136' title='bbox 1024 1623 1088 1698; x_wconf 90' lang='lat' dir='ltr'>Dei,</span> <span class='ocrx_word' id='word_1_137' title='bbox 1105 1625 1156 1682; x_wconf 91' lang='lat' dir='ltr'>sed</span> <span class='ocrx_word' id='word_1_138' title='bbox 1170 1645 1312 1701; x_wconf 85' lang='lat' dir='ltr'>nusquam</span> 
     </span>
     <span class='ocr_line' id='line_1_16' title="bbox 110 1698 1314 1780; baseline 0.002 -22"><span class='ocrx_word' id='word_1_139' title='bbox 110 1700 210 1759; x_wconf 86' lang='lat' dir='ltr'>mentio</span> <span class='ocrx_word' id='word_1_140' title='bbox 223 1700 257 1759; x_wconf 91' lang='lat' dir='ltr'>fit</span> <span class='ocrx_word' id='word_1_141' title='bbox 278 1699 475 1759; x_wconf 78' lang='lat' dir='ltr'>invocationis</span> <span class='ocrx_word' id='word_1_142' title='bbox 495 1708 698 1759; x_wconf 78' lang='lat' dir='ltr'>creatumrum.</span> <span class='ocrx_word' id='word_1_143' title='bbox 741 1698 805 1758; x_wconf 92' lang='lat' dir='ltr'>Imo</span> <span class='ocrx_word' id='word_1_144' title='bbox 819 1710 849 1760; x_wconf 89' lang='lat' dir='ltr'>et</span> <span class='ocrx_word' id='word_1_145' title='bbox 861 1706 888 1758; x_wconf 70' lang='lat' dir='ltr'>vi</span> <span class='ocrx_word' id='word_1_146' title='bbox 903 1721 989 1760; x_wconf 79' lang='lat' dir='ltr'>orara</span> <span class='ocrx_word' id='word_1_147' title='bbox 1009 1702 1178 1778; x_wconf 89' lang='lat' dir='ltr'>simpliciter</span> <span class='ocrx_word' id='word_1_148' title='bbox 1196 1704 1314 1780; x_wconf 85' lang='lat' dir='ltr'>ponitur</span> 
     </span>
     <span class='ocr_line' id='line_1_17' title="bbox 110 1779 1314 1857; baseline 0.003 -21"><span class='ocrx_word' id='word_1_149' title='bbox 110 1799 163 1837; x_wconf 92' lang='lat' dir='ltr'>non</span> <span class='ocrx_word' id='word_1_150' title='bbox 182 1779 272 1839; x_wconf 85' lang='lat' dir='ltr'>semel</span> <span class='ocrx_word' id='word_1_151' title='bbox 285 1799 342 1857; x_wconf 92' lang='lat' dir='ltr'>pro</span> <span class='ocrx_word' id='word_1_152' title='bbox 363 1799 445 1839; x_wconf 83' lang='lat' dir='ltr'>orare</span> <span class='ocrx_word' id='word_1_153' title='bbox 460 1780 563 1854; x_wconf 85' lang='lat' dir='ltr'>Deum,</span> <span class='ocrx_word' id='word_1_154' title='bbox 578 1781 647 1857; x_wconf 85' lang='lat' dir='ltr'>qula</span> <span class='ocrx_word' id='word_1_155' title='bbox 660 1779 741 1838; x_wconf 85' lang='lat' dir='ltr'>nulla</span> <span class='ocrx_word' id='word_1_156' title='bbox 754 1779 812 1837; x_wconf 84' lang='lat' dir='ltr'>elia</span> <span class='ocrx_word' id='word_1_157' title='bbox 831 1780 962 1857; x_wconf 84' lang='lat' dir='ltr'>legitima</span> <span class='ocrx_word' id='word_1_158' title='bbox 975 1780 1065 1851; x_wconf 49' lang='lat' dir='ltr'>datur,</span> <span class='ocrx_word' id='word_1_159' title='bbox 1081 1781 1235 1857; x_wconf 80' lang='lat' dir='ltr'>invocatio,</span> <span class='ocrx_word' id='word_1_160' title='bbox 1257 1782 1314 1841; x_wconf 90' lang='lat' dir='ltr'>nisi</span> 
     </span>
     <span class='ocr_line' id='line_1_18' title="bbox 81 1857 1313 1936; baseline 0.002 -20"><span class='ocrx_word' id='word_1_161' title='bbox 81 1873 86 1886; x_wconf 92' lang='grc'>·</span> <span class='ocrx_word' id='word_1_162' title='bbox 113 1858 171 1918; x_wconf 72' lang='lat' dir='ltr'>nsi.</span> <span class='ocrx_word' id='word_1_163' title='bbox 211 1860 274 1919; x_wconf 88' lang='lat' dir='ltr'>Nec</span> <span class='ocrx_word' id='word_1_164' title='bbox 289 1858 432 1919; x_wconf 87' lang='lat' dir='ltr'>diffitetur</span> <span class='ocrx_word' id='word_1_165' title='bbox 445 1859 598 1918; x_wconf 71' lang='lat' dir='ltr'>Bannaein</span> <span class='ocrx_word' id='word_1_166' title='bbox 611 1859 643 1918; x_wconf 94' lang='lat' dir='ltr'>ii.</span> <span class='ocrx_word' id='word_1_167' title='bbox 658 1863 686 1935; x_wconf 97' lang='grc'>2,</span> <span class='ocrx_word' id='word_1_168' title='bbox 701 1878 730 1936; x_wconf 90' lang='lat' dir='ltr'>q.</span> <span class='ocrx_word' id='word_1_169' title='bbox 747 1861 774 1916; x_wconf 93' lang='lat' dir='ltr'>l.</span> <span class='ocrx_word' id='word_1_170' title='bbox 788 1857 855 1917; x_wconf 87' lang='lat' dir='ltr'>Art.</span> <span class='ocrx_word' id='word_1_171' title='bbox 867 1861 919 1918; x_wconf 87' lang='lat'>10:</span> <span class='ocrx_word' id='word_1_172' title='bbox 936 1861 954 1892; x_wconf 89' lang='lat'><strong>“</strong></span> <span class='ocrx_word' id='word_1_173' title='bbox 965 1859 1027 1918; x_wconf 89' lang='lat' dir='ltr'>Nec</span> <span class='ocrx_word' id='word_1_174' title='bbox 1041 1879 1185 1936; x_wconf 87' lang='lat' dir='ltr'>expresse,</span> <span class='ocrx_word' id='word_1_175' title='bbox 1201 1881 1254 1920; x_wconf 88' lang='lat' dir='ltr'>nec</span> <span class='ocrx_word' id='word_1_176' title='bbox 1268 1861 1313 1919; x_wconf 90' lang='lat' dir='ltr'>in-</span> 
     </span>
     <span class='ocr_line' id='line_1_19' title="bbox 113 1937 1313 2017; baseline 0.002 -20"><span class='ocrx_word' id='word_1_177' title='bbox 113 1938 230 2014; x_wconf 85' lang='lat' dir='ltr'>volntc‚’&#39;</span> <span class='ocrx_word' id='word_1_178' title='bbox 252 1938 361 2016; x_wconf 88' lang='lat' dir='ltr'>inquit,</span> <span class='ocrx_word' id='word_1_179' title='bbox 386 1941 404 1972; x_wconf 90' lang='grc'>“</span> <span class='ocrx_word' id='word_1_180' title='bbox 420 1939 573 2017; x_wconf 82' lang='lat' dir='ltr'>Scripturas</span> <span class='ocrx_word' id='word_1_181' title='bbox 588 1939 694 1998; x_wconf 90' lang='lat' dir='ltr'>docent</span> <span class='ocrx_word' id='word_1_182' title='bbox 707 1937 850 1996; x_wconf 90' lang='lat' dir='ltr'>orationes</span> <span class='ocrx_word' id='word_1_183' title='bbox 864 1937 902 1996; x_wconf 86' lang='lat' dir='ltr'>ad</span> <span class='ocrx_word' id='word_1_184' title='bbox 918 1939 1039 1998; x_wconf 83' lang='lat' dir='ltr'>Sanctos</span> <span class='ocrx_word' id='word_1_185' title='bbox 1060 1957 1123 1997; x_wconf 90' lang='lat' dir='ltr'>esse</span> <span class='ocrx_word' id='word_1_186' title='bbox 1137 1938 1313 2000; x_wconf 86' lang='lat' dir='ltr'>faciendas.”</span> 
     </span>
     <span class='ocr_line' id='line_1_20' title="bbox 114 2017 1313 2096; baseline 0.003 -20"><span class='ocrx_word' id='word_1_187' title='bbox 114 2017 156 2078; x_wconf 88' lang='lat' dir='ltr'>Sic</span> <span class='ocrx_word' id='word_1_188' title='bbox 166 2020 245 2080; x_wconf 64' lang='lat' dir='ltr'>Eski.</span> <span class='ocrx_word' id='word_1_189' title='bbox 258 2019 368 2077; x_wconf 82' lang='lat' dir='ltr'>Enchi.</span> <span class='ocrx_word' id='word_1_190' title='bbox 380 2037 405 2077; x_wconf 93' lang='lat' dir='ltr'>c.</span> <span class='ocrx_word' id='word_1_191' title='bbox 416 2039 476 2095; x_wconf 81' lang='lat' dir='ltr'>xv,</span> <span class='ocrx_word' id='word_1_192' title='bbox 488 2019 592 2078; x_wconf 74' lang='lat' dir='ltr'>Salme.</span> <span class='ocrx_word' id='word_1_193' title='bbox 604 2019 687 2096; x_wconf 91' lang='lat' dir='ltr'>Disp.</span> <span class='ocrx_word' id='word_1_194' title='bbox 701 2022 728 2093; x_wconf 85' lang='grc'>7,</span> <span class='ocrx_word' id='word_1_195' title='bbox 739 2017 769 2075; x_wconf 90' lang='lat' dir='ltr'>in</span> <span class='ocrx_word' id='word_1_196' title='bbox 780 2019 795 2075; x_wconf 95' lang='lat'>1</span> <span class='ocrx_word' id='word_1_197' title='bbox 806 2017 880 2076; x_wconf 87' lang='lat' dir='ltr'>Tim.</span> <span class='ocrx_word' id='word_1_198' title='bbox 893 2039 917 2077; x_wconf 94' lang='lat' dir='ltr'>c.</span> <span class='ocrx_word' id='word_1_199' title='bbox 927 2018 956 2076; x_wconf 92' lang='lat' dir='ltr'>ii.</span> <span class='ocrx_word' id='word_1_200' title='bbox 991 2019 1124 2079; x_wconf 77' lang='lat' dir='ltr'>Gottenus</span> <span class='ocrx_word' id='word_1_201' title='bbox 1134 2020 1216 2079; x_wconf 82' lang='lat' dir='ltr'>InatI.</span> <span class='ocrx_word' id='word_1_202' title='bbox 1230 2019 1280 2078; x_wconf 90' lang='lat' dir='ltr'>lib.</span> <span class='ocrx_word' id='word_1_203' title='bbox 1292 2021 1313 2080; x_wconf 94' lang='lat' dir='ltr'>i.</span> 
     </span>
     <span class='ocr_line' id='line_1_21' title="bbox 112 2096 1314 2177; baseline 0.001 -19"><span class='ocrx_word' id='word_1_204' title='bbox 112 2117 135 2158; x_wconf 89' lang='lat' dir='ltr'>c.</span> <span class='ocrx_word' id='word_1_205' title='bbox 147 2101 203 2160; x_wconf 82' lang='grc' dir='ltr'>2οι</span> <span class='ocrx_word' id='word_1_206' title='bbox 232 2097 354 2174; x_wconf 88' lang='lat' dir='ltr'>“Quod</span> <span class='ocrx_word' id='word_1_207' title='bbox 374 2097 412 2156; x_wconf 87' lang='lat' dir='ltr'>ad</span> <span class='ocrx_word' id='word_1_208' title='bbox 431 2107 605 2177; x_wconf 75' lang='lat' dir='ltr'>pracceptum</span> <span class='ocrx_word' id='word_1_209' title='bbox 620 2098 656 2156; x_wconf 91' lang='lat' dir='ltr'>de</span> <span class='ocrx_word' id='word_1_210' title='bbox 676 2096 847 2156; x_wconf 78' lang='lat' dir='ltr'>invocandis</span> <span class='ocrx_word' id='word_1_211' title='bbox 870 2098 991 2174; x_wconf 88' lang='lat' dir='ltr'>Sanctis,</span> <span class='ocrx_word' id='word_1_212' title='bbox 1015 2098 1146 2157; x_wconf 80' lang='lat' dir='ltr'>Ecclesia</span> <span class='ocrx_word' id='word_1_213' title='bbox 1165 2119 1314 2177; x_wconf 90' lang='lat' dir='ltr'>nunquam</span> 
     </span>
     <span class='ocr_line' id='line_1_22' title="bbox 112 2177 1311 2256; baseline 0.003 -20"><span class='ocrx_word' id='word_1_214' title='bbox 112 2177 201 2239; x_wconf 89' lang='lat' dir='ltr'>docuit</span> <span class='ocrx_word' id='word_1_215' title='bbox 213 2179 310 2239; x_wconf 89' lang='lat' dir='ltr'>ullum</span> <span class='ocrx_word' id='word_1_216' title='bbox 328 2185 436 2254; x_wconf 85' lang='lat' dir='ltr'>extare,</span> <span class='ocrx_word' id='word_1_217' title='bbox 458 2178 515 2236; x_wconf 80' lang='lat' dir='ltr'>nisi</span> <span class='ocrx_word' id='word_1_218' title='bbox 529 2185 668 2256; x_wconf 85' lang='lat' dir='ltr'>qnantum</span> <span class='ocrx_word' id='word_1_219' title='bbox 685 2177 824 2254; x_wconf 89' lang='lat' dir='ltr'>jubemur</span> <span class='ocrx_word' id='word_1_220' title='bbox 842 2197 942 2255; x_wconf 86' lang='lat' dir='ltr'>parere</span> <span class='ocrx_word' id='word_1_221' title='bbox 964 2178 1132 2238; x_wconf 82' lang='lat' dir='ltr'>Ecclesiae.&#39;’</span> <span class='ocrx_word' id='word_1_222' title='bbox 1173 2181 1311 2239; x_wconf 77' lang='lat' dir='ltr'>Bellum.</span> 
     </span>
     <span class='ocr_line' id='line_1_23' title="bbox 112 2256 1312 2336; baseline 0.003 -20"><span class='ocrx_word' id='word_1_223' title='bbox 112 2256 157 2318; x_wconf 90' lang='lat' dir='ltr'>lib.</span> <span class='ocrx_word' id='word_1_224' title='bbox 170 2260 188 2319; x_wconf 89' lang='lat' dir='ltr'>i.</span> <span class='ocrx_word' id='word_1_225' title='bbox 201 2259 237 2319; x_wconf 90' lang='lat' dir='ltr'>da</span> <span class='ocrx_word' id='word_1_226' title='bbox 252 2260 343 2318; x_wconf 85' lang='lat' dir='ltr'>Bcat.</span> <span class='ocrx_word' id='word_1_227' title='bbox 360 2257 457 2317; x_wconf 79' lang='lat' dir='ltr'>Sanct</span> <span class='ocrx_word' id='word_1_228' title='bbox 472 2277 535 2335; x_wconf 85' lang='lat' dir='ltr'>cap.</span> <span class='ocrx_word' id='word_1_229' title='bbox 550 2260 597 2333; x_wconf 86' lang='grc'>20,</span> <span class='ocrx_word' id='word_1_230' title='bbox 614 2257 685 2316; x_wconf 92' lang='lat' dir='ltr'>dicit</span> <span class='ocrx_word' id='word_1_231' title='bbox 706 2260 724 2291; x_wconf 86' lang='lat'><strong>“</strong></span> <span class='ocrx_word' id='word_1_232' title='bbox 734 2257 903 2318; x_wconf 82' lang='lat' dir='ltr'>mandatum</span> <span class='ocrx_word' id='word_1_233' title='bbox 923 2277 982 2316; x_wconf 92' lang='lat' dir='ltr'>non</span> <span class='ocrx_word' id='word_1_234' title='bbox 1002 2258 1117 2335; x_wconf 84' lang='lat' dir='ltr'>requiri,</span> <span class='ocrx_word' id='word_1_235' title='bbox 1133 2260 1249 2336; x_wconf 91' lang='lat' dir='ltr'>quando</span> <span class='ocrx_word' id='word_1_236' title='bbox 1262 2280 1312 2320; x_wconf 90' lang='lat' dir='ltr'>ne·</span> 
     </span>
     <span class='ocr_line' id='line_1_24' title="bbox 114 2335 1313 2418; baseline 0.001 -21"><span class='ocrx_word' id='word_1_237' title='bbox 114 2339 222 2399; x_wconf 66' lang='lat' dir='ltr'>cassius</span> <span class='ocrx_word' id='word_1_238' title='bbox 232 2339 299 2418; x_wconf 87' lang='lat' dir='ltr'>ipsa</span> <span class='ocrx_word' id='word_1_239' title='bbox 313 2357 368 2398; x_wconf 90' lang='lat' dir='ltr'>nos</span> <span class='ocrx_word' id='word_1_240' title='bbox 382 2337 533 2416; x_wconf 89' lang='lat' dir='ltr'>impellit.”</span> <span class='ocrx_word' id='word_1_241' title='bbox 577 2335 635 2396; x_wconf 82' lang='lat' dir='ltr'>Sed</span> <span class='ocrx_word' id='word_1_242' title='bbox 649 2337 740 2414; x_wconf 84' lang='lat' dir='ltr'>gratis</span> <span class='ocrx_word' id='word_1_243' title='bbox 761 2357 794 2396; x_wconf 87' lang='lat' dir='ltr'>su</span> <span class='ocrx_word' id='word_1_244' title='bbox 814 2338 904 2416; x_wconf 84' lang='lat' dir='ltr'>ponit,</span> <span class='ocrx_word' id='word_1_245' title='bbox 926 2337 989 2396; x_wconf 87' lang='lat' dir='ltr'>dari</span> <span class='ocrx_word' id='word_1_246' title='bbox 1002 2337 1091 2396; x_wconf 83' lang='lat' dir='ltr'>ullam</span> <span class='ocrx_word' id='word_1_247' title='bbox 1112 2340 1313 2400; x_wconf 86' lang='lat' dir='ltr'>necessitatem</span> 
     </span>
     <span class='ocr_line' id='line_1_25' title="bbox 113 2357 1311 2510; baseline 0.002 -34"><span class='ocrx_word' id='word_1_248' title='bbox 113 2418 173 2476; x_wconf 84' lang='lat' dir='ltr'>telis</span> <span class='ocrx_word' id='word_1_249' title='bbox 186 2420 300 2495; x_wconf 87' lang='lat' dir='ltr'>cultns;</span> <span class='ocrx_word' id='word_1_250' title='bbox 325 2418 390 2477; x_wconf 93' lang='lat' dir='ltr'>Imo</span> <span class='ocrx_word' id='word_1_251' title='bbox 411 2437 476 2477; x_wconf 90' lang='lat' dir='ltr'>cum</span> <span class='ocrx_word' id='word_1_252' title='bbox 490 2416 629 2510; x_wconf 76' lang='lat' dir='ltr'>quicquid</span> <span class='ocrx_word' id='word_1_253' title='bbox 648 2415 682 2475; x_wconf 88' lang='lat' dir='ltr'>tit</span> <span class='ocrx_word' id='word_1_254' title='bbox 702 2416 764 2475; x_wconf 87' lang='lat' dir='ltr'>sine</span> <span class='ocrx_word' id='word_1_255' title='bbox 784 2357 842 2476; x_wconf 69' lang='lat' dir='ltr'>fipdc</span> <span class='ocrx_word' id='word_1_256' title='bbox 855 2427 1005 2494; x_wconf 89' lang='lat' dir='ltr'>peccatum</span> <span class='ocrx_word' id='word_1_257' title='bbox 1020 2419 1065 2494; x_wconf 90' lang='lat' dir='ltr'>sit,</span> <span class='ocrx_word' id='word_1_258' title='bbox 1088 2418 1176 2477; x_wconf 80' lang='lat' dir='ltr'>talem</span> <span class='ocrx_word' id='word_1_259' title='bbox 1193 2420 1311 2496; x_wconf 91' lang='lat' dir='ltr'>cultum,</span> 
     </span>
     <span class='ocr_line' id='line_1_26' title="bbox 113 2496 1313 2576; baseline 0.002 -20"><span class='ocrx_word' id='word_1_260' title='bbox 113 2498 159 2574; x_wconf 92' lang='lat' dir='ltr'>qui</span> <span class='ocrx_word' id='word_1_261' title='bbox 171 2519 187 2556; x_wconf 88' lang='lat' dir='ltr'>a</span> <span class='ocrx_word' id='word_1_262' title='bbox 199 2499 260 2559; x_wconf 86' lang='lat' dir='ltr'>Deo</span> <span class='ocrx_word' id='word_1_263' title='bbox 274 2517 428 2576; x_wconf 80' lang='lat' dir='ltr'>nunquam</span> <span class='ocrx_word' id='word_1_264' title='bbox 441 2497 549 2576; x_wconf 79' lang='lat' dir='ltr'>legitur</span> <span class='ocrx_word' id='word_1_265' title='bbox 569 2496 726 2572; x_wconf 80' lang='lat' dir='ltr'>institutus,</span> <span class='ocrx_word' id='word_1_266' title='bbox 741 2496 880 2556; x_wconf 88' lang='lat' dir='ltr'>vitiosum</span> <span class='ocrx_word' id='word_1_267' title='bbox 901 2517 963 2556; x_wconf 88' lang='lat' dir='ltr'>csse</span> <span class='ocrx_word' id='word_1_268' title='bbox 977 2516 1095 2557; x_wconf 88' lang='lat' dir='ltr'>necesse</span> <span class='ocrx_word' id='word_1_269' title='bbox 1116 2506 1168 2558; x_wconf 87' lang='lat' dir='ltr'>est.</span> <span class='ocrx_word' id='word_1_270' title='bbox 1211 2499 1313 2574; x_wconf 86' lang='lat' dir='ltr'>Quoad</span> 
     </span>
     <span class='ocr_line' id='line_1_27' title="bbox 114 2576 1311 2656; baseline 0.003 -21"><span class='ocrx_word' id='word_1_271' title='bbox 114 2579 243 2656; x_wconf 75' lang='lat' dir='ltr'>exempla,</span> <span class='ocrx_word' id='word_1_272' title='bbox 259 2579 392 2638; x_wconf 85' lang='lat' dir='ltr'>fatentur</span> <span class='ocrx_word' id='word_1_273' title='bbox 406 2577 460 2636; x_wconf 91' lang='lat' dir='ltr'>sub</span> <span class='ocrx_word' id='word_1_274' title='bbox 474 2576 513 2635; x_wconf 90' lang='lat' dir='ltr'>V.</span> <span class='ocrx_word' id='word_1_275' title='bbox 525 2577 559 2636; x_wconf 84' lang='grc' dir='ltr'>Τ.</span> <span class='ocrx_word' id='word_1_276' title='bbox 573 2595 632 2634; x_wconf 87' lang='lat' dir='ltr'>uon</span> <span class='ocrx_word' id='word_1_277' title='bbox 646 2584 790 2654; x_wconf 87' lang='lat' dir='ltr'>receptam</span> <span class='ocrx_word' id='word_1_278' title='bbox 803 2576 892 2636; x_wconf 77' lang='lat' dir='ltr'>tuisse</span> <span class='ocrx_word' id='word_1_279' title='bbox 906 2577 1076 2636; x_wconf 83' lang='lat' dir='ltr'>Sanctorum</span> <span class='ocrx_word' id='word_1_280' title='bbox 1090 2577 1311 2653; x_wconf 86' lang='lat' dir='ltr'>invocationem,</span> 
     </span>
     <span class='ocr_line' id='line_1_28' title="bbox 113 2655 1313 2814; baseline 0.003 -21"><span class='ocrx_word' id='word_1_281' title='bbox 113 2655 959 2812; x_wconf 60' lang='lat' dir='ltr'>sciccontractaremus</span> <span class='ocrx_word' id='word_1_282' title='bbox 972 2656 1218 2814; x_wconf 64' lang='lat' dir='ltr'>siccam</span> <span class='ocrx_word' id='word_1_283' title='bbox 1235 2659 1313 2797; x_wconf 75' lang='lat' dir='ltr'>sc</span> 
     </span>
     <span class='ocr_line' id='line_1_29' title="bbox 114 2779 1312 2898; baseline 0.003 -24"><span class='ocrx_word' id='word_1_284' title='bbox 114 2816 234 2894; x_wconf 82' lang='lat' dir='ltr'>Sanctae,</span> <span class='ocrx_word' id='word_1_285' title='bbox 259 2819 376 2878; x_wconf 83' lang='lat' dir='ltr'>directe</span> <span class='ocrx_word' id='word_1_286' title='bbox 399 2780 515 2893; x_wconf 84' lang='lat' dir='ltr'>legitur,</span> <span class='ocrx_word' id='word_1_287' title='bbox 540 2813 619 2892; x_wconf 90' lang='lat' dir='ltr'>quod</span> <span class='ocrx_word' id='word_1_288' title='bbox 641 2814 779 2874; x_wconf 72' lang='lat' dir='ltr'>vanitatis</span> <span class='ocrx_word' id='word_1_289' title='bbox 803 2779 867 2892; x_wconf 66' lang='lat' dir='ltr'>eius</span> <span class='ocrx_word' id='word_1_290' title='bbox 890 2813 1070 2875; x_wconf 88' lang='lat' dir='ltr'>luculentum</span> <span class='ocrx_word' id='word_1_291' title='bbox 1094 2781 1203 2894; x_wconf 66' lang='lat' dir='ltr'>prbbct</span> <span class='ocrx_word' id='word_1_292' title='bbox 1226 2837 1312 2898; x_wconf 84' lang='lat' dir='ltr'>argu-</span> 
     </span>
     <span class='ocr_line' id='line_1_30' title="bbox 113 2906 239 2959; baseline 0.032 -5"><span class='ocrx_word' id='word_1_293' title='bbox 113 2906 239 2959; x_wconf 87' lang='lat' dir='ltr'>mentum.</span> 
     </span>
    </p>
   </div>
   <div class='ocr_carea' id='block_1_4' title="bbox 109 1448 349 1566">
    <p class='ocr_par' dir='ltr' id='par_1_5' title="bbox 109 1448 349 1566">
     <span class='ocr_line' id='line_1_31' title="bbox 109 1448 349 1508; baseline 0.004 -16"><span class='ocrx_word' id='word_1_294' title='bbox 109 1448 170 1493; x_wconf 70' lang='lat'>231</span> <span class='ocrx_word' id='word_1_295' title='bbox 182 1450 279 1495; x_wconf 75' lang='lat' dir='ltr'>defectu</span> <span class='ocrx_word' id='word_1_296' title='bbox 288 1463 349 1508; x_wconf 71' lang='lat' dir='ltr'>prn-</span> 
     </span>
     <span class='ocr_line' id='line_1_32' title="bbox 118 1508 337 1566; baseline 0 -14"><span class='ocrx_word' id='word_1_297' title='bbox 118 1508 176 1565; x_wconf 81' lang='lat' dir='ltr'>ccpti</span> <span class='ocrx_word' id='word_1_298' title='bbox 184 1512 209 1552; x_wconf 88' lang='lat' dir='ltr'>et</span> <span class='ocrx_word' id='word_1_299' title='bbox 219 1508 337 1566; x_wconf 81' lang='lat' dir='ltr'>exempli.</span> 
     </span>
    </p>
   </div>
   <div class='ocr_carea' id='block_1_5' title="bbox 411 2974 1313 3053">
    <p class='ocr_par' dir='ltr' id='par_1_6' title="bbox 411 2974 1313 3053">
     <span class='ocr_line' id='line_1_33' title="bbox 411 2974 1313 3053; baseline 0 -19"><span class='ocrx_word' id='word_1_300' title='bbox 411 2976 506 3035; x_wconf 88' lang='lat' dir='ltr'>XIII.</span> <span class='ocrx_word' id='word_1_301' title='bbox 529 2979 556 3036; x_wconf 83' lang='lat'>3.</span> <span class='ocrx_word' id='word_1_302' title='bbox 579 2974 731 3036; x_wconf 86' lang='lat' dir='ltr'>Invocatio</span> <span class='ocrx_word' id='word_1_303' title='bbox 745 2976 881 3053; x_wconf 86' lang='lat' dir='ltr'>supponit</span> <span class='ocrx_word' id='word_1_304' title='bbox 894 2976 1088 3035; x_wconf 59' lang='lat' dir='ltr'>ininvocante</span> <span class='ocrx_word' id='word_1_305' title='bbox 1101 2975 1196 3052; x_wconf 86' lang='lat' dir='ltr'>fidem,</span> <span class='ocrx_word' id='word_1_306' title='bbox 1213 2977 1268 3036; x_wconf 91' lang='lat' dir='ltr'>Ro.</span> <span class='ocrx_word' id='word_1_307' title='bbox 1283 2997 1313 3034; x_wconf 83' lang='lat' dir='ltr'>x.</span> 
     </span>
    </p>
   </div>
   <div class='ocr_carea' id='block_1_6' title="bbox 112 3040 1423 3133">
    <p class='ocr_par' dir='ltr' id='par_1_7' title="bbox 112 3040 1423 3133">
     <span class='ocr_line' id='line_1_34' title="bbox 112 3040 1423 3133; baseline 0.006 -23"><span class='ocrx_word' id='word_1_308' title='bbox 112 3040 350 3115; x_wconf 51' lang='lat' dir='ltr'>Wffl‘ffl‘ssl·</span> <span class='ocrx_word' id='word_1_309' title='bbox 374 3058 420 3131; x_wconf 77' lang='lat'>14,</span> <span class='ocrx_word' id='word_1_310' title='bbox 443 3065 473 3116; x_wconf 88' lang='lat' dir='ltr'>et</span> <span class='ocrx_word' id='word_1_311' title='bbox 492 3056 523 3114; x_wconf 91' lang='lat' dir='ltr'>in</span> <span class='ocrx_word' id='word_1_312' title='bbox 548 3054 716 3115; x_wconf 85' lang='lat' dir='ltr'>Invocundo</span> <span class='ocrx_word' id='word_1_313' title='bbox 739 3055 897 3130; x_wconf 85' lang='lat' dir='ltr'>scientiam,</span> <span class='ocrx_word' id='word_1_314' title='bbox 920 3055 1087 3132; x_wconf 85' lang='lat' dir='ltr'>potentiam,</span> <span class='ocrx_word' id='word_1_315' title='bbox 1110 3055 1312 3133; x_wconf 87' lang='lat' dir='ltr'>voluntatem;</span> <span class='ocrx_word' id='word_1_316' title='bbox 1421 3055 1423 3060; x_wconf 70' lang='grc'><strong>’</strong></span> 
     </span>
    </p>
   </div>
   <div class='ocr_carea' id='block_1_7' title="bbox 136 3106 1313 3218">
    <p class='ocr_par' dir='ltr' id='par_1_8' title="bbox 136 3106 1313 3218">
     <span class='ocr_line' id='line_1_35' title="bbox 136 3106 1313 3218; baseline 0.001 -24"><span class='ocrx_word' id='word_1_317' title='bbox 136 3106 350 3218; x_wconf 50' lang='lat' dir='ltr'>iffiwfffflss</span> <span class='ocrx_word' id='word_1_318' title='bbox 370 3136 521 3196; x_wconf 62' lang='lat' dir='ltr'>sitientium</span> <span class='ocrx_word' id='word_1_319' title='bbox 533 3144 566 3195; x_wconf 91' lang='lat' dir='ltr'>ut</span> <span class='ocrx_word' id='word_1_320' title='bbox 580 3135 767 3196; x_wconf 86' lang='lat' dir='ltr'>necessitates</span> <span class='ocrx_word' id='word_1_321' title='bbox 781 3143 894 3192; x_wconf 88' lang='lat' dir='ltr'>nostras</span> <span class='ocrx_word' id='word_1_322' title='bbox 907 3153 1007 3193; x_wconf 86' lang='lat' dir='ltr'>ornnes</span> <span class='ocrx_word' id='word_1_323' title='bbox 1022 3142 1186 3211; x_wconf 86' lang='lat' dir='ltr'>cognoscet,</span> <span class='ocrx_word' id='word_1_324' title='bbox 1207 3143 1238 3194; x_wconf 93' lang='lat' dir='ltr'>et</span> <span class='ocrx_word' id='word_1_325' title='bbox 1251 3155 1313 3194; x_wconf 89' lang='lat' dir='ltr'>ora-</span> 
     </span>
    </p>
   </div>
   <div class='ocr_carea' id='block_1_8' title="bbox 110 3213 1315 4806">
    <p class='ocr_par' dir='ltr' id='par_1_9' title="bbox 110 3213 1315 4806">
     <span class='ocr_line' id='line_1_36' title="bbox 139 3213 1313 3292; baseline 0 -18"><span class='ocrx_word' id='word_1_326' title='bbox 139 3218 287 3290; x_wconf 50' lang='lat' dir='ltr'>summanr</span> <span class='ocrx_word' id='word_1_327' title='bbox 322 3219 349 3263; x_wconf 78' lang='lat'>¹¹²</span> <span class='ocrx_word' id='word_1_328' title='bbox 370 3217 464 3274; x_wconf 75' lang='lat' dir='ltr'>dones</span> <span class='ocrx_word' id='word_1_329' title='bbox 485 3235 585 3274; x_wconf 88' lang='lat' dir='ltr'>omnes</span> <span class='ocrx_word' id='word_1_330' title='bbox 605 3223 665 3274; x_wconf 88' lang='lat' dir='ltr'>tam</span> <span class='ocrx_word' id='word_1_331' title='bbox 686 3215 779 3273; x_wconf 86' lang='lat' dir='ltr'>orales</span> <span class='ocrx_word' id='word_1_332' title='bbox 803 3233 889 3292; x_wconf 92' lang='lat' dir='ltr'>quam</span> <span class='ocrx_word' id='word_1_333' title='bbox 912 3213 1053 3273; x_wconf 84' lang='lat' dir='ltr'>mentales</span> <span class='ocrx_word' id='word_1_334' title='bbox 1076 3213 1184 3292; x_wconf 88' lang='lat' dir='ltr'>ubique</span> <span class='ocrx_word' id='word_1_335' title='bbox 1206 3215 1313 3292; x_wconf 85' lang='lat' dir='ltr'>audiat,</span> 
     </span>
     <span class='ocr_line' id='line_1_37' title="bbox 135 3287 1313 3376; baseline 0 -22"><span class='ocrx_word' id='word_1_336' title='bbox 135 3287 224 3376; x_wconf 45' lang='lat'>,2³¹</span> <span class='ocrx_word' id='word_1_337' title='bbox 246 3291 349 3324; x_wconf 55' lang='lat'>¹³¹⁰*</span> <span class='ocrx_word' id='word_1_338' title='bbox 370 3295 464 3372; x_wconf 89' lang='lat' dir='ltr'>sitque</span> <span class='ocrx_word' id='word_1_339' title='bbox 477 3315 579 3354; x_wconf 89' lang='lat' dir='ltr'>revera</span> <span class='ocrx_word' id='word_1_340' title='bbox 591 3292 801 3376; x_wconf 64' lang='grc' dir='ltr'>ιιςδιογιῦπιςς</span> <span class='ocrx_word' id='word_1_341' title='bbox 823 3295 989 3370; x_wconf 78' lang='lat' dir='ltr'>Potentiam,</span> <span class='ocrx_word' id='word_1_342' title='bbox 1005 3302 1037 3353; x_wconf 92' lang='lat' dir='ltr'>ut</span> <span class='ocrx_word' id='word_1_343' title='bbox 1053 3295 1145 3372; x_wconf 89' lang='lat' dir='ltr'>possit</span> <span class='ocrx_word' id='word_1_344' title='bbox 1157 3294 1313 3355; x_wconf 80' lang='lat' dir='ltr'>laboranti-</span> 
     </span>
     <span class='ocr_line' id='line_1_38' title="bbox 368 3374 1313 3452; baseline 0.003 -19"><span class='ocrx_word' id='word_1_345' title='bbox 368 3375 424 3434; x_wconf 90' lang='lat' dir='ltr'>bus</span> <span class='ocrx_word' id='word_1_346' title='bbox 439 3394 622 3451; x_wconf 75' lang='lat' dir='ltr'>succurrere,</span> <span class='ocrx_word' id='word_1_347' title='bbox 647 3377 825 3450; x_wconf 80' lang='lat' dir='ltr'>Voluntatem,</span> <span class='ocrx_word' id='word_1_348' title='bbox 837 3382 870 3433; x_wconf 89' lang='lat' dir='ltr'>nt</span> <span class='ocrx_word' id='word_1_349' title='bbox 883 3374 955 3433; x_wconf 89' lang='lat' dir='ltr'>velit</span> <span class='ocrx_word' id='word_1_350' title='bbox 968 3393 1021 3433; x_wconf 87' lang='lat' dir='ltr'>nos</span> <span class='ocrx_word' id='word_1_351' title='bbox 1032 3375 1144 3452; x_wconf 86' lang='lat' dir='ltr'>juvare,</span> <span class='ocrx_word' id='word_1_352' title='bbox 1161 3383 1190 3435; x_wconf 86' lang='lat' dir='ltr'>et</span> <span class='ocrx_word' id='word_1_353' title='bbox 1204 3376 1313 3436; x_wconf 88' lang='lat' dir='ltr'>cultum</span> 
     </span>
     <span class='ocr_line' id='line_1_39' title="bbox 113 3449 1312 3534; baseline 0.007 -27"><span class='ocrx_word' id='word_1_354' title='bbox 113 3449 182 3511; x_wconf 88' lang='lat' dir='ltr'>bunc</span> <span class='ocrx_word' id='word_1_355' title='bbox 194 3454 249 3514; x_wconf 86' lang='lat' dir='ltr'>sibi</span> <span class='ocrx_word' id='word_1_356' title='bbox 262 3453 375 3513; x_wconf 83' lang='lat' dir='ltr'>deferri</span> <span class='ocrx_word' id='word_1_357' title='bbox 388 3455 523 3532; x_wconf 89' lang='lat' dir='ltr'>postulet.</span> <span class='ocrx_word' id='word_1_358' title='bbox 565 3454 609 3514; x_wconf 87' lang='lat' dir='ltr'>At</span> <span class='ocrx_word' id='word_1_359' title='bbox 629 3455 685 3514; x_wconf 88' lang='lat' dir='ltr'>iata</span> <span class='ocrx_word' id='word_1_360' title='bbox 697 3455 728 3512; x_wconf 93' lang='lat' dir='ltr'>in</span> <span class='ocrx_word' id='word_1_361' title='bbox 743 3456 838 3514; x_wconf 89' lang='lat' dir='ltr'>Deum</span> <span class='ocrx_word' id='word_1_362' title='bbox 858 3454 951 3513; x_wconf 87' lang='lat' dir='ltr'>solum</span> <span class='ocrx_word' id='word_1_363' title='bbox 971 3463 1146 3532; x_wconf 80' lang='lat' dir='ltr'>competunt,</span> <span class='ocrx_word' id='word_1_364' title='bbox 1168 3456 1219 3534; x_wconf 92' lang='lat' dir='ltr'>qui</span> <span class='ocrx_word' id='word_1_365' title='bbox 1233 3456 1312 3516; x_wconf 88' lang='lat' dir='ltr'>solus</span> 
     </span>
     <span class='ocr_line' id='line_1_40' title="bbox 112 3531 1313 3616; baseline 0.004 -28"><span class='ocrx_word' id='word_1_366' title='bbox 112 3540 152 3590; x_wconf 88' lang='lat' dir='ltr'>est</span> <span class='ocrx_word' id='word_1_367' title='bbox 164 3534 312 3612; x_wconf 85' lang='lat' dir='ltr'>objectum</span> <span class='ocrx_word' id='word_1_368' title='bbox 325 3533 403 3610; x_wconf 89' lang='lat' dir='ltr'>fidei,</span> <span class='ocrx_word' id='word_1_369' title='bbox 425 3535 504 3593; x_wconf 87' lang='lat' dir='ltr'>solus</span> <span class='ocrx_word' id='word_1_370' title='bbox 517 3531 711 3616; x_wconf 59' lang='lat' dir='ltr'>metenymia-rac</span> <span class='ocrx_word' id='word_1_371' title='bbox 728 3541 757 3593; x_wconf 87' lang='lat' dir='ltr'>et</span> <span class='ocrx_word' id='word_1_372' title='bbox 771 3534 934 3610; x_wconf 89' lang='lat' dir='ltr'>omniscius,</span> <span class='ocrx_word' id='word_1_373' title='bbox 958 3533 1037 3593; x_wconf 85' lang='lat' dir='ltr'>solus</span> <span class='ocrx_word' id='word_1_374' title='bbox 1058 3535 1247 3612; x_wconf 81' lang='lat' dir='ltr'>omnipotens,</span> <span class='ocrx_word' id='word_1_375' title='bbox 1262 3536 1313 3613; x_wconf 89' lang='lat' dir='ltr'>qni</span> 
     </span>
     <span class='ocr_line' id='line_1_41' title="bbox 111 3609 1312 3692; baseline 0.004 -24"><span class='ocrx_word' id='word_1_376' title='bbox 111 3609 145 3668; x_wconf 80' lang='lat' dir='ltr'>sd</span> <span class='ocrx_word' id='word_1_377' title='bbox 157 3632 186 3672; x_wconf 86' lang='lat' dir='ltr'>se</span> <span class='ocrx_word' id='word_1_378' title='bbox 199 3623 297 3688; x_wconf 86' lang='lat' dir='ltr'>vocat,</span> <span class='ocrx_word' id='word_1_379' title='bbox 315 3622 345 3671; x_wconf 90' lang='lat' dir='ltr'>et</span> <span class='ocrx_word' id='word_1_380' title='bbox 354 3632 438 3672; x_wconf 88' lang='lat' dir='ltr'>aures</span> <span class='ocrx_word' id='word_1_381' title='bbox 448 3615 536 3672; x_wconf 88' lang='lat' dir='ltr'>habet</span> <span class='ocrx_word' id='word_1_382' title='bbox 549 3625 664 3692; x_wconf 86' lang='lat' dir='ltr'>apertas</span> <span class='ocrx_word' id='word_1_383' title='bbox 674 3613 712 3671; x_wconf 86' lang='lat' dir='ltr'>ed</span> <span class='ocrx_word' id='word_1_384' title='bbox 724 3633 824 3691; x_wconf 88' lang='lat' dir='ltr'>preces</span> <span class='ocrx_word' id='word_1_385' title='bbox 835 3613 1066 3691; x_wconf 85' lang='lat' dir='ltr'>supplicantium.</span> <span class='ocrx_word' id='word_1_386' title='bbox 1109 3614 1211 3689; x_wconf 86' lang='lat' dir='ltr'>Quoad</span> <span class='ocrx_word' id='word_1_387' title='bbox 1224 3615 1312 3673; x_wconf 82' lang='lat' dir='ltr'>Sanc-</span> 
     </span>
     <span class='ocr_line' id='line_1_42' title="bbox 111 3692 1312 3770; baseline 0.002 -22"><span class='ocrx_word' id='word_1_388' title='bbox 111 3697 152 3748; x_wconf 87' lang='lat' dir='ltr'>tos</span> <span class='ocrx_word' id='word_1_389' title='bbox 165 3711 239 3768; x_wconf 83' lang='lat' dir='ltr'>vero,</span> <span class='ocrx_word' id='word_1_390' title='bbox 255 3711 315 3752; x_wconf 88' lang='lat' dir='ltr'>noc</span> <span class='ocrx_word' id='word_1_391' title='bbox 329 3701 442 3752; x_wconf 81' lang='lat' dir='ltr'>constet</span> <span class='ocrx_word' id='word_1_392' title='bbox 456 3692 492 3752; x_wconf 89' lang='lat' dir='ltr'>de</span> <span class='ocrx_word' id='word_1_393' title='bbox 506 3713 605 3753; x_wconf 89' lang='lat' dir='ltr'>corum</span> <span class='ocrx_word' id='word_1_394' title='bbox 619 3693 748 3768; x_wconf 88' lang='lat' dir='ltr'>scientia,</span> <span class='ocrx_word' id='word_1_395' title='bbox 763 3693 858 3752; x_wconf 90' lang='lat' dir='ltr'>minus</span> <span class='ocrx_word' id='word_1_396' title='bbox 872 3692 908 3751; x_wconf 88' lang='lat' dir='ltr'>de</span> <span class='ocrx_word' id='word_1_397' title='bbox 922 3693 1059 3770; x_wconf 84' lang='lat' dir='ltr'>potentia,</span> <span class='ocrx_word' id='word_1_398' title='bbox 1073 3693 1148 3752; x_wconf 90' lang='lat' dir='ltr'>nihil</span> <span class='ocrx_word' id='word_1_399' title='bbox 1157 3694 1194 3752; x_wconf 89' lang='lat' dir='ltr'>de</span> <span class='ocrx_word' id='word_1_400' title='bbox 1207 3695 1312 3754; x_wconf 88' lang='lat' dir='ltr'>volun-</span> 
     </span>
     <span class='ocr_line' id='line_1_43' title="bbox 110 3772 1313 3852; baseline 0.006 -26"><span class='ocrx_word' id='word_1_401' title='bbox 110 3775 172 3847; x_wconf 80' lang='lat' dir='ltr'>tate,</span> <span class='ocrx_word' id='word_1_402' title='bbox 186 3791 239 3832; x_wconf 88' lang='lat' dir='ltr'>nec</span> <span class='ocrx_word' id='word_1_403' title='bbox 252 3773 352 3848; x_wconf 81' lang='lat' dir='ltr'>magis</span> <span class='ocrx_word' id='word_1_404' title='bbox 366 3772 402 3830; x_wconf 88' lang='lat' dir='ltr'>dc</span> <span class='ocrx_word' id='word_1_405' title='bbox 417 3791 516 3832; x_wconf 90' lang='lat' dir='ltr'>eorum</span> <span class='ocrx_word' id='word_1_406' title='bbox 529 3791 648 3831; x_wconf 89' lang='lat' dir='ltr'>munere</span> <span class='ocrx_word' id='word_1_407' title='bbox 662 3772 830 3831; x_wconf 86' lang='lat' dir='ltr'>mediatorio</span> <span class='ocrx_word' id='word_1_408' title='bbox 844 3780 874 3832; x_wconf 84' lang='lat' dir='ltr'>et</span> <span class='ocrx_word' id='word_1_409' title='bbox 892 3772 1111 3850; x_wconf 89' lang='lat' dir='ltr'>intercessorio;</span> <span class='ocrx_word' id='word_1_410' title='bbox 1132 3775 1203 3851; x_wconf 91' lang='lat' dir='ltr'>quin</span> <span class='ocrx_word' id='word_1_411' title='bbox 1216 3773 1313 3852; x_wconf 88' lang='lat' dir='ltr'>potius</span> 
     </span>
     <span class='ocr_line' id='line_1_44' title="bbox 110 3847 1313 3930; baseline 0.004 -26"><span class='ocrx_word' id='word_1_412' title='bbox 110 3847 161 3924; x_wconf 89' lang='lat' dir='ltr'>ipsi</span> <span class='ocrx_word' id='word_1_413' title='bbox 172 3851 308 3913; x_wconf 82' lang='lat' dir='ltr'>exhiberi</span> <span class='ocrx_word' id='word_1_414' title='bbox 322 3852 379 3910; x_wconf 91' lang='lat' dir='ltr'>sibi</span> <span class='ocrx_word' id='word_1_415' title='bbox 391 3854 496 3926; x_wconf 81' lang='lat' dir='ltr'>nolunt,</span> <span class='ocrx_word' id='word_1_416' title='bbox 511 3853 590 3930; x_wconf 91' lang='lat' dir='ltr'>quod</span> <span class='ocrx_word' id='word_1_417' title='bbox 600 3853 651 3910; x_wconf 82' lang='lat' dir='ltr'>uni</span> <span class='ocrx_word' id='word_1_418' title='bbox 658 3853 723 3910; x_wconf 78' lang='lat' dir='ltr'>Deo</span> <span class='ocrx_word' id='word_1_419' title='bbox 736 3852 833 3911; x_wconf 80' lang='lat' dir='ltr'>deberi</span> <span class='ocrx_word' id='word_1_420' title='bbox 843 3861 955 3927; x_wconf 81' lang='lat' dir='ltr'>norunt,</span> <span class='ocrx_word' id='word_1_421' title='bbox 970 3861 1003 3910; x_wconf 89' lang='lat' dir='ltr'>ut</span> <span class='ocrx_word' id='word_1_422' title='bbox 1015 3850 1144 3930; x_wconf 87' lang='lat' dir='ltr'>loquitur</span> <span class='ocrx_word' id='word_1_423' title='bbox 1154 3852 1233 3930; x_wconf 87' lang='lat' dir='ltr'>Aug.</span> <span class='ocrx_word' id='word_1_424' title='bbox 1245 3872 1313 3910; x_wconf 91' lang='lat' dir='ltr'>con·</span> 
     </span>
     <span class='ocr_line' id='line_1_45' title="bbox 111 3930 1311 4008; baseline 0.003 -23"><span class='ocrx_word' id='word_1_425' title='bbox 111 3935 151 3985; x_wconf 87' lang='lat' dir='ltr'>tra</span> <span class='ocrx_word' id='word_1_426' title='bbox 164 3930 198 3990; x_wconf 84' lang='lat' dir='ltr'>F.</span> <span class='ocrx_word' id='word_1_427' title='bbox 212 3932 346 3991; x_wconf 83' lang='lat' dir='ltr'>Manich.</span> <span class='ocrx_word' id='word_1_428' title='bbox 361 3931 382 3990; x_wconf 91' lang='lat' dir='ltr'>l.</span> <span class='ocrx_word' id='word_1_429' title='bbox 397 3951 449 3990; x_wconf 86' lang='lat' dir='ltr'>xx.</span> <span class='ocrx_word' id='word_1_430' title='bbox 464 3951 526 4008; x_wconf 85' lang='lat' dir='ltr'>cap.</span> <span class='ocrx_word' id='word_1_431' title='bbox 541 3935 589 4007; x_wconf 86' lang='grc'>21,</span> <span class='ocrx_word' id='word_1_432' title='bbox 604 3931 655 3990; x_wconf 91' lang='lat' dir='ltr'>ubi</span> <span class='ocrx_word' id='word_1_433' title='bbox 669 3931 809 3990; x_wconf 89' lang='lat' dir='ltr'>rationem</span> <span class='ocrx_word' id='word_1_434' title='bbox 823 3931 918 3990; x_wconf 84' lang='lat' dir='ltr'>reddit</span> <span class='ocrx_word' id='word_1_435' title='bbox 932 3932 1114 4008; x_wconf 85' lang='lat' dir='ltr'>Angelicem‚</span> <span class='ocrx_word' id='word_1_436' title='bbox 1127 3950 1179 3989; x_wconf 92' lang='lat' dir='ltr'>cur</span> <span class='ocrx_word' id='word_1_437' title='bbox 1192 3931 1233 3989; x_wconf 92' lang='lat' dir='ltr'>sic</span> <span class='ocrx_word' id='word_1_438' title='bbox 1243 3931 1311 3989; x_wconf 86' lang='lat' dir='ltr'>ado-</span> 
     </span>
     <span class='ocr_line' id='line_1_46' title="bbox 110 4009 1313 4088; baseline 0.003 -22"><span class='ocrx_word' id='word_1_439' title='bbox 110 4009 270 4088; x_wconf 86' lang='lat' dir='ltr'>rarinolint,</span> <span class='ocrx_word' id='word_1_440' title='bbox 282 4011 353 4088; x_wconf 88' lang='lat' dir='ltr'>quia</span> <span class='ocrx_word' id='word_1_441' title='bbox 367 4013 666 4086; x_wconf 68' lang='lat' dir='ltr'>wmmninostrisunt,</span> <span class='ocrx_word' id='word_1_442' title='bbox 677 4011 771 4088; x_wconf 88' lang='lat' dir='ltr'>Apoc.</span> <span class='ocrx_word' id='word_1_443' title='bbox 782 4011 844 4069; x_wconf 85' lang='lat' dir='ltr'>xix.</span> <span class='ocrx_word' id='word_1_444' title='bbox 858 4014 904 4070; x_wconf 87' lang='grc'>10.</span> <span class='ocrx_word' id='word_1_445' title='bbox 931 4011 1079 4088; x_wconf 86' lang='lat' dir='ltr'>Scriptura</span> <span class='ocrx_word' id='word_1_446' title='bbox 1089 4030 1166 4085; x_wconf 84' lang='lat' dir='ltr'>sane,</span> <span class='ocrx_word' id='word_1_447' title='bbox 1179 4030 1244 4088; x_wconf 89' lang='lat' dir='ltr'>quse</span> <span class='ocrx_word' id='word_1_448' title='bbox 1255 4031 1313 4070; x_wconf 92' lang='lat' dir='ltr'>non</span> 
     </span>
     <span class='ocr_line' id='line_1_47' title="bbox 111 4088 1310 4172; baseline 0.004 -28"><span class='ocrx_word' id='word_1_449' title='bbox 111 4105 165 4146; x_wconf 89' lang='lat' dir='ltr'>nno</span> <span class='ocrx_word' id='word_1_450' title='bbox 177 4091 206 4148; x_wconf 90' lang='lat' dir='ltr'>in</span> <span class='ocrx_word' id='word_1_451' title='bbox 218 4092 286 4151; x_wconf 90' lang='lat' dir='ltr'>loco</span> <span class='ocrx_word' id='word_1_452' title='bbox 302 4091 358 4149; x_wconf 83' lang='lat' dir='ltr'>soli</span> <span class='ocrx_word' id='word_1_453' title='bbox 373 4091 436 4150; x_wconf 92' lang='lat' dir='ltr'>Deo</span> <span class='ocrx_word' id='word_1_454' title='bbox 450 4091 552 4150; x_wconf 89' lang='lat' dir='ltr'>tribuit</span> <span class='ocrx_word' id='word_1_455' title='bbox 565 4090 802 4165; x_wconf 84' lang='lat' dir='ltr'>omniscientiam,</span> <span class='ocrx_word' id='word_1_456' title='bbox 817 4088 1014 4172; x_wconf 56' lang='lat' dir='ltr'>sagittaverint,</span> <span class='ocrx_word' id='word_1_457' title='bbox 1028 4099 1057 4149; x_wconf 91' lang='lat' dir='ltr'>et</span> <span class='ocrx_word' id='word_1_458' title='bbox 1065 4090 1310 4170; x_wconf 86' lang='lat' dir='ltr'>omnipotentiam,</span> 
     </span>
     <span class='ocr_line' id='line_1_48' title="bbox 114 4167 1312 4248; baseline 0.003 -21"><span class='ocrx_word' id='word_1_459' title='bbox 114 4169 127 4223; x_wconf 96' lang='lat' dir='ltr'>l</span> <span class='ocrx_word' id='word_1_460' title='bbox 143 4167 213 4247; x_wconf 83' lang='lat' dir='ltr'>ch.</span> <span class='ocrx_word' id='word_1_461' title='bbox 227 4171 291 4230; x_wconf 88' lang='lat' dir='ltr'>viii.</span> <span class='ocrx_word' id='word_1_462' title='bbox 309 4173 366 4246; x_wconf 76' lang='lat'>393</span> <span class='ocrx_word' id='word_1_463' title='bbox 382 4174 400 4228; x_wconf 84' lang='grc'><strong>2</strong></span> <span class='ocrx_word' id='word_1_464' title='bbox 417 4170 541 4248; x_wconf 83' lang='lat' dir='ltr'>Paralip.</span> <span class='ocrx_word' id='word_1_465' title='bbox 556 4171 596 4228; x_wconf 89' lang='lat' dir='ltr'>vi.</span> <span class='ocrx_word' id='word_1_466' title='bbox 611 4173 667 4246; x_wconf 80' lang='lat'>303</span> <span class='ocrx_word' id='word_1_467' title='bbox 683 4170 777 4248; x_wconf 88' lang='lat' dir='ltr'>Apoc.</span> <span class='ocrx_word' id='word_1_468' title='bbox 792 4171 822 4229; x_wconf 93' lang='lat' dir='ltr'>ii.</span> <span class='ocrx_word' id='word_1_469' title='bbox 837 4176 893 4246; x_wconf 77' lang='lat'>23;</span> <span class='ocrx_word' id='word_1_470' title='bbox 917 4173 1026 4230; x_wconf 83' lang='lat' dir='ltr'>Jerem.</span> <span class='ocrx_word' id='word_1_471' title='bbox 1048 4171 1120 4229; x_wconf 82' lang='lat' dir='ltr'>xvii.</span> <span class='ocrx_word' id='word_1_472' title='bbox 1144 4173 1199 4245; x_wconf 78' lang='lat'>103</span> <span class='ocrx_word' id='word_1_473' title='bbox 1227 4171 1312 4233; x_wconf 83' lang='lat' dir='ltr'>Crea-</span> 
     </span>
     <span class='ocr_line' id='line_1_49' title="bbox 111 4249 1313 4327; baseline 0.001 -21"><span class='ocrx_word' id='word_1_474' title='bbox 111 4249 178 4306; x_wconf 85' lang='lat' dir='ltr'>turis</span> <span class='ocrx_word' id='word_1_475' title='bbox 190 4271 239 4310; x_wconf 82' lang='lat' dir='ltr'>eas</span> <span class='ocrx_word' id='word_1_476' title='bbox 254 4250 413 4310; x_wconf 86' lang='lat' dir='ltr'>convenire</span> <span class='ocrx_word' id='word_1_477' title='bbox 434 4269 492 4308; x_wconf 90' lang='lat' dir='ltr'>non</span> <span class='ocrx_word' id='word_1_478' title='bbox 504 4269 590 4327; x_wconf 86' lang='lat' dir='ltr'>possa</span> <span class='ocrx_word' id='word_1_479' title='bbox 605 4250 675 4308; x_wconf 87' lang='lat' dir='ltr'>satis</span> <span class='ocrx_word' id='word_1_480' title='bbox 696 4250 799 4327; x_wconf 82' lang='lat' dir='ltr'>arguit,</span> <span class='ocrx_word' id='word_1_481' title='bbox 822 4259 851 4308; x_wconf 91' lang='lat' dir='ltr'>et</span> <span class='ocrx_word' id='word_1_482' title='bbox 866 4269 925 4308; x_wconf 92' lang='lat' dir='ltr'>non</span> <span class='ocrx_word' id='word_1_483' title='bbox 946 4250 1035 4308; x_wconf 89' lang='lat' dir='ltr'>semel</span> <span class='ocrx_word' id='word_1_484' title='bbox 1049 4250 1193 4309; x_wconf 86' lang='lat' dir='ltr'>desectum</span> <span class='ocrx_word' id='word_1_485' title='bbox 1214 4251 1313 4326; x_wconf 82' lang='lat' dir='ltr'>cogni·</span> 
     </span>
     <span class='ocr_line' id='line_1_50' title="bbox 112 4325 1313 4408; baseline 0.002 -22"><span class='ocrx_word' id='word_1_486' title='bbox 112 4325 192 4386; x_wconf 84' lang='lat' dir='ltr'>tionis</span> <span class='ocrx_word' id='word_1_487' title='bbox 205 4349 312 4406; x_wconf 87' lang='lat' dir='ltr'>rarum,</span> <span class='ocrx_word' id='word_1_488' title='bbox 328 4349 394 4407; x_wconf 79' lang='lat' dir='ltr'>quae</span> <span class='ocrx_word' id='word_1_489' title='bbox 409 4330 439 4386; x_wconf 91' lang='lat' dir='ltr'>iu</span> <span class='ocrx_word' id='word_1_490' title='bbox 452 4337 529 4388; x_wconf 86' lang='lat' dir='ltr'>terra</span> <span class='ocrx_word' id='word_1_491' title='bbox 542 4341 690 4408; x_wconf 81' lang='lat' dir='ltr'>gerunnrr,</span> <span class='ocrx_word' id='word_1_492' title='bbox 704 4329 818 4388; x_wconf 84' lang='lat' dir='ltr'>Sanctis</span> <span class='ocrx_word' id='word_1_493' title='bbox 832 4329 941 4406; x_wconf 87' lang='lat' dir='ltr'>tribuit,</span> <span class='ocrx_word' id='word_1_494' title='bbox 958 4329 1015 4389; x_wconf 89' lang='lat' dir='ltr'>Isa.</span> <span class='ocrx_word' id='word_1_495' title='bbox 1030 4330 1104 4390; x_wconf 88' lang='lat' dir='ltr'>lxiii.</span> <span class='ocrx_word' id='word_1_496' title='bbox 1121 4333 1177 4405; x_wconf 84' lang='lat'>16;</span> <span class='ocrx_word' id='word_1_497' title='bbox 1200 4328 1313 4389; x_wconf 87' lang='lat' dir='ltr'>Eccles.</span> 
     </span>
     <span class='ocr_line' id='line_1_51' title="bbox 113 4403 479 4487; baseline 0.014 -24"><span class='ocrx_word' id='word_1_498' title='bbox 113 4403 149 4463; x_wconf 71' lang='lat' dir='ltr'>in</span> <span class='ocrx_word' id='word_1_499' title='bbox 163 4409 180 4466; x_wconf 86' lang='grc'><strong>6</strong></span> <span class='ocrx_word' id='word_1_500' title='bbox 192 4429 200 4485; x_wconf 84' lang='grc'><strong>;</strong></span> <span class='ocrx_word' id='word_1_501' title='bbox 214 4414 233 4468; x_wconf 89' lang='grc'><strong>2</strong></span> <span class='ocrx_word' id='word_1_502' title='bbox 249 4411 327 4487; x_wconf 82' lang='lat' dir='ltr'>Reg.</span> <span class='ocrx_word' id='word_1_503' title='bbox 341 4409 416 4467; x_wconf 85' lang='lat' dir='ltr'>xxii.</span> <span class='ocrx_word' id='word_1_504' title='bbox 431 4411 479 4468; x_wconf 88' lang='grc'>20.</span> 
     </span>
     <span class='ocr_line' id='line_1_52' title="bbox 114 4483 1315 4584; baseline 0 -40"><span class='ocrx_word' id='word_1_505' title='bbox 114 4561 121 4574; x_wconf 32' lang='grc' dir='ltr'>ι</span> <span class='ocrx_word' id='word_1_506' title='bbox 149 4485 255 4583; x_wconf 44' lang='lat' dir='ltr'>XIV..</span> <span class='ocrx_word' id='word_1_507' title='bbox 269 4489 334 4548; x_wconf 81' lang='lat' dir='ltr'>Nec</span> <span class='ocrx_word' id='word_1_508' title='bbox 355 4487 499 4547; x_wconf 80' lang='lat' dir='ltr'>delectum</span> <span class='ocrx_word' id='word_1_509' title='bbox 519 4488 597 4548; x_wconf 87' lang='lat' dir='ltr'>hune</span> <span class='ocrx_word' id='word_1_510' title='bbox 614 4489 751 4584; x_wconf 74' lang='lat' dir='ltr'>supplere</span> <span class='ocrx_word' id='word_1_511' title='bbox 770 4497 874 4566; x_wconf 88' lang='lat' dir='ltr'>potest,</span> <span class='ocrx_word' id='word_1_512' title='bbox 896 4498 929 4549; x_wconf 90' lang='lat' dir='ltr'>ut</span> <span class='ocrx_word' id='word_1_513' title='bbox 949 4490 1060 4583; x_wconf 75' lang='lat' dir='ltr'>vellent</span> <span class='ocrx_word' id='word_1_514' title='bbox 1078 4483 1233 4580; x_wconf 73' lang='lat' dir='ltr'>I&#39;ontiticii,</span> <span class='ocrx_word' id='word_1_515' title='bbox 1256 4483 1315 4579; x_wconf 81' lang='lat' dir='ltr'>Vel</span> 
     </span>
     <span class='ocr_line' id='line_1_53' title="bbox 113 4563 1314 4726; baseline -0.002 -22"><span class='ocrx_word' id='word_1_516' title='bbox 113 4563 1314 4726; x_wconf 53' lang='lat' dir='ltr'>btttbttttttttmttttbttttbtt?“tbttttttttlt</span> 
     </span>
     <span class='ocr_line' id='line_1_54' title="bbox 116 4720 1314 4806; baseline -0.004 -20"><span class='ocrx_word' id='word_1_517' title='bbox 116 4720 257 4803; x_wconf 72' lang='lat' dir='ltr'>Scriptura</span> <span class='ocrx_word' id='word_1_518' title='bbox 269 4727 401 4805; x_wconf 78' lang='lat' dir='ltr'>fingitur,</span> <span class='ocrx_word' id='word_1_519' title='bbox 417 4727 517 4786; x_wconf 88' lang='lat' dir='ltr'>eadem</span> <span class='ocrx_word' id='word_1_520' title='bbox 531 4726 667 4787; x_wconf 83' lang='lat' dir='ltr'>facilitate</span> <span class='ocrx_word' id='word_1_521' title='bbox 681 4728 810 4806; x_wconf 89' lang='lat' dir='ltr'>rejicitur</span> <span class='ocrx_word' id='word_1_522' title='bbox 824 4747 882 4805; x_wconf 87' lang='lat' dir='ltr'>qua</span> <span class='ocrx_word' id='word_1_523' title='bbox 895 4725 1072 4805; x_wconf 89' lang='lat' dir='ltr'>proponitur,</span> <span class='ocrx_word' id='word_1_524' title='bbox 1091 4729 1124 4782; x_wconf 89' lang='lat' dir='ltr'>ut</span> <span class='ocrx_word' id='word_1_525' title='bbox 1142 4738 1200 4778; x_wconf 91' lang='lat' dir='ltr'>uon</span> <span class='ocrx_word' id='word_1_526' title='bbox 1214 4723 1314 4797; x_wconf 80' lang='lat' dir='ltr'>paucis</span> 
     </span>
    </p>
   </div>
   <div class='ocr_carea' id='block_1_9' title="bbox 0 0 1562 5198">
    <p class='ocr_par' dir='ltr' id='par_1_10' title="bbox 0 0 1562 5198">
     <span class='ocr_line' id='line_1_55' title="bbox 0 0 1562 5198; baseline 0 0"><span class='ocrx_word' id='word_1_527' title='bbox 0 0 1562 5198; x_wconf 95' lang='lat' dir='ltr'> </span> 
     </span>
    </p>
   </div>
  </div>
 </body>
</html>
