3186 5210
145 385 262 436 eumer.
277 363 359 448 nvn]
630 379 669 418 nn
682 377 850 422 vocurrosa
866 381 902 420 nr
917 383 995 422 riou.
1301 373 1360 430 529

147 526 178 584 in
190 527 330 586 charitate
339 521 639 598 nihiluliudestquem
648 541 842 599 perseverare.
856 523 898 582 Ut
907 545 976 583 vero
982 525 1083 585 inutile
1098 533 1240 586 esttutum
1249 549 1311 588 esse
1320 531 1357 590 eb

146 607 282 665 hostibus
297 602 432 677 extemis,
448 600 474 661 si
487 621 505 660 a
517 602 661 660 nobismet
675 601 746 677 ipsis
756 602 915 678 periculum
925 605 1008 664 exitii
1021 605 1105 664 nobis
1121 627 1233 684 semper
1246 609 1357 687 impen-

148 686 215 762 det;
240 687 286 744 lta
300 682 454 742 absurdum
469 690 513 740 est
527 681 645 759 gloriari
658 689 796 758 tanquam
811 681 846 740 de
865 683 987 743 victoria
1009 693 1091 762 parta
1101 707 1176 761 eum,
1192 689 1276 765 eujus
1291 711 1357 768 spes

148 766 257 844 pendet
271 785 309 824 ex
323 762 485 822 conditione
499 763 609 821 incerta
622 770 652 821 et
661 761 743 820 dubii
762 783 796 820 ac
816 763 971 840 periculosi
982 774 1112 826 eventus.
1157 767 1242 827 Unde
1257 779 1289 829 ut
1304 791 1357 830 suc

148 854 264 905 constet
277 843 412 923 Apostoli
426 841 592 920 gloriationi
606 842 721 917 veritae,
742 850 821 901 certa
834 842 922 903 debet
945 865 1008 904 esse
1023 854 1053 904 et
1066 846 1275 908 indissolubilis
1286 851 1355 909 fide·

148 926 222 986 lium
236 946 301 984 cum
316 922 430 982 Christo
444 923 522 981 unic.
564 922 604 980 Et
618 942 686 981 sane
701 921 771 1000 quid
794 942 844 982 eos
857 923 894 982 ab
909 924 972 1001 ipso
997 945 1128 1002 separare
1142 933 1264 1004 posset?
1306 930 1355 989 An

151 1006 292 1065 Diabolus
321 1005 459 1081 Princeps
473 1002 597 1062 mundi?
620 1002 678 1062 Sed
700 1011 733 1062 ut
746 1002 819 1061 nihil
832 1003 935 1062 habuit
948 1005 978 1062 iu
1003 1006 1232 1082 Christum31ta
1259 1013 1357 1069 necin

65 1095 68 1104 ’
147 1087 212 1164 ejus
225 1086 354 1144 membra
367 1085 521 1162 quicquam
535 1083 686 1160 potestatis
701 1082 796 1158 hebet,
816 1091 846 1142 et
859 1083 960 1144 fortior
974 1095 1018 1144 est
1042 1087 1091 1163 qui
1107 1087 1137 1145 in
1156 1089 1239 1148 uobis
1264 1099 1308 1148 est
1322 1111 1356 1150 eo

147 1166 200 1244 qui
219 1174 265 1226 est
284 1165 315 1224 in
336 1163 453 1238 mundo,
479 1163 579 1222 lJoh.
595 1164 634 1222 iv.
650 1167 678 1222 4.
728 1163 777 1220 An
792 1163 941 1223 mundus?
983 1164 1041 1224 Sed
1057 1167 1188 1228 Christus
1216 1169 1356 1230 muudum

147 1246 228 1320 vicit,
243 1247 314 1306 Joh.
329 1246 391 1304 xvi.
406 1247 454 1318 33,
470 1252 499 1302 et
512 1241 1355 1326 utmuudumvinceremus,fidem,quaevictoriaestmundi,

145 1326 232 1386 nobis
246 1325 335 1384 dedit.
358 1323 409 1382 An
421 1343 499 1382 mors
513 1332 542 1383 et
561 1324 768 1400 sepulchrum?
810 1323 869 1382 Sed
882 1324 933 1401 qui
960 1325 1051 1384 credit
1079 1327 1109 1384 in
1138 1328 1284 1388 Christum
1298 1351 1357 1389 non

147 1406 261 1465 ridebit
282 1413 413 1479 mortem,
443 1405 501 1462 imo
512 1404 574 1480 jam
595 1403 710 1462 transiit
734 1411 855 1463 amorte
883 1404 921 1462 ad
948 1405 1046 1481 vitam,
1076 1407 1146 1466 Joh.
1172 1429 1201 1468 v.
1217 1413 1264 1468 21.
1308 1411 1358 1469 An

146 1487 280 1546 Christus
293 1505 347 1544 nos
361 1503 457 1543 amare
472 1484 592 1557 desinet,
607 1484 752 1542 velillum
776 1503 871 1543 amare
886 1483 1075 1544 desinemus?
1119 1488 1177 1546 Sed
1192 1509 1356 1549 nasamone

146 1575 256 1626 aeterno
269 1573 439 1644 prosecutus
454 1573 505 1639 est,
522 1572 551 1622 et
564 1563 615 1622 det
629 1564 673 1622 sui
687 1564 827 1639 timorem,
840 1584 876 1622 ne
888 1564 924 1622 ab
939 1584 973 1623 eo
988 1567 1111 1624 amando
1126 1587 1280 1628 cessemus.
1307 1571 1356 1629 An

147 1654 298 1724 peceamm
313 1654 342 1706 et
356 1649 447 1705 earo?
470 1642 527 1703 Sed
536 1644 586 1721 qui
602 1643 716 1703 Christo
731 1644 835 1702 insitus
850 1652 902 1720 est,
915 1643 959 1702 illi
969 1654 1014 1704 est
1027 1655 1158 1706 mortuus
1173 1657 1202 1706 et
1216 1649 1355 1725 sepultus,

149 1727 235 1786 Rom.
249 1728 290 1786 vi.
305 1731 333 1785 4.
356 1725 406 1784 An
431 1724 555 1802 denique
582 1723 741 1784 voluntatis
769 1731 876 1782 nostre
900 1724 1103 1800 inconstantia,
1129 1737 1159 1785 et
1186 1727 1357 1805 imagineris

148 1807 233 1865 liberi
260 1806 370 1866 arbitrii
405 1803 622 1864 indifferentia?
665 1803 722 1862 Sed
744 1805 770 1862 is
792 1803 822 1861 iu
850 1824 908 1881 quo
946 1805 1021 1864 vivit
1046 1806 1187 1880 Christus,
1217 1809 1356 1868 charitate

146 1887 213 1964 ejus
226 1887 268 1946 its
281 1886 496 1962 constringitur,
518 1893 622 1944 utnon
644 1884 767 1961 amplius
788 1883 844 1941 sibi
865 1884 954 1962 vivat,
977 1884 1028 1943 sed
1049 1885 1080 1941 in
1108 1887 1172 1962 ejus
1186 1887 1356 1964 obsequium

148 1975 230 2026 arcta
256 1968 381 2046 quidem,
412 1965 463 2024 sed
488 1965 571 2024 suavi
599 1971 695 2022 tamen
719 1972 749 2022 et
773 1971 864 2040 grata,
893 1965 1065 2024 necessitate
1081 1964 1240 2044 addicetur,
1257 1975 1274 2026 2
1290 1969 1355 2028 Cor.

149 2065 179 2104 v.
198 2050 244 2105 14.

191 2127 286 2186 XIX.
309 2127 376 2186 Huc
390 2126 534 2204 pertinent
549 2124 635 2184 etiam
650 2125 772 2197 efficacia
781 2126 1012 2198 Intercesrionie;
1027 2147 1091 2204 quae
1106 2148 1171 2186 oum
1194 2129 1274 2188 irrita
1293 2151 1356 2190 esse

149 2227 209 2267 non
223 2207 322 2285 possit,
338 2207 408 2266 Joh.
423 2207 463 2264 xi.
479 2209 526 2279 42,
543 2214 621 2300 certa
631 2213 664 2264 ‘et
678 2205 840 2297 ipdubitste
861 2204 948 2264 debet
959 2225 1031 2279 esse,
1058 2227 1144 2283 quam
1159 2216 1218 2267 tarn
1234 2211 1357 2270 sollicite

149 2285 1358 2444 rethre?tlttttttttsltuthlfftittlttlttttltlttt

150 2447 296 2506 deliciet.''
320 2446 378 2505 Ubi
392 2453 574 2523 opponuntur
587 2445 652 2503 duee
666 2444 828 2522 petitiones,
841 2445 931 2503 altera
956 2445 1073 2504 Diaboli
1095 2456 1127 2506 ut
1149 2414 1287 2508 cl‘ibreret
1303 2451 1357 2509 Pe·

149 2535 227 2586 trum
240 2536 269 2586 et
283 2535 399 2586 cataros
414 2526 580 2605 Apostolos,
593 2525 685 2600 idest,
696 2533 820 2584 tentaret
831 2533 860 2583 et
874 2533 1047 2601 concuteret,
1061 2529 1241 2588 attentando
1255 2550 1288 2588 ac
1297 2531 1358 2607 agi-

149 2607 240 2667 tando
251 2627 269 2664 a
280 2606 393 2666 Christo
403 2615 560 2684 separaret,
570 2606 698 2684 quaeduo
708 2606 738 2662 in
747 2605 919 2664 cribratione
931 2615 1091 2681 occurrunt,
1099 2607 1219 2684 agitatio
1226 2618 1255 2667 et
1261 2629 1356 2686 segre-

149 2688 248 2766 gati03
264 2688 354 2747 altera
360 2687 468 2745 Christi
477 2706 529 2764 pro
542 2687 628 2746 Petro
636 2685 780 2763 praecipue
790 2694 927 2761 tanquam
938 2685 1004 2762 plus
1013 2687 1160 2762 tentando,
1173 2707 1230 2746 non
1244 2709 1279 2746 ne
1295 2691 1358 2767 ejus

148 2769 222 2828 fides
232 2773 359 2828 tentetur
366 2775 395 2826 et
405 2767 559 2842 minuatur,
570 2766 622 2824 sed
629 2786 667 2824 ne
681 2765 804 2838 deficiat,
821 2765 846 2823 si
859 2785 917 2823 non
931 2765 1027 2841 quoad
1041 2775 1146 2840 aetum,
1161 2767 1211 2844 qui
1226 2768 1358 2845 intercipi

149 2849 259 2923 debuit,
275 2856 306 2907 at
318 2847 415 2926 quoad
428 2846 568 2906 habitum.
611 2847 650 2904 Et
664 2865 700 2904 ne
715 2844 869 2922 quisdicat
887 2844 943 2903 hoc
958 2844 1051 2903 solum
1067 2846 1183 2904 Petrum
1204 2849 1354 2924 respicere,

148 2929 219 2987 alibi
233 2949 285 3006 pro
299 2929 364 2986 aliie
378 2925 538 3004 Apostolis,
554 2927 612 2984 imo
626 2933 656 2984 et
668 2945 721 3003 pro
735 2925 869 2983 omnibus
883 2924 1034 2984 credituris
1049 2935 1119 3000 orat,
1135 2927 1156 2985 J
1158 2926 1205 2985 oh.
1221 2927 1292 2985 xvii.
1310 2931 1355 3004 ll,

152 3009 265 3069 “Peter
272 3009 376 3068 Sancte
384 3006 557 3066 servaeosiu
565 3005 687 3065 Nomine
698 3013 756 3080 tuo,
769 3011 802 3064 ut
811 3005 869 3064 sint
879 3023 977 3080 unum,
988 3004 1062 3064 sicut
1071 3013 1100 3064 et
1109 3005 1227 3081 nos,'’et
1235 3027 1295 3066 ver.
1307 3011 1355 3082 20,

151 3089 544 3167 “Nonproiistantumrogo,
552 3086 603 3144 sed
614 3105 665 3163 pro
679 3085 715 3143 iis
729 3085 780 3163 qui
791 3084 926 3143 credituri
941 3093 1009 3144 suut
1021 3105 1073 3162 per
1087 3085 1207 3144 verbum
1219 3107 1317 3145 eorum
1328 3088 1357 3146 in

150 3170 227 3244 me,''
247 3169 326 3247 quod
340 3175 426 3227 antea
440 3187 471 3226 se
485 3167 627 3224 facturum
638 3165 817 3244 promiserat,
828 3165 898 3224 Joh.
913 3165 973 3225 niv.
992 3168 1037 3224 16.
1062 3167 1079 3197 “
1093 3165 1214 3242 Rogabo
1231 3167 1355 3244 Patrem,

149 3251 200 3327 qui
214 3249 296 3308 dabit
303 3249 388 3307 vobis
397 3246 485 3306 alium
497 3247 722 3321 Consolatorem,
734 3245 785 3322 qui
796 3245 1065 3304 maneatvobiscum
1076 3245 1249 3304 inaetemum
1258 3248 1284 3306 :’'
1297 3248 1322 3304 N
1325 3269 1358 3307 eo
1408 3291 1411 3300 .

150 3331 181 3387 in
195 3330 279 3388 terris
293 3337 414 3403 tantum,
431 3326 519 3386 semel
528 3334 615 3404 etque
624 3326 727 3384 iterum
742 3325 871 3398 orat,sed
883 3325 912 3381 in
924 3326 1004 3384 coelis
1014 3333 1171 3403 perpetuen
1187 3345 1299 3404 semper
1313 3329 1357 3386 vi-

151 3428 225 3468 vens
239 3417 272 3468 ut
285 3408 444 3469 intercedat
457 3427 510 3486 pro
524 3407 616 3480 nobis,
634 3405 711 3464 Heb.
726 3405 777 3463 vii.
793 3407 841 3463 25.

452 3487 529 3545 XX.
552 3490 580 3544 4.
602 3487 725 3562 Spiritu
745 3486 844 3543 Sancti
871 3488 997 3544 mctodia
1026 3495 1052 3545 et
1080 3488 1240 3564 odsipnetio.
1284 3489 1358 3565 Quia

147 3555 170 3600 4·
179 3555 287 3612 Spfflll⁸
301 3555 325 3600 ⁸·
336 3567 391 3600 ⁶¹²⁸·
414 3567 537 3646 Spiritus
551 3566 602 3643 qui
616 3566 699 3625 nobis
713 3565 799 3623 datur
812 3565 898 3624 debet
919 3585 1033 3625 manere
1058 3568 1207 3626 nobiscum
1233 3569 1262 3627 iu
1277 3580 1357 3628 aeter-

229 3615 302 3658 w*
411 3668 489 3722 num,
506 3647 576 3706 Joh.
592 3645 652 3704 xiv.
671 3649 715 3704 16.
761 3645 913 3722 “Rogabo
929 3646 1052 3721 Patrem,
1069 3656 1097 3706 et
1112 3648 1193 3707 dabit
1207 3649 1291 3707 vobis
1305 3651 1357 3708 eli·

148 3743 199 3782 um
215 3725 405 3802 Paracletum,
422 3728 471 3806 qui
486 3745 638 3786 mansurus
649 3733 694 3784 est
708 3725 858 3784 vobiscum
873 3725 903 3782 in
918 3727 1086 3786 aetemum.”
1110 3727 1169 3786 Ubi
1181 3729 1358 3804 promittitur

146 3804 261 3880 mapsio
278 3803 402 3882 Spiritus
414 3815 560 3886 perpetua,
575 3825 634 3864 non
648 3804 734 3864 modo
748 3804 844 3882 quoad
858 3805 1054 3882 intentionem,
1068 3807 1118 3865 sed
1128 3814 1157 3865 et
1165 3807 1260 3883 quoad
1271 3827 1358 3866 even·

149 3887 212 3939 tum
224 3881 317 3958 ipsum
328 3905 335 3958 ;
346 3903 404 3943 non
415 3887 445 3944 in
460 3887 611 3964 Apostolis
625 3885 776 3960 duntaxat,
792 3885 842 3944 sed
858 3895 886 3944 et
900 3886 931 3943 in
945 3886 1078 3945 omnihus
1097 3885 1241 3960 fidelibus,
1257 3887 1306 3962 qui
1321 3907 1358 3945 ex

149 3961 259 4018 virtute
274 3961 405 4022 Frederis
419 3968 527 4042 gratiae,
543 3967 600 4026 Isa.
616 3965 667 4025 lix.
683 3967 731 4040 21,
742 3965 809 4024 doni
819 3965 902 4024 istius
916 3966 1070 4042 participes
1082 3965 1164 4038 fiunt,
1182 3965 1247 4023 Gal.
1263 3963 1302 4024 iv.
1319 3967 1335 4024 6
1348 3989 1356 4042 ;

149 4061 209 4099 non
224 4039 261 4100 ad
275 4047 397 4119 tempus,
409 4053 442 4102 ut
455 4047 543 4104 semel
558 4045 642 4106 datus
657 4045 694 4105 ab
708 4047 744 4104 iis
758 4045 863 4103 auferri
873 4045 971 4121 possit,
985 4043 1076 4102 sedin
1086 4051 1232 4120 aetemum,
1245 4051 1277 4103 ut
1292 4065 1357 4122 gra·

148 4121 190 4180 tia
204 4141 257 4181 sua
271 4141 322 4180 eos
336 4123 472 4184 continuo
487 4127 595 4185 soletur
605 4134 634 4185 et
645 4134 786 4186 sustentet
807 4123 941 4182 adfinem
962 4142 1062 4200 usquc,
1085 4123 1154 4180 licet
1177 4123 1358 4201 inaequaliter

146 4210 177 4262 et
191 4201 222 4260 iu
236 4201 344 4280 dispari
358 4203 460 4282 gradu.
503 4205 653 4281 Quomodo
667 4227 737 4266 vero
750 4212 890 4283 perpetua
904 4203 953 4262 illa
974 4203 1127 4279 praesentia
1141 4209 1171 4260 et
1185 4203 1356 4264 inhabitatio

148 4283 274 4361 Spiritus
288 4286 444 4345 consistere
455 4295 551 4364 potest
565 4307 630 4346 cum
645 4287 727 4347 tetuli
741 4295 770 4345 et
783 4283 863 4342 finali
880 4283 1049 4342 Sanctorum
1064 4282 1232 4361 apostasia?
1274 4283 1358 4358 Quod

145 4362 268 4422 ulterius
284 4367 470 4426 confirmatur
484 4387 522 4426 ex
537 4366 701 4446 operatione
719 4365 843 4445 Spiritus
858 4363 887 4421 in
901 4363 993 4436 nobis,
1009 4382 1074 4439 quae
1084 4382 1136 4440 per
1144 4363 1359 4440 obsipnationem

147 4443 328 4520 describitur,
339 4467 428 4525 quum
437 4448 544 4508 dicitur
558 4469 611 4508 nos
625 4448 772 4524 obsipnure
785 4447 827 4504 ad
839 4444 912 4502 diem
925 4443 1130 4519 redemptionis,
1143 4443 1218 4520 Eph.
1234 4444 1253 4503 i.
1271 4447 1315 4519 13,
1329 4453 1359 4504 et

146 4523 187 4581 iv.
204 4525 251 4582 30.
295 4525 368 4585 Cum
382 4529 458 4587 enim
473 4539 570 4602 eoppa
583 4529 640 4586 ista
653 4547 711 4586 non
726 4527 782 4585 alio
797 4525 946 4603 pertineat,
970 4543 1056 4601 quam
1081 4523 1118 4582 ad
1134 4524 1359 4584 confirmandam
1409 4531 1412 4546 '

145 4603 178 4661 in
193 4603 327 4663 cordibus
340 4608 470 4668 fidelium
485 4608 687 4668 certitudinem
700 4606 922 4686 promissionum
938 4604 995 4664 Dei
1008 4603 1044 4663 de
1059 4605 1152 4682 gralia
1166 4611 1195 4662 et
1209 4605 1310 4682 salute,
1325 4615 1359 4666 ut

145 4681 245 4760 sigilla
258 4683 456 4750 instrumentis
471 4689 603 4767 apposita
616 4707 715 4748 eorum
735 4687 997 4750 immutabilitatem
1018 4685 1193 4766 importaut3
1216 4685 1287 4762 Quis
1302 4707 1359 4748 uon

83 4771 86 4780 ¹
189 4779 265 4820 rurs
281 4781 312 4821 11.
1144 4770 1162 4825 2
1180 4785 1197 4825 u
