3192 5206
171 369 285 421 oonsr.
302 349 364 432 ua]
569 373 606 412 on
622 373 737 414 errrore
750 373 867 414 cumsrr
883 374 1075 439 unnmronro.
1320 360 1378 417 339

212 511 343 570 XXIII.
366 513 448 572 Licet
462 513 594 572 Christus
608 523 752 574 statuatur
760 515 906 574 Mediator
915 515 1072 574 seeundum
1084 523 1215 574 naturam
1230 516 1376 590 divinam;

171 591 238 649 Non
258 592 324 651 ideo
345 593 426 662 Λόγος
446 593 539 652 minor
561 595 645 654 Patre
667 597 810 669 statuitur,
833 595 881 653 vel
895 596 959 671 ejus
974 597 1090 672 ὃμωυσία
1110 605 1241 672 negatur.
1284 595 1377 654 Aliud

171 672 249 729 enim
270 683 315 730 est
337 673 478 732 Personas
500 675 657 732 secundum
678 674 832 734 essentiam
853 674 946 734 facere
974 676 1138 752 Inaequales,
1162 695 1227 734 cum
1248 675 1375 750 Arianis,

170 751 264 808 Aliud
279 752 386 810 Filium
401 773 417 810 a
432 753 515 812 Patre
532 753 706 830 distinguere
721 754 879 814 seeundum
900 755 1089 814 oeconomiam
1103 755 1303 830 voluntariam,
1320 775 1377 832 qua

169 831 295 907 seipsum
310 832 478 906 exinaniuit,
495 833 573 910 quod
587 854 736 912 perperam
750 834 943 910 dissimulant,
954 835 1003 911 qui
1017 835 1102 893 nobis
1114 834 1311 894 Arianisurum
1325 854 1376 912 per

170 909 344 969 calumniam
358 911 529 989 impingunt.

639 1151 833 1227 sumsero
854 1151 915 1211 111.

405 1315 450 1372 An
468 1313 595 1372 Christus
607 1313 643 1370 ait
659 1313 805 1370 Mediator
818 1312 990 1388 Angelorum
1002 1315 1015 1371 ,²
1057 1312 1131 1389 Neg.

469 1471 494 1530 Ι.
517 1470 639 1529 Veniant
653 1471 700 1529 hio
715 1471 928 1548 Theologerum
943 1472 1111 1546 sententiae;
1134 1471 1257 1546 Quidam
1271 1481 1374 1552 putant

188 1547 275 1622 Sim?
306 1548 392 1622 9³³⁵·
429 1553 573 1612 Christum
597 1569 682 1628 posse
696 1559 726 1610 et
739 1550 844 1609 debere
863 1552 961 1610 vecari
977 1551 1165 1610 Mediatorem
1181 1553 1371 1632 Angelorum,

256 1613 337 1654 mm·
428 1631 478 1691 sed
494 1631 727 1689 Conservationis
738 1637 767 1689 et
782 1631 1012 1690 Confirmatiouis
1024 1641 1143 1705 tantum,
1159 1652 1217 1690 non
1229 1634 1371 1712 Redemp-

165 1710 261 1788 tionis,
275 1731 426 1789 perquam
441 1711 549 1770 sactum
560 1710 605 1785 sit,
621 1718 654 1768 ut
668 1731 733 1768 oum
748 1710 797 1768 alii
812 1710 921 1786 Angeli
932 1705 1103 1786 laberentur,
1119 1711 1167 1769 isti
1183 1713 1370 1789 substiterint,

166 1799 196 1848 et
210 1792 250 1849 ita
264 1791 424 1850 confirmati
438 1791 496 1850 sint
509 1791 540 1847 in
549 1790 664 1867 justitia
680 1810 731 1866 per
755 1789 929 1848 creationem
953 1798 1078 1866 accepta,
1104 1799 1137 1848 ut
1158 1791 1217 1849 labi
1232 1793 1262 1849 in
1275 1802 1371 1869 poste-

168 1889 233 1927 rum
248 1891 305 1928 non
319 1871 471 1948 potuerint.
495 1869 566 1928 Ideo
580 1869 763 1946 distinguunt
777 1869 921 1946 duplicem
931 1871 1081 1943 maeviam,
1097 1870 1183 1927 aliam
1197 1880 1269 1947 actu,
1285 1873 1371 1931 aliam

162 1953 299 2024 petente,
310 1951 397 2025 illam,
408 1970 472 2027 quae
482 1950 519 2008 ad
525 1949 754 2025 malosAngelos
764 1957 793 2007 et
803 1947 934 2008 homines
944 1948 1041 2026 lapsos
1046 1949 1195 2025 pertineat,
1206 1950 1372 2029 istamque

168 2039 279 2104 spectet
299 2029 429 2107 Angelos
450 2039 479 2088 et
499 2029 631 2088 homines
651 2028 753 2086 labiles
773 2028 805 2085 in
825 2035 928 2086 natura
948 2029 1079 2105 integra;
1102 2028 1151 2087 Ab
1166 2030 1219 2088 hac
1243 2035 1372 2108 potentia

166 2117 271 2184 autem,
288 2129 323 2168 ne
349 2111 488 2168 inactum
503 2109 604 2183 exiret,
628 2115 758 2166 statuunt
773 2107 906 2166 debuisse
922 2107 1084 2165 confirmari
1098 2117 1239 2186 quotquot
1254 2111 1284 2168 in
1298 2112 1369 2171 inte-

166 2189 271 2264 gritate
286 2189 480 2265 perstiterunt,
495 2209 549 2247 nec
563 2208 614 2265 per
628 2186 715 2246 alium
728 2187 789 2246 fieri
800 2187 928 2264 potuisse
943 2207 1029 2266 quam
1044 2207 1095 2264 per
1109 2189 1264 2247 Christum.

208 2268 250 2326 II.
273 2269 412 2342 Quamvis
426 2289 494 2327 vero
508 2269 571 2326 haec
586 2268 728 2326 sententia
741 2269 782 2325 ita
806 2266 938 2344 exposita
951 2267 1024 2324 nihil
1048 2266 1165 2325 absurdi
1187 2268 1326 2346 involvat,
1343 2279 1373 2330 ct

167 2345 301 2406 videatur
314 2347 407 2407 faeere
432 2349 469 2406 ad
488 2347 739 2424 amplificationem
761 2347 861 2424 gloria
890 2346 1060 2404 Mediatoris
1085 2346 1200 2422 christi,
1223 2349 1373 2410 Contraria

167 2434 265 2485 tamen
280 2429 429 2502 sententia,
445 2447 509 2504 quae
524 2436 611 2504 negat
626 2426 770 2485 Christum
797 2425 988 2485 Mediatorern
1010 2425 1098 2484 fuisse
1117 2427 1306 2504 Angelorum,
1322 2450 1372 2490 ve-

166 2504 226 2562 rior
237 2507 321 2564 nobis
336 2507 460 2582 videtur,
476 2516 505 2566 et
521 2507 550 2565 S.
568 2507 723 2583 Scripturas
737 2505 972 2580 convenientior3
996 2506 1038 2565 Ut
1052 2505 1076 2564 si
1086 2507 1245 2566 confirmati
1257 2509 1372 2570 fuerunt

167 2583 285 2662 Angeli,
301 2587 542 2664 quemadmodum
557 2585 719 2644 confirmari
733 2605 783 2644 eos
793 2605 911 2644 neeesse
922 2586 985 2660 fuit,
998 2595 1030 2644 ut
1040 2595 1123 2645 extra
1135 2587 1296 2664 perieulum
1310 2590 1370 2667 lap-

166 2683 216 2722 sus
227 2665 477 2740 constituerentur,
506 2685 558 2743 per
578 2685 683 2724 novam
709 2666 765 2723 Dei
787 2665 926 2740 Gratiam,
952 2685 1017 2743 quac
1032 2665 1119 2724 statui
1134 2675 1244 2727 naturae
1259 2688 1372 2746 semper

164 2745 297 2802 mutabili
320 2746 568 2823 superadderetur,
593 2746 649 2803 hoc
671 2745 863 2820 obtinuerint3
887 2746 926 2803 Et
937 2765 988 2823 per
1016 2745 1071 2804 Dei
1095 2746 1211 2821 Filium,
1235 2767 1372 2825 neuqua

167 2823 367 2899 Mediatorem,
395 2825 445 2884 sed
467 2845 526 2903 qua
548 2826 712 2884 Creatorem
737 2833 766 2883 et
786 2825 1033 2899 Conservatorcm,
1053 2845 1105 2901 per
1127 2845 1212 2902 quem
1227 2829 1299 2886 etin
1313 2849 1372 2906 quo

164 2904 261 2962 omnia
275 2904 430 2964 subsistere
444 2905 586 2980 dicuntur,
604 2903 664 2963 Col.
680 2904 699 2962 i.
717 2907 762 2962 17.

467 2985 527 3043 ΙΙΙ.
550 2985 688 3042 Rationes
699 3003 750 3042 cur
762 2984 815 3041 hoc
830 2990 997 3058 statuamus,
1011 2990 1095 3042 sunt:
1112 2987 1138 3042 1.
1154 2983 1227 3059 Quia
1243 2986 1370 3064 Scriptu-

167 3059 283 3134 onustas
302 3077 351 3109 ¹²⁰³
369 3069 408 3110 est
428 3085 460 3124 ra
473 3072 559 3123 vocat
574 3064 720 3123 Christum
748 3063 938 3122 Mediatorem
966 3063 1041 3121 inter
1069 3064 1163 3122 Deum
1178 3073 1207 3124 et
1229 3065 1370 3144 homines,

194 3121 408 3223 fflssfflmssff
428 3163 576 3222 nunquam
600 3163 669 3202 vero
688 3144 764 3201 inter
788 3142 929 3219 Angelos
951 3146 979 3202 2.
1002 3143 1076 3216 Quia
1089 3163 1147 3201 non
1162 3163 1234 3220 opus
1249 3153 1293 3204 est
1308 3147 1370 3205 Me·

428 3225 547 3299 diatore,
563 3223 613 3282 ubi
624 3223 736 3282 nullum
751 3231 795 3282 est
810 3222 969 3296 dissidium,
983 3222 1128 3282 Mediator
1138 3225 1223 3298 enirn,
1234 3233 1267 3283 ut
1277 3226 1371 3304 loqui·

165 3311 213 3361 tur
228 3304 345 3380 Paulus,
360 3323 418 3362 non
433 3313 478 3364 est
504 3304 598 3377 unius,
628 3303 694 3362 Gal.
709 3303 750 3361 iii.
778 3305 827 3376 20,
844 3302 895 3360 sed
922 3303 1033 3359 nullum
1055 3301 1110 3362 fuit
1132 3303 1283 3363 dissidium
1297 3306 1373 3365 inter

166 3383 260 3442 Deum
275 3393 304 3443 et
318 3384 459 3462 Angelos.
482 3387 510 3442 3.
533 3383 664 3442 Christus
679 3391 790 3440 nonest
804 3382 975 3458 conjunctus
986 3381 1119 3459 Angelis,
1132 3383 1183 3441 sed
1196 3383 1371 3464 hominibus,

165 3463 306 3540 quianon
320 3465 476 3541 assumpsit
491 3463 631 3539 Angelos,
642 3463 693 3522 sed
705 3483 803 3521 semen
818 3461 962 3538 Abrahae3
986 3461 1046 3521 Ubi
1057 3462 1217 3538 Apostolus
1227 3467 1372 3525 rationem

164 3543 260 3602 reddit
275 3543 487 3603 Ineamationis
502 3543 618 3618 Christi,
633 3542 768 3600 nimirum
796 3541 864 3618 quia
890 3542 1022 3599 homines
1049 3541 1149 3602 debuit
1177 3544 1298 3620 salvare,
1314 3567 1371 3606 non

165 3621 307 3700 Angelos.
330 3627 362 3683 4.
384 3624 459 3698 Quia
479 3641 601 3700 querum
616 3631 660 3680 est
681 3621 834 3695 Mediator,
857 3641 954 3680 eorum
976 3622 1147 3698 estinan-ple,
1173 3626 1187 3681 1
1210 3625 1280 3684 Joh.
1302 3627 1323 3685 ii
1343 3632 1370 3704 2,

163 3703 243 3778 quod
256 3703 294 3761 ad
309 3703 442 3781 Angelos
457 3723 514 3761 non
528 3703 661 3780 pertinet.
685 3705 712 3760 5.
736 3701 810 3776 Quia
824 3701 849 3759 si
863 3701 948 3760 datus
961 3700 1064 3760 fuisset
1075 3703 1200 3780 Angelis
1214 3703 1244 3762 in
1260 3706 1367 3764 Media·

163 3790 264 3858 torem,
280 3782 428 3842 debuisset
442 3793 471 3843 et
485 3782 548 3840 dari
562 3781 682 3840 homini·
699 3782 729 3839 in
753 3789 830 3839 statu
848 3781 970 3857 integro,
994 3781 1073 3858 quod
1097 3782 1155 3840 diei
1182 3786 1290 3860 nequit,
1306 3805 1372 3843 eum

164 3860 306 3993 lMediatio
321 3863 462 3939 pertineat
476 3863 514 3921 ad
534 3881 642 3920 novum
665 3861 782 3936 Foedus,
807 3867 836 3918 et
850 3861 880 3918 in
894 3879 960 3919 eum
982 3861 1069 3919 finem
1091 3861 1201 3919 directa
1221 3863 1258 3920 sit
1272 3871 1304 3921 ut
1318 3865 1373 3922 tol-

177 3946 262 3998 antur
317 3951 405 4002 conta

279 3961 315 4016 Pe
468 4022 523 4081 IV.
546 4020 677 4080 ChrIstus
689 4019 794 4078 dicitur
805 4019 950 4078 Mediator
960 4020 1048 4078 totius
1060 4019 1198 4077 Ecclesiae
1213 4019 1371 4098 hominum,

191 4095 283 4142 Fauna
308 4097 379 4144 ³⁰¹³·
428 4103 556 4161 collectae
571 4121 608 4159 ex
623 4100 756 4158 omnibus
771 4100 906 4176 gentibus
919 4107 978 4156 tam
999 4097 1170 4157 Judreorum
1192 4117 1277 4175 quam
1294 4101 1372 4158 Gen·

227 4155 330 4200 ²¹⁰¹¹¹¹m'
428 4181 509 4256 tium,
524 4200 583 4239 non
597 4200 667 4238 vero
682 4179 871 4256 Angelorum,
888 4179 937 4255 qui
952 4177 1170 4254 distinguuntur
1179 4178 1216 4236 ab
1231 4179 1373 4258 Ecclesia,

168 4255 244 4335 Eph.
258 4257 277 4315 i.
293 4263 341 4333 21,
357 4263 405 4318 22.
448 4261 530 4319 Licet
541 4279 610 4337 ergo
621 4259 763 4336 pertinere
775 4259 886 4335 possInt
896 4258 934 4316 ad
947 4257 1116 4335 panegyrim
1129 4257 1372 4333 Glorifieatorum,

167 4337 244 4396 Heb.
255 4339 305 4397 xii.
322 4342 369 4413 22,
382 4343 431 4415 23,
438 4347 467 4396 et
478 4341 534 4398 sint
544 4340 675 4398 conservi
687 4338 824 4413 fidelium,
837 4357 918 4414 reque
929 4336 1087 4396 servientes
1100 4336 1171 4410 Deo,
1182 4357 1241 4396 non
1252 4349 1373 4414 possunt

164 4417 279 4495 proprie
293 4419 393 4477 vocari
406 4419 535 4478 membra
545 4419 693 4494 EcclesIae,
704 4439 769 4496 quae
783 4417 962 4476 constituunt
974 4417 1084 4494 Corpus
1095 4416 1249 4492 mysticum
1265 4418 1373 4478 Christi

163 4497 276 4575 abipso
290 4497 479 4574 redemptum.

204 4578 242 4638 V.
267 4579 350 4638 Licet
361 4578 492 4637 Christus
506 4577 598 4636 factus
613 4578 659 4652 sit,
674 4577 705 4635 in
718 4577 821 4655 Regno
842 4575 1019 4635 oeeenomieo
1042 4574 1221 4652 Mediatoris,
1238 4577 1330 4653 Caput
1344 4588 1373 4639 et

162 4657 228 4718 Rex
243 4659 427 4737 Angelorum
443 4675 529 4735 supra
542 4677 616 4734 quos
629 4658 774 4716 exaltatus
788 4665 842 4731 est,
856 4665 890 4715 ut
903 4656 939 4716 iis
961 4665 1058 4716 utatur
1077 4664 1214 4733 tanquam
1231 4655 1372 4718 Mtnistris
