3192 5206
177 345 234 402 312
588 361 679 402 iocus
695 361 823 402 uncinus
837 360 971 400 rannus.
1175 340 1302 421 [cuasa.
1318 359 1380 400 xiv.

180 501 343 579 symbolum
366 501 423 558 dici
444 508 548 578 potest.
592 501 678 560 Adde
690 501 767 578 quod
781 522 834 560 nec
848 511 936 578 typus
951 501 1131 577 particularia
1146 499 1238 560 defuit
1252 502 1282 560 in
1297 503 1385 578 passi·

180 582 283 640 onibus
307 581 439 654 Davidis,
455 602 518 656 quae
528 581 730 645 describuntur
742 583 819 639 Psal.
837 581 909 638 xxii.
925 590 953 639 et
969 580 1052 652 lxix,
1068 601 1134 656 quae
1148 601 1207 638 non
1225 583 1312 640 modo
1327 581 1386 640 fue·

181 668 247 719 runt
258 669 393 734 externae,
410 660 461 718 scd
475 671 504 718 et
519 661 646 719 internae.
1209 654 1213 676 ¹

222 740 263 798 X.
286 740 352 797 Non
373 760 489 798 necesse
514 749 558 798 est
571 749 603 799 ut
617 749 793 799 sacramenta
818 760 917 798 omnes
934 749 1029 817 partes
1043 739 1209 815 passionum
1225 739 1332 799 Christi
1346 761 1387 799 re-

182 828 365 898 praesentent,
382 819 486 878 sufficit
500 829 532 877 ut
545 828 655 896 partem
670 821 824 896 quandam,
839 841 904 896 quae
918 820 1011 896 potuit
1025 818 1131 877 talibus
1146 820 1286 897 symbolis
1301 819 1388 896 signi·

182 899 269 974 ficari,
286 899 338 957 sed
359 919 397 957 ex
417 919 474 976 qua
494 899 611 975 reliquae
626 899 709 958 facile
729 901 910 975 colligantur,
927 899 1090 974 exhibeant,
1108 919 1172 956 cnm
1188 921 1251 958 sese
1265 901 1389 958 invicem

183 980 355 1038 comitentur
367 979 529 1037 necessario
544 979 573 1037 in
588 979 702 1038 Christo
718 1002 725 1054 ;
747 999 800 1038 nec
814 999 891 1036 mors
906 979 1012 1036 Christi
1026 978 1118 1056 possit
1132 979 1305 1054 adumbrari,
1321 981 1390 1056 quin

182 1059 347 1117 maledictio
361 1058 404 1116 illi
418 1058 562 1135 adjuncta,
578 1061 668 1117 menti
681 1068 787 1118 nostrae
801 1059 978 1117 obversetur.

224 1138 284 1196 XI.
309 1138 485 1196 Sacrificium
493 1138 599 1196 Christi
615 1147 734 1197 vocatur
748 1140 851 1197 oblatio
864 1140 999 1214 emporia,
1011 1137 1088 1195 Heb.
1104 1159 1143 1214 x,
1159 1158 1218 1197 non
1232 1139 1262 1195 in
1277 1139 1390 1216 opposi-

183 1219 262 1278 tione
276 1218 403 1294 corporis
417 1217 454 1274 ad
469 1218 601 1291 animam,
618 1239 705 1294 quam
719 1219 805 1276 etiam
818 1219 949 1295 posuisse
964 1238 1015 1294 pro
1029 1217 1113 1275 nobis
1136 1217 1249 1292 dicitur,
1267 1219 1325 1276 Isa.
1339 1218 1390 1276 liii.

186 1301 232 1370 10,
248 1306 277 1355 et
291 1298 360 1356 Joh.
376 1318 405 1355 x.
423 1300 469 1371 15,
485 1298 536 1355 sed
551 1318 602 1374 pcr
625 1299 781 1356 antithesin
803 1298 841 1355 ad
867 1298 1011 1356 Sacrificia
1029 1296 1161 1355 Levitica
1175 1299 1260 1356 toties
1280 1297 1391 1370 iterata,

185 1378 220 1436 de
242 1376 347 1454 quibus
370 1377 542 1453 loquebatur
557 1378 725 1454 Apostolus.
768 1377 855 1436 Unde
880 1377 935 1435 hoc
949 1396 1041 1454 genus
1059 1376 1197 1453 loquendi
1212 1377 1390 1454 aptissimum

185 1457 247 1516 luit.

227 1537 303 1595 XII.
327 1538 425 1613 Atque
440 1538 507 1596 binc
528 1559 585 1596 non
604 1538 724 1596 obscure
749 1537 903 1613 colligitur,
920 1535 990 1612 quid
1011 1536 1200 1612 judicandum
1225 1535 1263 1594 sit
1277 1535 1313 1594 de
1327 1555 1391 1614 pas-

186 1617 317 1676 sionibus
332 1616 447 1692 Christi,
464 1618 513 1674 An
528 1618 703 1694 gehennales
718 1626 747 1675 et
760 1626 891 1676 tartareae
912 1617 985 1675 bene
1000 1616 1139 1690 dicantur,
1156 1625 1189 1674 ut
1202 1616 1305 1673 volunt
1320 1616 1392 1674 Nos-

185 1698 232 1756 tri.
276 1697 347 1755 Cum
363 1697 440 1754 enim
454 1699 579 1770 infernus
588 1698 618 1755 in
634 1697 789 1774 Scriptura,
806 1717 862 1754 nou
877 1705 989 1755 tantum
1005 1695 1196 1771 sepulchrum,
1212 1704 1262 1753 aut
1276 1695 1392 1752 damna·

186 1787 281 1836 torum
306 1776 412 1850 sedem,
429 1777 480 1834 sed
507 1778 594 1836 etiam
621 1785 780 1835 extremam
795 1777 917 1834 miseria
945 1785 974 1835 ct
1002 1775 1173 1832 calamitatis
1201 1775 1393 1833 conditionem

186 1865 275 1932 notet,
301 1864 333 1914 ut
346 1857 419 1914 bene
455 1857 590 1915 observat
613 1857 700 1914 Arias
716 1857 881 1930 Montanus,
898 1865 927 1914 et
949 1856 1054 1929 inferni
1062 1857 1173 1912 dolores
1186 1867 1329 1930 ponantur
1343 1875 1395 1930 pro

187 1935 367 2012 gravissimis
379 1957 386 2010 ;
402 1936 474 1993 nihil
488 1937 584 1994 obstat
599 1936 704 1993 Christi
718 1936 869 2012 passiones
883 1936 938 1994 hoc
953 1954 1039 1994 sensu
1048 1934 1201 1992 inlemalcs
1212 1934 1269 1992 dici
1280 1942 1396 2011 propter

190 2035 289 2074 aarum
301 2015 446 2073 diritatem
461 2025 489 2072 et
504 2015 703 2073 intensionem.

230 2095 325 2152 XIII.
348 2094 409 2151 Nec
423 2103 519 2152 tamen
533 2104 684 2171 propterca
699 2103 774 2152 recte
796 2095 924 2153 dixeris:
940 2094 997 2152 Vel
1006 2093 1204 2151 damnatorum
1219 2093 1313 2150 locum
1329 2092 1396 2151 sub·

188 2175 264 2249 iisse,
281 2181 310 2231 et
321 2173 487 2231 damnatum
502 2174 607 2232 fuisse:
631 2174 705 2247 Quia
719 2174 812 2249 potuit
826 2174 941 2250 quidem
956 2173 1029 2231 ferre
1047 2193 1146 2249 penus
1160 2175 1397 2247 damnandorum,

190 2254 241 2312 sed
255 2273 312 2311 nou
325 2255 532 2326 damnatorum,
548 2263 581 2311 ut
595 2254 624 2310 in
640 2254 734 2310 locum
748 2253 915 2311 infernalem
927 2253 997 2330 ipsis
1009 2262 1139 2329 paratum
1149 2252 1343 2326 descenderet,
1359 2271 1397 2310 ex

189 2352 247 2409 quo
260 2332 333 2390 nulli
346 2332 430 2389 datur
443 2332 570 2407 reditus,
594 2332 651 2389 Vel
666 2341 779 2390 aeternae
793 2353 886 2408 poenae
900 2333 988 2391 fuisse
1004 2332 1159 2406 addictum,
1173 2331 1247 2406 Quia
1257 2332 1399 2390 eternitas

189 2431 339 2489 poenamm
354 2411 438 2468 nobis
452 2411 612 2470 debitarum
626 2431 678 2488 per
688 2431 784 2470 earum
801 2413 972 2487 gravitatem
983 2419 1012 2470 et
1023 2413 1233 2470 extremitatem
1242 2412 1273 2469 in
1284 2411 1399 2470 Christo

191 2490 304 2550 abunde
320 2498 503 2567 compensata
517 2501 570 2550 est.

232 2571 323 2629 XIV.
346 2570 441 2629 Multo
455 2571 551 2629 minus
565 2573 735 2647 Desperatio
750 2571 865 2630 Christo
876 2571 963 2630 debet
977 2572 1073 2647 tribui,
1089 2592 1154 2649 quse
1169 2572 1246 2630 cadit
1273 2572 1303 2629 in
1317 2571 1399 2629 dam-

192 2658 295 2710 natos:
317 2650 392 2724 Quia
405 2669 463 2708 non
478 2659 522 2709 est
535 2651 572 2710 de
583 2653 700 2709 essentia
708 2671 800 2728 poeaoe
814 2651 844 2708 in
859 2672 889 2710 ac
904 2652 1100 2727 consideratae,
1116 2663 1145 2710 et
1159 2659 1243 2728 prout
1261 2671 1279 2708 a
1291 2651 1400 2710 Judice

193 2730 344 2808 inflIgitur,
361 2730 412 2788 sed
426 2730 462 2789 de
477 2731 548 2789 vitio
563 2730 686 2808 subjecti
700 2732 844 2808 patientis,
860 2732 939 2808 quod
953 2751 1018 2790 eum
1033 2732 1221 2790 aeternitatem
1235 2731 1304 2788 mali
1314 2731 1399 2789 diris·

193 2811 259 2869 simi
272 2810 404 2884 attendit,
420 2819 448 2869 et
463 2811 722 2888 impossibilitatem
737 2831 774 2868 cx
799 2832 832 2869 ea
856 2812 1010 2886 eluctandi,
1025 2831 1083 2869 non
1097 2820 1192 2888 potest
1207 2811 1276 2888 quin
1290 2810 1321 2868 in
1335 2809 1400 2870 des-

193 2891 369 2969 perationem
384 2890 477 2962 cadat,
502 2911 567 2967 quae
592 2891 766 2949 alienissima
790 2889 845 2950 fuit
859 2911 876 2948 a
891 2892 1014 2964 Christe,
1030 2891 1080 2967 qui
1094 2891 1163 2949 lieet
1176 2890 1320 2949 diritatem
1335 2909 1400 2948 oru-

195 2971 321 3029 ciatuum
337 2971 391 3029 sibi
407 2970 588 3028 serendorum
604 2970 730 3045 sentiret,
746 2979 841 3029 certus
856 2981 917 3028 erat
931 2981 1027 3028 tamen
1046 2970 1082 3028 de
1096 2970 1173 3028 felici
1188 2971 1277 3043 exitu,
1293 2978 1323 3028 et
1343 2969 1401 3028 fine

195 3051 331 3126 ipsorum.
355 3051 441 3109 Unde
454 3059 534 3127 patet
548 3050 659 3109 falsitas
673 3051 778 3109 atrocis
792 3051 952 3125 calumniae,
964 3070 1028 3126 quae
1040 3049 1218 3126 iniquissime
1232 3049 1403 3126 impingitur

196 3131 233 3188 ab
249 3129 434 3188 Adversariis
448 3131 477 3187 in
493 3131 646 3188 Calvinum
660 3139 798 3203 nostrum,
814 3141 878 3189 uta
892 3130 966 3188 Bell.
982 3130 1032 3188 lib.
1048 3129 1087 3187 iv.
1107 3129 1143 3188 de
1159 3129 1281 3204 Christo,
1295 3149 1356 3205 cap.
1372 3132 1400 3204 8,

198 3210 324 3268 Genebr.
336 3209 366 3266 in
388 3209 464 3268 Psal.
480 3211 562 3284 xxii,
577 3210 705 3268 Maldon.
722 3211 751 3266 in
764 3210 869 3268 Matth.
880 3209 982 3283 xxvii,
995 3219 1024 3267 et
1038 3209 1112 3281 aliis,
1129 3209 1197 3284 quia
1207 3209 1248 3267 ait
1258 3209 1288 3266 in
1295 3207 1401 3268 Matth.

198 3289 291 3345 xxvii.
307 3291 353 3364 46,
372 3291 389 3321 “
400 3291 458 3346 sm
470 3292 622 3347 absurdum
637 3299 677 3347 est
692 3290 803 3348 Christo
817 3293 943 3365 elapsam
958 3289 1159 3364 desperationis
1173 3289 1294 3362 vocem,''
1330 3288 1403 3361 Quis

198 3367 274 3425 enim
298 3386 356 3425 non
380 3367 461 3426 videt
475 3388 537 3426 esse
563 3369 762 3444 objectionem,
778 3389 864 3444 quam
889 3368 945 3426 sibi
968 3369 1103 3445 proponit
1123 3388 1159 3426 cx
1185 3368 1281 3426 verbis
1295 3367 1403 3425 Christi

199 3449 278 3504 Deus
289 3447 335 3519 mi,
347 3445 410 3519 uc,
423 3466 566 3522 quamque
575 3448 615 3505 ita
630 3447 723 3522 diluit,
736 3456 768 3505 ut
779 3447 985 3506 alienissimum
996 3469 1014 3505 a
1028 3449 1276 3524 desperationem
1289 3445 1403 3504 fiduciae

198 3526 315 3602 plenum
330 3545 442 3600 semper
457 3526 543 3583 luisse
566 3527 723 3584 clarissime
738 3530 874 3586 asserat?
896 3530 914 3559 “
925 3528 1066 3602 Soluti0‚”
1089 3528 1190 3604 iuquit,
1215 3531 1232 3560 “
1243 3526 1335 3584 facilis
1349 3535 1403 3600 est,

199 3623 363 3680 quanquam
400 3624 500 3662 sensus
529 3606 622 3662 carnis
655 3605 775 3664 exitium
808 3607 1043 3683 apprehenderet,
1080 3607 1169 3664 fixam
1201 3615 1297 3665 tamen
1334 3615 1404 3665 stet·

198 3684 256 3741 isse
270 3682 356 3741 fidem
371 3682 401 3739 in
426 3684 489 3758 ejus
504 3684 597 3758 corde,
623 3705 681 3762 qua
706 3685 800 3742 lleum
821 3695 990 3762 praesentem
1005 3687 1125 3745 intuitus
1140 3696 1191 3762 est,
1208 3686 1243 3744 de
1258 3687 1342 3762 cujus
1357 3687 1406 3744 ab·

201 3762 293 3822 sentia
307 3763 519 3837 conqueritur.”
543 3763 584 3821 At
599 3765 622 3820 si
647 3763 719 3822 fides
738 3765 798 3822 fixa
811 3765 865 3824 suit
886 3767 917 3823 in
932 3767 995 3844 ejus
1017 3767 1112 3838 eorde,
1138 3766 1282 3842 quomodo
1297 3765 1326 3823 in
1341 3785 1406 3824 eum

200 3843 294 3920 potuit
318 3841 419 3900 cadere
442 3842 627 3919 desperatio?
649 3845 733 3918 Quod
746 3844 849 3905 fortius
871 3846 965 3904 adhuc
989 3847 1147 3920 confirmat,
1161 3845 1255 3904 Instit.
1270 3845 1320 3903 lib.
1336 3845 1366 3903 ii.
1381 3867 1407 3904 c.

205 3927 250 3996 16,
267 3926 354 3997 5,12,
370 3930 403 3980 ut
417 3941 454 3980 cx
476 3923 532 3981 loci
557 3923 733 4000 inspectione
758 3935 846 4001 patet.
871 3926 929 3984 Sed
944 3926 967 3983 si
981 3927 1085 3984 liberet
1099 3926 1282 3999 recriminari,
1298 3933 1407 4001 quanto

195 4003 307 4080 justius
320 4002 375 4060 hoc
389 4011 487 4078 posset
501 4003 622 4080 impingi
638 4003 829 4078 Adversariis,
842 4025 879 4064 ex
894 4006 998 4080 quibus
1013 4025 1071 4062 non
1085 4005 1167 4081 pauci
1183 4005 1310 4062 criminis
1324 4005 1409 4063 istius

204 4083 244 4141 rei
260 4082 535 4159 deprehenduntur?
555 4092 588 4143 ut
609 4083 796 4143 Maldonatus
820 4086 849 4143 in
873 4085 977 4143 Matth.
1001 4085 1103 4157 xxvii,
1127 4086 1219 4142 Ferus
1240 4085 1409 4142 ineundam

203 4163 307 4236 locum,
323 4162 373 4237 qui
387 4161 615 4239 desperationem
631 4163 744 4222 Christo
765 4185 901 4241 expresse
922 4165 1060 4238 tribuunt,
1077 4165 1208 4222 Cusanus
1223 4164 1258 4222 de
1270 4163 1410 4222 Cruciati-

203 4243 259 4300 bus
275 4242 381 4299 Christi
396 4251 425 4300 et
439 4243 498 4301 alii.
521 4242 596 4300 Vide
614 4244 695 4321 Disp.
712 4245 808 4303 Nostr.
824 4244 860 4302 de
877 4244 973 4302 Satias.
990 4265 1017 4320 p.
1033 4247 1101 4302 283.

245 4321 317 4378 XV.
340 4321 405 4378 Non
420 4322 545 4380 absimili
558 4323 701 4380 calumnia
715 4331 866 4381 accusatur
879 4342 1001 4398 magnus
1023 4325 1078 4380 Vir
1093 4323 1156 4398 Dei,
1173 4322 1250 4398 quod
1265 4322 1411 4381 Christum

205 4403 370 4459 damnatum
384 4400 471 4460 fuisse
486 4401 600 4476 dixerit,
613 4402 682 4478 quia
700 4403 833 4461 Sectioue
847 4422 876 4459 x.
893 4403 1009 4460 Catecli.
1025 4404 1051 4460 in
1073 4404 1126 4460 tali
1145 4404 1325 4461 damnatione
1345 4423 1409 4460 con·

205 4481 328 4538 stitutum
351 4480 428 4554 dicit,
455 4490 487 4539 ut
511 4501 530 4538 a
541 4481 603 4538 Deo
615 4501 645 4539 se
657 4481 825 4540 derelictum
840 4491 1014 4556 conquestus
1029 4483 1074 4541 sit.
1098 4482 1208 4540 Vemrn
1225 4485 1251 4540 1.
1267 4481 1338 4555 Quis
1353 4501 1410 4539 non

207 4559 287 4616 videt
301 4559 348 4617 hic
368 4561 576 4617 damnationem
598 4579 650 4637 pro
664 4561 890 4618 condennatione
904 4562 981 4637 poni,
998 4581 1034 4619 ex
1056 4562 1133 4638 stylo
1157 4563 1265 4638 linguas
1289 4562 1411 4620 Gallicae

206 4646 275 4697 tunc
303 4637 439 4713 temporis
453 4639 662 4697 usitatissimo?
692 4644 720 4698 2.
748 4639 778 4698 si
792 4639 934 4697 ‘Christus
958 4638 1063 4698 dicitur
1087 4643 1253 4716 maledictio,
1279 4661 1330 4699 cur
1354 4659 1412 4698 uon
