3150 5206
127 399 241 450 Qurssr.
259 379 316 460 rx]
564 399 601 438 os
616 398 740 438 rmnaxn
755 399 883 438 enarrer.
1168 383 1171 390 '
1279 384 1337 440 215

126 544 194 620 cjus
208 541 410 600 executionem
431 548 561 617 paratum
577 559 640 599 esse
655 547 786 600 testatur.
829 539 890 598 Nec
903 539 962 598 alio
983 539 1115 616 pertinet,
1138 541 1216 616 quod
1230 540 1335 599 dicitur

128 627 148 654 “
164 623 271 699 Agnus
285 630 428 679 mactatus
442 640 460 677 a
473 619 641 678 fundatione
655 619 784 695 mundi,''
798 618 890 696 Apoc.
907 619 969 678 xiii.
984 622 1012 694 8,
1022 639 1109 696 quam
1124 629 1156 678 ut
1164 619 1290 679 efficacia
1305 631 1333 678 et

126 701 273 760 certitudo
291 701 374 758 iatius
398 698 567 776 Sponsionis
581 698 757 775 designetur,
780 718 832 776 per
845 719 932 775 quam
953 698 998 774 sit,
1021 707 1055 758 ut
1076 699 1333 777 sacrificiumpost

127 781 221 840 multa
235 781 351 838 demum
362 779 460 838 secula
473 778 609 853 futurum,
621 779 683 854 jam
697 798 750 854 pro
764 779 861 838 oblato
875 777 1005 837 habitum
1020 778 1067 837 sit.
1188 817 1192 826 ·

169 860 261 918 VIII.
285 859 428 934 Secundo,
444 859 500 917 lici
519 859 605 934 ipsius
627 867 732 916 natura
746 859 801 916 hoc
814 858 949 936 postulat,
966 857 1028 917 sive
1048 861 1128 916 Deua
1141 859 1188 918 eui
1212 859 1334 936 Sponsio

126 940 192 999 lieri
206 938 307 998 debuit
321 939 497 1016 respiciatur,
514 939 576 997 sive
590 939 725 1013 Sponsor,
741 939 791 1013 qui
805 958 868 996 eam
882 937 975 997 facere
990 939 1150 1012 tenebatur,
1165 939 1227 996 sive
1242 941 1336 997 Electi

126 1021 185 1098 ipsi
199 1039 252 1096 pro
266 1018 372 1095 quibus
387 1018 555 1095 spondebat,
578 1017 639 1076 sive
653 1018 816 1092 sponsionis
830 1019 915 1092 ipsitu
930 1027 1042 1092 namra,
1066 1037 1131 1076 cnm
1145 1020 1209 1095 ejus
1223 1018 1333 1077 eflectis

127 1099 304 1158 attendatur.
347 1097 422 1156 Nam
436 1098 474 1156 ad
487 1099 582 1156 Deam
592 1096 670 1174 quod
684 1097 795 1173 attinet,
812 1097 1062 1174 Expromissorem
1077 1117 1186 1172 varum,
1202 1117 1260 1156 non
1274 1118 1333 1157 me·

128 1199 193 1238 rum
207 1178 408 1255 fidejussorem
429 1177 567 1254 exigebat
580 1177 643 1253 ejus
663 1178 788 1252 Juatitia,
811 1196 875 1253 quas
890 1185 994 1235 utnon
1014 1177 1108 1255 potuit
1122 1177 1294 1236 solutionem
1316 1199 1333 1236 a

128 1259 231 1336 primis
246 1257 433 1316 Debitoribus
447 1265 619 1334 expectare3
642 1256 682 1314 ita
703 1275 761 1314 non
774 1255 870 1333 potuit
882 1255 1065 1335 acquiescere
1079 1256 1135 1315 nisi
1157 1257 1185 1314 in
1200 1258 1333 1316 absoluta

131 1339 201 1396 Filii
217 1337 387 1415 sponsione,
403 1357 456 1394 nec
470 1335 513 1393 illi
527 1336 718 1395 conveniebat
733 1335 879 1394 Christum
894 1336 1024 1395 simulet
1039 1336 1156 1395 Electus
1170 1336 1271 1396 eodem
1282 1337 1331 1396 de-

128 1427 208 1478 creto
221 1437 337 1476 manere
348 1416 501 1493 obligatos,
517 1435 582 1474 eum
594 1415 659 1474 ideo
670 1415 700 1472 in
710 1415 822 1474 Vadem
837 1415 908 1492 ipsis
922 1414 960 1474 sit
971 1415 1063 1491 datus,
1080 1425 1160 1475 uteo
1174 1416 1237 1493 ipso
1248 1416 1331 1475 liberi

129 1498 352 1558 dimitterentur.
395 1496 457 1555 Nec
477 1496 624 1572 Sapientia
638 1497 710 1572 ejus,
733 1495 985 1554 consectationis
1005 1515 1057 1572 per
1071 1496 1216 1554 Christum
1238 1496 1332 1555 solum

120 1571 301 1654 ‘proestaudae
315 1575 443 1653 praescia,
463 1575 558 1652 potuit
572 1595 629 1649 eos,
646 1575 783 1651 aquibus
797 1574 903 1633 solutio
917 1594 1063 1651 nunqnam
1085 1575 1209 1651 petenda
1223 1575 1285 1650 suit,
1301 1587 1333 1635 ut

129 1657 277 1716 debitores
291 1656 345 1715 sub
359 1655 536 1732 obligatione
550 1663 656 1728 tenere,
673 1664 701 1712 et
714 1662 748 1712 ut
761 1673 826 1712 reos
840 1653 934 1712 adhuc
948 1654 1062 1712 intueri.
1092 1655 1155 1712 lmo
1166 1673 1231 1712 cum
1246 1675 1333 1731 opera

130 1736 187 1794 Dei
210 1736 247 1794 ab
270 1743 377 1794 oeterno
398 1735 454 1812 ipsi
475 1735 533 1793 sint
554 1733 679 1810 cognita,
703 1733 770 1791 Act.
793 1753 842 1790 xv.
868 1736 913 1807 18,
933 1753 985 1809 per
1004 1733 1102 1792 lumen
1124 1733 1330 1792 omniscientiae

130 1815 256 1893 Sponsio
271 1815 326 1875 ista
339 1833 398 1872 non
411 1813 497 1872 modo
510 1821 544 1873 ut
557 1813 662 1878 futura,
678 1813 730 1871 sed
745 1813 808 1889 jam
822 1820 855 1871 ut
868 1831 1003 1889 praesens,
1019 1811 1077 1870 irno
1091 1821 1124 1871 ut
1137 1821 1253 1890 peracta
1269 1814 1332 1872 Deo

128 1895 347 1968 observabatur,
363 1902 392 1952 et
405 1893 532 1952 efficacia
546 1913 598 1952 sua
612 1891 712 1950 eadem
727 1891 866 1950 beneficia
882 1892 1017 1950 Patribus
1031 1891 1127 1967 dabat,
1143 1892 1248 1968 quibus
1262 1893 1331 1952 frui·

128 1995 203 2049 mur,
219 1973 298 2051 quod
311 1993 391 2031 mera
404 1973 553 2050 fidejussio
567 1980 702 2049 praestare
718 1992 774 2030 non
789 1971 939 2049 potuisset

171 2053 232 2112 IX.
257 2054 388 2121 Qualitas
402 2053 487 2111 etiam
509 2052 659 2128 Sponsort's
679 2052 734 2110 hoc
748 2052 892 2128 importat,
915 2072 981 2110 nam
996 2061 1028 2112 ut
1042 2061 1086 2112 est
1108 2053 1188 2112 Deus
1202 2053 1332 2113 infinitus

128 2143 160 2193 et
167 2133 402 2212 perfectissimus,
420 2132 542 2208 Sponsio
551 2133 615 2209 ejus
628 2130 729 2190 debuit
743 2151 806 2190 esse
821 2132 1036 2209 perfectissima,
1049 2142 1078 2191 et
1092 2134 1240 2192 involvere
1251 2135 1331 2210 quie-

128 2211 201 2290 quid
224 2212 405 2290 perlectionis
426 2213 457 2270 in
478 2211 698 2288 Expromissore
719 2210 756 2268 ad
779 2211 940 2270 debitorum
961 2212 1161 2271 liberationem
1183 2214 1331 2289 contineri,

127 2293 244 2370 concipi
264 2300 368 2370 potest.
412 2289 544 2364 Accedit,
566 2290 644 2368 quod
659 2311 724 2349 cum
739 2292 777 2350 sit
790 2291 857 2350 talis
880 2293 1015 2368 Sponsor,
1038 2293 1087 2370 qui
1109 2292 1332 2352 abhominibus

128 2392 184 2432 nec
199 2373 343 2446 iuventus,
369 2391 423 2430 nec
437 2371 522 2430 datus
536 2379 589 2444 est,
612 2371 663 2428 sed
676 2391 694 2428 a
709 2371 772 2428 Deo
786 2371 868 2448 ipso;
890 2372 947 2430 imo
962 2371 1012 2448 qui
1033 2371 1159 2448 seipsum
1174 2373 1210 2431 ab
1225 2381 1332 2431 aeterno

129 2453 211 2511 Patri
226 2452 332 2511 obtulit
345 2461 375 2510 ct
387 2452 452 2510 loco
472 2459 655 2527 pcccatorum
677 2451 826 2510 substituit
846 2451 956 2528 absque
970 2451 1085 2511 illorum
1106 2451 1283 2512 conscientia
1303 2463 1333 2511 et

129 2530 283 2606 desiderio,
306 2531 356 2610 qui
371 2529 544 2590 solutionem
566 2529 685 2588 daturus
700 2539 761 2588 crat
781 2530 860 2589 solus
882 2551 918 2589 ex
940 2531 1113 2590 immutabili
1135 2533 1190 2590 Dei
1205 2532 1329 2608 decreta,

127 2612 215 2688 cujus
229 2610 371 2670 certitudo
391 2609 629 2687 promissionibus
643 2609 732 2667 variis
749 2609 979 2686 confirmabatur,
1002 2619 1031 2668 ct
1044 2613 1122 2688 typis
1137 2613 1333 2689 compluribus

128 2691 347 2767 obsignabatur,
363 2711 421 2748 non
436 2689 578 2766 potuisset
591 2689 646 2747 hoe
660 2689 774 2765 exequi,
796 2689 852 2747 nisi
862 2692 924 2766 jarn
940 2697 1001 2748 turn
1017 2691 1246 2766 Expromissoris
1266 2712 1330 2767 par-

129 2781 175 2830 tes
188 2770 376 2847 implevisset,
398 2777 428 2828 et
441 2789 499 2828 non
513 2776 625 2827 tentum
648 2768 851 2846 Fidcjussoris.
895 2769 980 2828 Unde
994 2770 1061 2828 talis
1081 2770 1135 2828 fuit
1156 2770 1283 2828 efficacia
1302 2779 1332 2829 et

127 2849 250 2910 effectus
261 2850 344 2908 istius
350 2849 522 2927 sponsionis,
532 2857 565 2906 ut
573 2849 637 2924 ejus
646 2849 752 2906 virtute
769 2848 869 2906 Patres
883 2849 967 2925 plane
982 2849 1019 2906 ab
1033 2849 1166 2908 omnihus
1180 2850 1282 2926 poenis,
1295 2850 1331 2908 ab

128 2930 201 3008 ipsis
216 2929 390 2988 commeritis
405 2929 463 2988 sint
476 2927 599 3000 liberati,
619 2937 652 2986 ut
666 2928 771 2986 solutio
785 2928 823 2985 ab
837 2928 907 3003 ipsis
921 2929 1045 3003 amplius
1060 2927 1140 3004 exigi
1153 2949 1210 2986 non
1231 2937 1330 3004 potue-

83 3045 101 3070 ·
128 3011 176 3068 rit.
220 3009 304 3082 Quod
315 3009 380 3066 Viri
396 3007 483 3066 Docti
496 3027 561 3066 cum
575 3007 681 3083 quibus
702 3027 747 3065 res
761 3008 845 3065 nobis
859 3027 935 3064 nunc
950 3015 1003 3080 est,
1018 3026 1075 3065 non
1090 3015 1244 3082 potuerunt
1258 3007 1331 3065 diffi-

128 3088 193 3148 teri.
221 3088 298 3146 Hiuc
314 3089 410 3148 Celeb.
427 3088 564 3146 Cocceius
576 3089 655 3144 Sum.
671 3087 771 3144 Theol.
787 3107 812 3144 c.
827 3089 875 3160 35,
892 3107 914 3143 s.
930 3090 969 3144 2:
988 3089 1006 3118 “
1022 3085 1150 3144 Effectus
1162 3087 1331 3162 Sponsiouis

128 3168 192 3240 fuit,
215 3175 248 3226 ut
268 3175 418 3244 peecatum
433 3175 584 3243 postquam
607 3166 791 3223 commissum
806 3174 875 3239 erat,
885 3185 942 3222 non
954 3165 1142 3240 imputaretur
1157 3166 1331 3224 Harredibus

127 3249 157 3304 in
173 3248 359 3306 Testamenta
381 3247 504 3323 seriptis,
521 3246 583 3304 sive
597 3253 629 3304 ut
643 3264 702 3303 non
715 3254 814 3322 posset
828 3263 891 3302 esse
905 3244 935 3300 in
957 3246 1021 3303 Deo
1035 3244 1170 3304 voluntas
1191 3246 1329 3322 puniendi

127 3334 279 3404 peccatum
294 3327 323 3383 in
338 3326 417 3403 ipsis,
440 3325 546 3402 quippe
566 3325 645 3400 quod
667 3324 822 3401 impactum
837 3333 898 3382 erat
919 3323 949 3380 in
972 3325 1153 3400 Sponsorem,
1176 3332 1205 3382 et
1219 3325 1249 3382 in
1264 3345 1329 3384 euru

127 3405 255 3464 debebat
278 3406 423 3464 incurrere
442 3413 471 3462 et
485 3405 522 3463 ab
537 3423 570 3462 eo
592 3403 703 3480 exigi,''
728 3403 784 3462 Isa.
800 3404 852 3462 liii.
868 3407 894 3477 6,
912 3408 947 3477 73
972 3405 1010 3461 Et
1025 3423 1047 3461 s.
1066 3407 1131 3479 134,
1156 3405 1246 3462 “Pro
1266 3406 1328 3482 qui·

127 3485 183 3543 hus
198 3485 274 3543 enim
289 3485 463 3562 subrogatus
477 3491 530 3558 est,
545 3503 643 3542 eorum
661 3484 788 3561 Sponsor
802 3483 907 3558 extitit,
924 3483 1037 3542 illorum
1059 3493 1177 3562 peccata
1191 3485 1220 3542 iu
1234 3485 1329 3564 ipsum

125 3565 259 3623 con'ecta
272 3566 366 3623 suut.’'

169 3585 211 3702 Σὲ.
234 3643 342 3718 Tertia,
359 3645 452 3712 Elccli
464 3644 519 3720 spei
532 3665 583 3720 pro
598 3643 704 3720 quibus
721 3645 843 3720 Sponsio
857 3643 953 3720 fiebat,
966 3647 1214 3722 Expromissorem
1229 3649 1328 3723 exige-

124 3723 205 3796 bant,
222 3743 279 3780 non
294 3731 405 3782 tantum
422 3725 644 3800 Fidejussorern.
688 3725 762 3797 Quia
778 3724 905 3800 Sponsor
925 3725 1052 3801 ipsorum
1067 3727 1168 3786 debuit
1184 3747 1248 3786 csse
1262 3733 1328 3784 ἀκί-

124 3802 222 3877 dcxx,
246 3815 278 3862 ut
292 3811 359 3861 ante
373 3803 491 3877 dictum,
507 3804 558 3879 qui
579 3823 609 3861 se
630 3823 682 3880 pro
700 3803 757 3860 reis
779 3804 965 3863 substitueret
979 3805 1016 3864 ad
1030 3826 1131 3882 poenas
1144 3806 1203 3864 illis
1217 3807 1331 3865 debitas

125 3883 287 3960 patiendas,
303 3892 332 3942 et
346 3903 396 3941 eos
410 3883 464 3941 hac
478 3883 588 3942 ratione
602 3882 775 3956 liberandos,
791 3883 869 3959 quod
883 3883 1035 3962 fidejussor
1048 3905 1144 3944 merus
1158 3905 1216 3943 nou
1235 3894 1331 3960 potest

124 3971 273 4039 praestare,
288 3962 339 4038 qni
358 3962 481 4039 spondet
500 3969 611 4020 tautum
626 3961 663 4018 ed
682 3961 891 4020 certiorandam
905 3963 991 4022 fidem
1011 3964 1161 4022 creditoris
1175 3963 1211 4020 dc
1225 3965 1329 4039 accipi·

125 4041 202 4100 enda
216 4042 368 4111 solutIoue,
385 4041 509 4100 sednon
523 4041 641 4118 praecise
656 4061 715 4100 sua.
759 4041 872 4100 Deinde
887 4052 919 4101 ut
931 4043 1025 4101 Electi
1040 4063 1097 4100 non
1111 4050 1193 4098 erant
1205 4042 1330 4118 amplius

124 4121 278 4193 solvendo,
294 4122 335 4180 ita
348 4141 401 4179 nec
415 4121 452 4178 ab
466 4121 537 4198 ipsis
551 4121 581 4178 in
596 4129 734 4179 arternum
748 4122 842 4196 potuit
862 4122 1008 4198 expectari
1023 4121 1136 4194 solutio,
1152 4119 1210 4178 imo
1225 4141 1279 4179 nec
1293 4141 1331 4180 ex

124 4201 243 4260 decreto
260 4201 315 4258 Dei
330 4219 456 4276 unquam
470 4199 525 4258 suit
539 4199 719 4276 postulanda.
762 4199 834 4258 Ideo
850 4201 977 4278 Sponsor
991 4199 1091 4257 debuit
1107 4199 1238 4258 absolute
1253 4201 1329 4258 solu-

123 4281 234 4339 tionem
249 4280 280 4336 in
295 4299 325 4336 se
334 4279 470 4356 recipere,
480 4279 609 4356 adeoque
618 4280 758 4338 rationem
769 4279 997 4356 Expromissoris
1006 4279 1100 4354 reipsa
1114 4277 1229 4336 habere.
1272 4279 1330 4338 De·

123 4360 212 4436 nique
234 4377 300 4418 cum
323 4377 381 4416 non
402 4367 514 4417 tantum
535 4357 667 4418 salvandi
682 4359 787 4418 fuerint
808 4378 858 4436 per
873 4359 1027 4430 Christum,
1051 4357 1101 4414 sed
1115 4356 1210 4432 reipsa
1227 4357 1330 4417 salvati

123 4439 191 4514 sint,
207 4447 239 4496 et
252 4437 283 4495 in
298 4437 402 4495 coelum
417 4437 524 4514 recepti
539 4437 659 4514 pervim
672 4438 841 4514 Sponsionis
853 4438 958 4497 Christi
971 4459 978 4512 3
1001 4455 1058 4492 nen
1070 4434 1175 4494 suffieit
1186 4435 1331 4495 Christum

121 4517 212 4578 fuisse
229 4515 455 4592 Fidejussorem,
471 4517 521 4592 qui
536 4525 600 4594 post
615 4537 645 4576 se
660 4538 718 4576 non
739 4518 828 4575 trahit
841 4517 1038 4594 primariorum
1054 4514 1215 4573 debitorum
1231 4535 1328 4592 perso-

123 4599 220 4658 nalem
236 4595 446 4668 liberationem,
463 4595 513 4654 sed
527 4597 688 4655 necessario
702 4597 841 4654 rationem
857 4593 1087 4670 Expremissoris
1100 4592 1201 4652 debuit
1214 4594 1329 4668 habere,

121 4678 172 4753 qui
195 4673 394 4734 omnimodam
408 4674 607 4734 liberationem
629 4676 752 4752 acquirit
768 4676 803 4732 iis
825 4695 876 4751 pre
891 4674 995 4750 quibus
1017 4673 1147 4748 spondet.
1191 4673 1274 4730 Alias
1289 4674 1330 4734 di·
