3186 5210
282 383 342 441 490
692 399 783 439 nocue
799 397 927 439 necinus
942 397 1077 446 ournrus.
1305 379 1418 460 [onasr.
1432 399 1464 438 vr.

281 541 339 598 Sed
355 540 502 598 Voluntas
517 538 694 617 praecipiens,
706 559 770 616 qua
786 559 861 616 saepe
875 539 991 598 nomine
1005 551 1089 603 araris
1116 557 1168 597 seu
1181 539 1294 596 consilii
1308 539 1462 616 designatur,

282 621 368 678 Prov.
384 620 402 677 i.
416 623 463 692 24,
481 623 529 689 25,
545 619 613 677 Act.
628 639 679 677 xx.
695 624 743 690 27,
761 619 853 695 Apoc.
869 619 909 676 iii.
927 622 973 677 18.
1018 620 1167 696 Sprevisse
1182 638 1253 695 ergo
1271 619 1398 678 dicuntur
1410 639 1463 676 con·

280 699 375 756 silium
393 699 446 756 Dei
462 699 491 756 in
501 699 646 776 propriam
659 699 823 776 perniciem,
839 707 980 775 quatenus
999 701 1161 775 rejecerunt
1183 698 1348 758 mandatnm
1363 699 1412 756 Dei
1424 717 1464 773 per

279 779 300 837 J
303 780 443 836 ohannem
459 779 645 855 propositum,
661 797 718 854 quo
733 779 826 836 vocab
837 787 867 836 at
877 797 926 836 eos
941 777 979 836 ad
993 777 1079 837 fidem
1097 791 1126 838 et
1139 777 1384 854 rescipiseenliam,
1398 779 1464 836 etsie

278 858 355 918 viam
372 859 473 916 salutis
487 858 542 915 sibi
557 858 593 915 ab
608 877 642 914 eo
657 866 844 915 monstratam
858 857 1073 934 praeluserunt,
1089 867 1119 918 et
1132 878 1238 934 magno
1264 878 1315 916 suo
1328 858 1398 916 malo
1412 877 1463 933 gra·

280 941 349 998 tiam
365 938 445 994 illam
460 937 517 994 Dei
532 945 599 994 sunt
613 937 767 1012 aspernati.

324 1017 455 1074 XXIX.
479 1015 682 1092 Exprobratio,
698 1034 784 1091 quam
800 1015 932 1074 Christus
957 1015 1025 1075 fecit
1038 1017 1186 1076 Corazinis
1200 1024 1230 1075 et
1245 1017 1424 1075 Bethsaiditis
1437 1015 1464 1072 de
1551 1081 1552 1094 2

279 1097 460 1158 contumacia
474 1115 526 1154 sna
539 1103 568 1153 et
582 1095 791 1168 incredulitate,
808 1096 913 1154 Matth.
924 1095 964 1154 xi.
976 1100 1023 1172 21,
1040 1097 1148 1156 evincit
1157 1095 1275 1174 quidem
1285 1095 1464 1172 gravissimam
1551 1095 1552 1100 ’

279 1198 342 1236 eam
357 1176 445 1234 luisse
460 1184 490 1233 et
503 1174 721 1250 intolerabilem,
738 1175 838 1234 odiosa
852 1177 1064 1252 comparatione
1078 1197 1144 1235 cnm
1159 1175 1378 1252 corruptissimis
1391 1194 1465 1252 popu·
1551 1245 1552 1248 Ἴ

279 1258 325 1332 lis,
342 1263 371 1314 et
381 1255 431 1332 qui
442 1275 459 1312 a
469 1254 583 1314 Judaeis
597 1254 668 1330 ipsis
681 1273 740 1331 prae
763 1255 875 1312 caeteris
892 1255 1025 1314 omnibus
1045 1255 1167 1314 infames
1187 1263 1218 1314 et
1231 1255 1382 1314 execrandi
1394 1255 1466 1311 babe-

280 1336 393 1394 bantur.
437 1335 495 1393 Ssd
509 1342 675 1410 nonpotest
699 1334 820 1410 probare
843 1334 973 1410 gratiam,
1000 1354 1087 1411 quam
1109 1336 1242 1394 Christus
1263 1355 1333 1412 erga
1346 1333 1466 1392 Civitates
1551 1339 1552 1348 ¹

279 1416 344 1474 illas
355 1423 515 1488 exaruerat,
541 1421 570 1471 et
595 1414 641 1471 eui
660 1421 719 1472 tam
738 1413 928 1489 pervicaciter
950 1415 1122 1490 restiterant,
1146 1415 1236 1472 fuisse
1248 1415 1424 1472 sufficientem
1436 1411 1466 1468 ad

279 1496 505 1554 conversionem.
548 1493 609 1552 Nec
623 1494 678 1551 hoo
693 1492 791 1568 colligi
805 1500 901 1570 potest
914 1513 952 1550 ex
966 1514 1000 1552 eo
1014 1494 1092 1570 quod
1106 1495 1213 1552 dieitur
1241 1495 1344 1570 Tyrios
1357 1501 1384 1550 et
1398 1490 1466 1550 Sido·

278 1577 343 1634 nios
358 1593 420 1632 sese
435 1591 625 1632 conversuros
646 1572 743 1646 fuisse,
760 1572 785 1630 si
798 1591 840 1630 eae
854 1572 977 1631 virtutes
1001 1573 1139 1633 intereos
1153 1574 1238 1632 factae
1258 1574 1383 1644 fuissent,
1399 1581 1424 1628 et
1436 1571 1467 1626 si·

279 1656 357 1713 milis
371 1655 464 1731 gratia
478 1672 623 1711 concessa.
668 1655 693 1709 1.
716 1652 790 1725 Quia
803 1652 893 1709 verba
906 1652 963 1710 ista
976 1671 1035 1709 non
1047 1661 1107 1710 tam
1118 1653 1233 1730 proprie
1249 1652 1285 1710 de
1299 1651 1466 1710 conversione

279 1745 346 1794 actu
359 1734 455 1792 lutura
475 1732 601 1808 intelligi
622 1731 736 1805 debent,
759 1751 823 1806 quae
845 1751 896 1808 per
917 1731 978 1789 sola
999 1732 1137 1791 miracula
1157 1732 1290 1810 prestari
1310 1751 1365 1788 non
1378 1739 1466 1807 potest,

279 1834 366 1892 quarn
380 1813 552 1889 hyperbolice
566 1819 595 1868 et
609 1811 792 1887 populariter,
817 1811 855 1868 ad
876 1810 1107 1870 incredulitatem
1128 1820 1158 1870 et
1181 1811 1413 1888 impoenitentiam
1422 1809 1466 1866 Ju-

278 1893 405 1952 dacorum
420 1892 547 1969 ipsorum
558 1889 800 1967 exaggerandam,
817 1911 881 1967 quae
896 1899 1012 1968 superat
1026 1892 1113 1950 etiam
1128 1887 1465 1980 corruptioncmperditis·

279 1974 414 2031 simarum
430 1972 549 2029 istarum
565 1971 723 2028 Gentium:
745 1969 852 2044 Quales
866 1970 1107 2046 exaggerationes
1118 1971 1322 2047 comparativae
1332 1969 1467 2028 familrares
1551 2007 1552 2020 .

277 2061 344 2112 sunt
361 2052 523 2127 Scriptura.
542 2051 597 2124 Sic,
625 2050 711 2107 Erec.
724 2049 763 2106 iii.
774 2051 801 2124 6,
827 2049 968 2107 Dominus
979 2050 1019 2107 ita
1033 2050 1206 2126 Prophetam
1218 2051 1379 2127 compellat,
1402 2045 1467 2103 “Ad

279 2131 395 2190 domurn
412 2130 529 2188 Israelis
543 2130 608 2187 misi
623 2137 660 2203 te,
673 2148 731 2186 non
752 2127 789 2185 ad
803 2129 940 2204 populum
962 2129 1055 2205 ignoti
1080 2129 1229 2203 sermonis,
1246 2130 1309 2188 sive
1323 2128 1466 2197 barbarum,

276 2229 341 2268 nam
358 2211 383 2267 si
396 2209 550 2266 mittereris
562 2208 599 2265 ad
613 2228 662 2266 eos
684 2207 816 2266 audirent
830 2209 888 2282 te,¹'
916 2208 981 2266 Non
1004 2208 1082 2285 quod
1104 2228 1205 2285 reapse
1221 2209 1333 2267 Gentes
1346 2209 1404 2266 ista
1414 2225 1466 2283 pro·

278 2289 411 2346 cliviorea
425 2287 528 2345 futura
543 2286 711 2346 luissentad
725 2286 900 2345 audiendum
925 2288 1107 2364 Prophetam,
1131 2307 1221 2364 quum
1246 2287 1401 2364 prasertim
1421 2303 1468 2342 non
1551 2351 1552 2356 ἵ

277 2366 491 2442 intelligerent3
515 2365 565 2422 sed
593 2373 625 2422 ut
650 2366 871 2424 obstinationem
900 2366 1070 2425 Judaeorum
1102 2367 1195 2444 magis
1219 2375 1333 2444 arguat.
1373 2363 1467 2423 Eodem

278 2465 364 2504 sensu
378 2443 454 2500 idern
472 2444 616 2519 Propheta
644 2444 791 2502 Israelitas
814 2444 903 2521 duplo
928 2447 1042 2522 pejores
1068 2446 1257 2504 Samaritanis
1283 2466 1345 2506 esse
1363 2443 1466 2514 asserit,

277 2543 375 2601 quum,
387 2543 448 2599 cap.
461 2523 521 2580 xvi.
538 2525 584 2596 51,
601 2522 672 2581 dicit
687 2521 824 2580 “Judam
835 2524 1011 2600 justificasse
1027 2545 1139 2584 sorores
1153 2526 1249 2600 suas,’'
1266 2527 1353 2604 longe
1367 2522 1468 2602 gravius

278 2604 348 2681 ipsis
376 2603 530 2680 peccando,
561 2621 626 2678 quae
649 2601 687 2658 ad
702 2619 844 2660 summum
873 2603 932 2662 fere
959 2613 1158 2680 peccaverant.
1201 2606 1269 2663 Non
1292 2607 1349 2664 alia
1374 2603 1468 2661 ratione

279 2685 420 2757 Christus,
438 2683 507 2742 Luc.
523 2681 585 2739 xix.
614 2685 662 2756 40,
680 2683 697 2713 “
711 2680 786 2738 Sibi
815 2681 975 2758 siluerint,’'
991 2685 1093 2761 inquit,
1124 2685 1265 2762 “lapides
1290 2678 1467 2744 clamabunt.''

278 2766 317 2824 Et
331 2765 401 2821 nihil
417 2763 550 2822 usitatius
566 2771 595 2820 et
609 2760 786 2838 frequentius
795 2762 919 2820 occurrit
932 2764 964 2820 in
978 2763 1122 2822 ordinario
1136 2782 1267 2822 sermone
1281 2787 1288 2823 ι
1323 2766 1353 2824 si
1366 2765 1416 2821 hoe
1429 2758 1467 2816 vel

277 2844 351 2903 illud
365 2845 504 2916 fecissem,
521 2843 578 2901 Vel
594 2862 665 2900 saxa
679 2841 892 2916 emollivissem,
908 2843 956 2900 vel
970 2844 1055 2902 bruta
1068 2843 1239 2917 docuissem,
1255 2845 1306 2902 vel
1327 2841 1469 2902 audivisset

278 2924 390 2994 surdus,
407 2931 436 2982 at
452 2943 546 2982 cacus
560 2922 690 2996 vidisset,
706 2929 735 2978 et
750 2921 813 2979 sim.
843 2922 909 2979 Non
924 2922 979 2980 hoc
992 2923 1135 2995 volumus,
1152 2923 1200 2980 vel
1214 2943 1287 2982 saxa
1298 2943 1380 3001 porse
1393 2918 1468 2980 emol-
1551 2973 1552 2984 ,

278 3005 334 3077 liri,
346 3003 395 3062 vel
410 3003 496 3060 bruta
515 3022 599 3078 posse
614 3001 720 3076 doceri,
736 3000 783 3058 vel
795 3001 897 3060 surdos
911 3001 1020 3074 audbe,
1033 3011 1062 3060 et
1075 3022 1166 3060 caecos
1181 3002 1290 3077 videre,
1306 3003 1363 3062 Sed
1383 2999 1467 3058 odiosa

278 3084 333 3141 ista
347 3083 558 3159 comparatione
573 3081 707 3139 duritiem
721 3080 837 3140 Judicis
858 3081 1053 3154 inexorabilis,
1075 3090 1105 3139 ct
1129 3082 1328 3158 stupiditatem
1343 3095 1467 3140 summam

278 3163 413 3239 discipuli
423 3163 582 3239 exprimere
598 3161 781 3219 intendimus.
825 3161 892 3218 Pari
916 3161 1001 3236 plane
1025 3169 1109 3237 pacto
1128 3161 1175 3218 hic
1191 3161 1323 3221 Christus
1337 3160 1433 3237 Tyrios
1445 3163 1468 3212 et

281 3243 415 3300 Sidonios
430 3240 640 3299 convertendos
655 3240 743 3298 fuisse
757 3239 835 3314 dicit,
852 3241 876 3298 si
891 3241 1013 3298 virtutes
1027 3242 1090 3298 istae
1105 3239 1188 3298 facta
1203 3240 1278 3299 inter
1292 3241 1466 3304 evaluissent,

278 3341 336 3378 non
350 3329 383 3378 ut
396 3321 615 3378 conversionem
630 3328 708 3377 certo
723 3319 847 3376 suturam
857 3327 938 3378 notet
952 3320 1003 3378 tali
1017 3320 1174 3396 hypothesi
1184 3320 1260 3395 data,
1277 3321 1329 3379 sed
1342 3329 1374 3378 ut
1383 3315 1466 3395 mavi·

278 3407 366 3458 tatem
381 3400 491 3475 peccati
505 3397 675 3457 Judaeorum
703 3397 866 3473 exprimat;
897 3399 980 3475 quasi
1008 3398 1123 3472 diceret,
1141 3399 1229 3457 Nulla
1257 3400 1339 3458 Gens
1352 3407 1394 3458 est
1418 3405 1467 3453 tarn

280 3477 368 3535 effera
382 3485 411 3535 et
438 3485 496 3534 tam
511 3477 657 3535 indomitae
673 3477 800 3549 cervicis,
817 3497 869 3535 nee
884 3478 1002 3554 Tyrum,
1018 3498 1073 3536 nec
1088 3477 1233 3553 Sidonem,
1249 3499 1302 3537 uec
1329 3477 1467 3537 Sodomam

278 3557 370 3632 ipsam
384 3556 506 3630 excipio,
522 3575 587 3630 quae
600 3574 660 3612 non
674 3573 813 3612 conversa
827 3557 927 3614 luisset
941 3566 991 3616 aut
1006 3566 1148 3616 commota
1162 3558 1272 3632 saltem,
1288 3567 1332 3618 tot
1346 3555 1431 3633 signis
1444 3559 1467 3608 et

278 3633 424 3692 miraculis
438 3654 456 3690 a
468 3652 514 3690 me
529 3634 604 3690 inter
618 3653 670 3690 vos
684 3632 776 3707 lactis,
788 3635 826 3692 ad
839 3655 904 3711 qua
928 3644 1024 3694 tamen
1046 3657 1100 3696 vos
1126 3637 1265 3712 Corazini,
1283 3633 1466 3703 Bethsaiditse,

278 3722 308 3772 et
322 3713 502 3788 Caperna'itse
517 3710 704 3770 obduruistis.
748 3712 836 3771 Porro
851 3713 1068 3774 fiandamentnm
1084 3717 1314 3792 exprobrationis
1327 3717 1409 3776 istius
1418 3729 1467 3768 nou

278 3812 394 3853 necesse
420 3799 464 3850 est
485 3789 546 3848 dari
577 3791 607 3847 in
637 3789 730 3866 gratia
760 3791 917 3851 sufficiente
947 3793 984 3850 ad
1013 3796 1238 3870 conversionem,
1264 3816 1328 3873 quae
1357 3790 1466 3861 Judais‚
1547 3857 1548 3867 ,

279 3894 336 3932 non
362 3871 459 3948 Tyriis
486 3879 515 3929 et
539 3869 604 3928 aliis
632 3869 794 3946 contigerit.
864 3872 921 3930 Sed
948 3874 1104 3948 petendum
1131 3883 1184 3949 est,
1213 3875 1261 3932 vel
1286 3889 1311 3934 ie
1340 3889 1384 3933 τε,
1406 3893 1467 3944 aare

279 3962 347 4022 ,ae-2
371 3950 529 4010 secundum
544 3950 585 4008 rei
596 3949 837 4026 probabilitatem,
853 3960 883 4009 et
893 3971 971 4009 more
985 3953 1111 4010 humano
1124 3973 1176 4029 per
1190 3953 1306 4012 modum
1320 3964 1466 4008 accommo-

278 4032 411 4106 dationis,
429 4029 486 4090 Vel
501 4051 539 4090 ex
553 4039 631 4089 certa
645 4029 764 4088 seientia
778 4031 893 4106 Christi,
908 4040 1042 4108 respectu
1060 4031 1257 4108 dispositionis
1276 4031 1465 4109 subjectorum.

277 4132 363 4188 quam
378 4120 499 4170 noverat
513 4131 576 4170 esse
590 4110 717 4187 pejorem
731 4119 761 4168 et
775 4111 992 4170 obstinatiorem
1007 4112 1037 4169 in
1055 4111 1076 4169 J
1078 4111 1177 4187 udaeis,
1193 4132 1279 4188 quam
1288 4111 1324 4208 in
1338 4110 1408 4182 aliis,
1423 4102 1465 4182 qui

277 4200 309 4250 ut
323 4192 462 4249 minorem
475 4191 569 4250 lucem
590 4189 757 4264 habuerant,
780 4190 875 4250 minus
896 4189 982 4250 etiam
1002 4200 1201 4266 peccaverant,
1224 4201 1253 4250 et
1274 4190 1371 4249 mitius
1391 4187 1465 4245 etiarn

276 4270 415 4348 puniendi
435 4279 524 4328 erant.
567 4271 595 4327 2.
618 4269 708 4328 Recte
729 4270 815 4327 etiam
836 4270 893 4328 dici
914 4277 1017 4346 potest,
1034 4269 1081 4327 hie
1102 4289 1160 4327 non
1176 4271 1226 4347 agi
1247 4270 1283 4328 de
1306 4268 1420 4328 salutari
1442 4269 1465 4319 et

278 4353 390 4409 interna
403 4349 600 4423 conversione,
617 4348 668 4406 sed
682 4349 717 4407 de
728 4349 898 4425 poenitentia
912 4355 1023 4406 tanturn
1038 4357 1166 4408 externa.
1189 4351 1263 4408 Tum
1278 4349 1344 4426 quia
1357 4365 1433 4406 sacco
1444 4348 1466 4398 el

277 4431 367 4488 cinere
382 4428 559 4503 exprimitur,
575 4448 639 4503 qua
653 4429 737 4503 signa
752 4436 818 4486 sunt
842 4435 962 4486 externa
981 4427 1178 4504 paenitentia:
1220 4429 1311 4487 Aliud
1325 4435 1415 4486 autem
1429 4427 1466 4480 erl

274 4509 303 4566 iu
319 4527 402 4566 saeco
422 4514 451 4564 et
472 4507 566 4564 cinere
587 4514 756 4582 conceptum
777 4506 906 4564 dolorem
928 4507 1087 4582 exprimere
1115 4516 1144 4566 et
1163 4508 1357 4585 poenitentiam
1380 4503 1465 4578 aliquo

274 4585 360 4642 modo
382 4585 524 4658 inchoare,
547 4584 639 4642 Aliud
659 4603 729 4642 vero
750 4585 942 4660 pergratiam
963 4585 1106 4644 efficacem
1128 4589 1267 4646 converti.
1320 4587 1391 4644 Turn
1406 4579 1465 4658 quit

274 4661 446 4719 adscribitur
460 4662 626 4736 conspectui
641 4662 852 4736 miraculorum,
865 4683 929 4739 quae
945 4673 1011 4723 sunt
1033 4674 1144 4724 tanturn
1159 4665 1255 4724 medie
1269 4675 1394 4738 externa,
1409 4677 1465 4737 quw
