3202 5194
130 367 237 418 esrssr.
252 343 332 428 rna]
628 361 667 404 ns
682 363 759 406 tres
773 363 833 405 nsi.
1291 343 1328 401 69

131 517 231 586 etymo,
247 515 309 567 tum
331 505 368 565 de
387 503 540 581 multiplici
563 504 628 583 ejus
653 505 873 583 significatione.
915 505 994 564 Vera
1014 503 1096 563 vocis
1117 503 1207 580 origo,
1224 500 1329 579 (vanas

129 590 205 648 enim
223 598 252 648 et
270 585 413 646 absurdas
431 584 577 643 veriorum
598 587 778 664 conjecturas
798 605 1020 645 commemorare
1041 584 1114 643 nihil
1128 583 1254 662 attinet)
1270 601 1328 639 non

129 669 240 728 aliunde
261 665 388 746 petenda
402 673 455 741 est,
478 684 565 742 quam
589 667 710 725 averbo
725 687 788 741 ere,
814 666 854 725 id.
877 686 986 726 cessare
1006 666 1056 724 vel
1076 665 1222 742 quiescere,
1249 661 1328 740 quod

130 749 178 808 vel
199 748 235 807 ad
257 746 435 806 mentium
458 746 504 804 rei
525 744 655 821 refertur,
678 745 794 823 quando
815 747 921 806 desinit
935 765 1007 821 esse,
1030 753 1059 804 et
1079 744 1184 820 deficit,
1208 751 1241 802 ut
1254 741 1326 800 dici-

128 838 175 888 tur
188 828 220 887 de
234 847 349 903 manna,
365 827 430 885 Jos.
445 845 475 883 v.
492 827 538 900 12,
560 826 640 884 etde
654 827 769 904 gaudio,
787 827 827 887 Is.
849 827 932 884 xxiv.
952 830 980 903 8,
1002 825 1052 884 vel
1074 824 1113 883 ad
1131 822 1326 902 operationem

128 909 244 986 egentis,
273 905 393 985 quando
422 904 529 964 desinit
551 907 672 984 operari,
694 915 723 965 et
750 907 868 984 ponitur
890 927 942 985 pro
964 906 1073 984 quievit,
1093 912 1126 963 et
1156 904 1272 963 cessauit
1290 903 1327 961 ab

130 1010 216 1065 opere,
240 1008 307 1065 qnoe
329 985 445 1064 propria
465 993 510 1044 est
531 986 618 1062 bojus
631 986 689 1045 loci
713 986 895 1064 significatio,
921 1007 986 1064 quae
1000 986 1137 1060 innuitur,
1161 985 1236 1044 (len.
1250 983 1281 1042 ii.
1296 985 1325 1058 3,

127 1089 210 1146 quum
223 1068 305 1128 Deus
319 1066 426 1125 dicitur
439 1065 622 1126 benedixisse
636 1067 694 1125 diei
708 1069 839 1145 septimo,
861 1066 930 1145 quis
942 1089 996 1128 ere
1010 1091 1044 1144 0,
1067 1085 1099 1124 eo
1117 1065 1162 1124 dic
1175 1064 1327 1142 quieverat.

129 1148 196 1208 Ideo
209 1157 331 1208 vocatur
344 1146 407 1204 dies
421 1145 470 1204 llle
484 1165 559 1222 mv,
575 1155 604 1205 el
616 1169 671 1208 nnn
684 1169 745 1206 =rt
768 1148 864 1206 Groeel
877 1167 929 1225 pel·
942 1147 1035 1224 euius,
1046 1145 1188 1221 iterabo,
1201 1151 1230 1203 et
1242 1169 1327 1202 nara·

128 1229 210 1288 ηίω
221 1227 358 1302 reddunt,
374 1234 404 1286 et
417 1245 522 1284 nomen
535 1245 589 1283 ese
603 1245 655 1304 per
666 1227 816 1303 ttinere,
825 1236 858 1287 ut
867 1229 888 1287 J
890 1231 1015 1307 osephus
1027 1250 1051 1288 e.
1063 1228 1170 1306 Appio.
1190 1224 1240 1284 lib.
1255 1225 1285 1282 ii.
1296 1232 1326 1284 et

129 1309 228 1369 LXX.
243 1327 303 1366 non
317 1305 416 1366 semel.
458 1305 543 1364 Alias
557 1308 681 1366 retinent
694 1327 795 1367 vocem
811 1309 975 1386 Hebrsesm
991 1317 1023 1369 ut
1036 1317 1066 1368 et
1080 1307 1117 1366 N.
1132 1307 1211 1364 Test.
1229 1304 1325 1381 Scrip-

128 1399 209 1466 tores,
223 1389 273 1467 qui
288 1388 325 1446 ab
340 1385 575 1463 interpretatione
589 1387 667 1446 illius
681 1388 881 1448 abstinuerunt
895 1397 1031 1466 tanquam
1046 1411 1064 1448 a
1077 1408 1107 1446 re
1121 1385 1280 1460 notissima,
1296 1391 1326 1442 ct
1428 1387 1433 1398 '

128 1479 158 1528 ut
170 1489 188 1527 a
199 1470 319 1547 profana
332 1474 362 1526 et
375 1467 520 1525 communi
535 1467 631 1543 quiete
655 1467 889 1546 distingueretur,
911 1477 943 1529 ut
956 1470 1063 1531 factum
1077 1468 1154 1528 cirea
1175 1466 1247 1525 aliae
1260 1465 1324 1544 plu-

128 1549 209 1609 rimes
220 1568 309 1609 voces
324 1546 495 1620 Hebetes,
511 1549 660 1624 Hosanne,
676 1550 796 1622 Pescia,
811 1552 978 1625 Immonuel,
994 1549 1048 1610 &e

163 1695 169 1706 ⁶
202 1696 208 1708 .
267 1696 273 1708 ι
425 1627 467 1686 II.
487 1627 769 1707 Uereetsiqmficatio
783 1630 909 1689 nominis
922 1631 1076 1708 multiplex
1089 1637 1143 1688 est.
1166 1625 1327 1703 Propriaet

145 1695 290 1766 ΒΨΨΜΟ
301 1693 363 1738 mel·
402 1706 503 1784 prima,
518 1727 537 1765 a
549 1727 607 1785 qua
621 1708 685 1768 elie
699 1729 799 1768 omnes
812 1710 948 1787 pendent,
960 1719 989 1769 et
1003 1730 1068 1787 quse
1081 1707 1129 1766 hie
1142 1704 1324 1781 intelligitur,

202 1755 289 1813 *¹⁹¹⁰*
402 1794 447 1845 est
461 1807 519 1864 qua
531 1787 647 1865 ponitur
661 1809 712 1866 pro
727 1791 849 1866 septime
872 1807 987 1867 quoque
1001 1789 1048 1848 die
1063 1789 1203 1865 cujusque
1216 1782 1325 1842 bebdo-

129 1867 220 1942 made,
245 1867 335 1945 idque
355 1865 393 1925 ab
414 1875 528 1942 eventu,
554 1869 622 1946 quie
636 1869 717 1928 Deus
731 1870 865 1928 absolute
877 1889 972 1928 rerum
987 1869 1139 1942 creatione,
1155 1883 1325 1923 snovsrum

129 1948 280 2024 specierum
303 1946 449 2006 creatione
473 1949 606 2024 cessavit,
631 1957 661 2008 et
683 1949 779 2008 voluit
798 1957 832 2008 ut
855 1949 881 2008 is
903 1949 1039 2027 deinceps
1060 1949 1090 2006 in
1103 1947 1146 2005 rei
1159 1943 1325 2003 memoriam

128 2027 211 2103 quieti
222 2028 373 2087 hominum
395 2025 555 2086 destinatus
569 2037 653 2104 esset,
679 2036 712 2088 ut
735 2049 794 2088 non
809 2037 922 2088 mutum
937 2029 974 2088 ad
989 2029 1045 2088 Dei
1058 2025 1248 2086 imitationem
1263 2042 1324 2082 ces-

127 2117 217 2168 sarent
239 2108 269 2166 in
294 2128 329 2166 eo
352 2107 391 2166 ab
411 2106 546 2185 operibus
560 2110 704 2186 corporeis
718 2117 748 2169 et
761 2109 896 2188 profanis,
913 2109 965 2169 sed
978 2118 1008 2169 et
1020 2107 1112 2169 cultui
1126 2105 1225 2164 divino
1238 2123 1324 2162 vaca·

128 2195 196 2246 rent
234 2187 352 2246 Exinde
366 2207 436 2246 vero
460 2187 498 2246 ob
522 2188 644 2248 eandem
668 2209 784 2248 causam
797 2191 933 2250 Sabbatlii
951 2191 1066 2248 nomine
1080 2195 1216 2248 notentur
1229 2184 1327 2244 omnia

128 2266 196 2328 fests
209 2269 338 2327 solennis
345 2267 525 2343 iudeorum,
537 2269 605 2328 licet
619 2270 649 2327 in
660 2269 736 2328 diem
750 2271 909 2349 Septimum
924 2291 982 2330 non
996 2270 1132 2344 incidant,
1146 2266 1228 2325 Levi.
1240 2265 1324 2324 xxiii.

128 2349 171 2422 32,
185 2357 212 2407 et
224 2348 302 2422 alibi,
328 2347 398 2425 quia
421 2347 523 2406 eodem
535 2349 595 2407 fere
608 2349 695 2408 modo
709 2370 767 2428 quo
783 2351 961 2410 Sebbetbum
975 2348 1184 2410 hebdomadale
1198 2346 1325 2406 celebra-

129 2425 232 2488 bantur.
273 2429 382 2503 Tertio,
407 2427 522 2486 Primus
545 2437 575 2486 et
598 2429 718 2490 ultimus
740 2430 803 2489 dies
816 2431 955 2509 cujusque
969 2431 1044 2506 festi,
1059 2429 1138 2508 quod
1151 2428 1249 2506 plnres
1262 2425 1326 2483 dies

128 2506 247 2584 dumbst,
272 2508 380 2567 dicitur
403 2508 591 2584 Sabbstbum,
615 2509 683 2586 quia
705 2511 789 2569 ambo
811 2531 848 2570 ex
871 2531 954 2589 seque
975 2512 1108 2570 solennes
1128 2517 1218 2568 erant.
1261 2506 1326 2582 Quo

128 2589 242 2664 pertinet
257 2586 879 2669 80101)οι1100]διπιςὸψτυ,ᾶο000110000,
895 2611 919 2653 e.
934 2591 975 2651 vi.
988 2594 1015 2666 1,
1036 2588 1307 2650 Secundo-Primum
1313 2607 1326 2658 ,·

130 2667 165 2726 sic
184 2668 299 2741 dictum,
325 2670 389 2728 sive
403 2668 482 2746 quod
496 2675 626 2746 proxime
640 2679 707 2746 post
730 2671 847 2730 solenne
871 2671 1023 2730 Psscbstis
1047 2676 1223 2748 sequeretur,
1246 2665 1327 2745 quod

130 2748 163 2806 sit
174 2753 222 2807 a'st
234 2755 275 2814 εἰς
289 2747 400 2830 Benigne
414 2751 517 2830 spirae,
537 2751 664 2826 primum
686 2770 704 2808 e
726 2752 849 2810 crmtioo
871 2751 1022 2810 Peschstis
1046 2751 1077 2808 in
1100 2757 1235 2826 computo
1251 2749 1326 2807 Pen-

130 2835 250 2904 tecosten,
276 2839 310 2888 ut
323 2831 388 2890 vult
409 2849 533 2907 magnus
557 2829 706 2906 &slipen
728 2831 789 2889 sive
803 2831 880 2908 quis¹
895 2839 957 2890 eret
970 2831 1089 2890 ultimus
1103 2829 1165 2888 dies
1179 2828 1254 2904 sesti,
1276 2827 1327 2904 qui

132 2916 160 2965 ut
182 2909 278 2968 ordine
305 2918 369 2968 eret
398 2909 577 2969 Sabbathum
601 2910 744 2988 posterius
773 2919 802 2969 et
826 2911 993 2984 secundmn,
1031 2910 1071 2968 ite
1095 2909 1236 2984 dignitate
1265 2915 1328 2966 eret

131 2987 239 3062 perinde
258 2991 382 3066 primunr
404 2997 455 3048 aut
476 3009 614 3066 magnum
637 2990 712 3049 sicut
734 2990 844 3068 primus
868 2989 931 3048 dies
954 2989 1029 3062 sesti,
1045 2989 1094 3065 qui
1119 2987 1246 3045 solennis
1266 2994 1328 3044 erat

133 3075 239 3142 prepter
265 3077 438 3129 conventum
471 3069 619 3146 publicum
648 3070 699 3148 qui
727 3071 758 3128 in
789 3089 823 3128 eo
844 3068 1083 3146 congregabatur,
1106 3066 1189 3144 qussi
1216 3065 1327 3124 diceres

135 3145 251 3221 primum
271 3149 436 3208 secundario
459 3149 626 3227 repetitum3
649 3148 728 3228 quod
752 3151 846 3226 magis
867 3149 963 3226 placet
976 3149 1059 3206 Beroe
1080 3155 1186 3221 nostro,
1202 3154 1231 3205 et
1252 3145 1327 3204 eliis.

137 3223 244 3302 stsrto,
269 3225 443 3290 Sabbetbnm
465 3229 587 3288 sumitur
611 3230 698 3290 etiem
723 3229 859 3308 synecdo.
881 3247 933 3306 pro
960 3228 1023 3306 ipse
1051 3227 1218 3304 septimane,
1240 3245 1328 3304 quem

135 3304 233 3366 obedit
242 3306 304 3367 dies
314 3309 463 3386 septimus,
471 3308 546 3372 Luc.
553 3309 691 3369 xviiiss.
707 3308 807 3373 nmis
821 3305 856 3375 ile
870 3315 914 3368 τοῦ
928 3311 1070 3383 medeae,
1080 3309 1120 3367 bis
1129 3308 1158 3366 in
1171 3308 1328 3384 septimana

129 3387 222 3463 jq'ooe,
239 3397 268 3448 et
280 3391 333 3464 pair
346 3389 494 3463 cassim,
512 3392 528 3447 1
545 3390 610 3449 Cor.
625 3390 685 3449 xvi.
702 3396 729 3463 2,
745 3389 861 3467 ponitur
874 3409 927 3466 pro
942 3391 1035 3467 primo
1049 3388 1095 3448 die
1111 3389 1287 3466 septimense.

154 3503 350 3610 suffitu
389 3465 972 3627 selttitttitttlttitttt
986 3468 1328 3626 ttttttttlttt:

174 3619 319 3682 semperne.
386 3630 448 3686 rote
462 3628 535 3687 illud
549 3594 601 3704 ebt,
612 3629 691 3707 quod
703 3594 783 3688 Dius
796 3628 931 3688 fidelibus
946 3629 1013 3688 Vet.
1025 3629 1104 3687 Test.
1115 3628 1328 3706 praescribebat,

137 3707 202 3780 quod
213 3729 323 3784 rursus,
339 3708 398 3766 Vel
411 3727 544 3784 annuam,
569 3709 714 3787 Septimus
736 3709 846 3768 scilicet
866 3709 988 3786 quisque
1008 3727 1110 3782 onnus,
1132 3727 1190 3784 quo
1207 3706 1331 3784 jubebat

138 3783 271 3847 lsratlitss
295 3799 404 3848 terram
427 3787 566 3846 incultam
589 3789 758 3865 relinquere,
783 3797 817 3848 nt
841 3807 922 3848 susm
946 3789 1033 3847 etiarn
1054 3787 1181 3865 quietem
1201 3784 1329 3860 baberet,

138 3862 196 3926 lev.
209 3889 281 3928 xxv.
296 3873 326 3942 2,
342 3875 373 3926 et
386 3866 625 3944 quadragesimus
638 3888 732 3927 nonus
745 3887 846 3943 annus,
867 3869 989 3944 quierat
1002 3887 1095 3926 annus
1109 3867 1131 3926 J
1132 3865 1237 3939 ubilsei,
1253 3864 1333 3940 quod

137 3955 188 4006 eret
207 3949 389 4008 Sabbathum
411 3947 656 4007 hebdomadarum
677 3967 826 4022 annorum,
851 3947 888 4006 ds
910 3967 968 4026 quo
993 3947 1087 4005 Levit.
1113 3963 1185 4038 rins.
1206 3945 1243 4018 83
1275 3943 1333 4002 Vel

184 4078 321 4137 snm.
386 4036 557 4166 mli,
553 4047 601 4166 :10¹¹
599 4028 826 4184 ttttttstt
835 4024 1179 4184 Pittttttttltt
1193 4023 1332 4181 litt

139 4184 316 4262 conscientias,
341 4205 400 4264 qua
421 4153 555 4246 imuntni
576 4186 685 4261 fideles,
709 4196 739 4247 et
763 4187 923 4246 cessatione
945 4187 982 4245 ab
997 4186 1131 4262 operibus
1144 4184 1263 4261 peccati,
1287 4183 1333 4242 cui

140 4259 290 4325 incumbere
315 4266 424 4325 debent
445 4273 507 4325 toto
521 4266 590 4325 vitre
611 4286 671 4324 suae
685 4274 822 4344 tempore,
839 4265 917 4342 quod
931 4265 1060 4324 innuitur
1074 4265 1190 4323 Hebree.
1206 4265 1245 4321 iv.
1263 4265 1288 4333 1,
1305 4265 1333 4319 3.

388 4349 417 4404 3.
438 4347 590 4404 AEterrtum
613 4354 642 4405 et
665 4349 769 4404 celeste
783 4353 835 4420 est,
861 4365 920 4423 quo
940 4345 970 4402 in
984 4345 1088 4404 coelum
1103 4343 1210 4416 recepti
1224 4339 1334 4415 perfec·

387 4424 499 4484 tissime
513 4434 575 4484 tum
589 4445 607 4483 a
619 4426 754 4503 peccetis,
777 4433 838 4484 turn
854 4445 871 4483 e
884 4425 1032 4484 laboribus
1046 4433 1075 4482 et
1088 4419 1228 4479 molestiis
1248 4417 1336 4492 hujus

143 4498 198 4558 vite
209 4501 371 4561 liberariin
385 4501 449 4562 Deo
473 4513 611 4564 eternum
633 4505 816 4582 quiescimus,
839 4505 875 4563 de
896 4524 953 4582 quo
975 4504 1051 4561 Heb.
1067 4503 1106 4557 iv.
1122 4501 1149 4571 9,
1174 4499 1191 4529 “
1206 4503 1337 4572 superest

144 4577 223 4640 rdbuc
246 4583 443 4642 sebbstismus
464 4585 572 4662 populo
596 4585 680 4662 Dei,”
707 4585 820 4664 requies
834 4585 903 4644 nim.
918 4581 1052 4656 coelestis,
1069 4577 1194 4652 subque
1214 4572 1336 4636 felicitas

146 4667 236 4720 retem
250 4662 326 4722 solet
339 4661 515 4724 adumbrari.

186 4394 316 4442 AEternnm.
