3192 5206
266 384 325 442 284
684 401 774 440 Locus
791 399 919 440 necinus
934 399 1065 438 scarras.
1270 373 1394 456 [cuman.
1411 395 1484 435 vm.

265 562 353 619 quum
370 541 462 600 Filius
476 540 600 599 hominis
615 541 720 601 dicitur
733 539 890 600 tradendus
904 541 989 599 morti
1003 549 1032 599 et
1046 536 1266 615 crucifigendus,
1283 536 1354 595 Luc.
1370 537 1412 594 ix.
1429 539 1484 596 22.

264 622 322 679 Vel
337 622 477 697 indirecte,
492 622 605 698 quoties
615 620 651 680 de
663 622 778 681 Christo
788 622 903 679 homine
917 621 1117 698 praedicantur,
1130 638 1194 695 quae
1209 616 1379 691 divinitatis,
1395 625 1426 676 et
1441 615 1484 675 de

265 701 380 761 Christo
395 703 467 776 Deo,
483 721 547 778 qua
562 702 757 777 humanitatis,
773 709 805 760 ut
819 721 908 778 quum
922 701 1018 778 passio
1032 699 1167 760 tribuitur
1182 699 1255 770 Deo,
1273 697 1342 754 Act.
1357 717 1410 754 xx.
1426 699 1480 772 28,

264 790 293 841 et
303 781 458 858 ubiquitas,
469 803 533 858 quae
545 780 705 840 divinitatis
716 792 760 840 est
770 781 893 859 propria,
906 781 1042 840 tribuitur
1051 779 1127 837 Filio
1138 778 1272 852 hominis,
1285 777 1307 835 J
1308 777 1355 834 oh.
1367 776 1409 834 iii.
1428 779 1480 835 13.

264 901 407 947 pm·-
452 899 496 945 alia
567 862 621 920 IV.
645 861 872 921 Communicatio
894 862 958 935 ista,
983 881 1042 918 non
1067 869 1111 918 cat
1134 866 1247 917 tantum
1267 857 1396 931 nabath,
1424 855 1480 914 sed

286 915 300 944 ⁰
327 915 338 946 ⁵
378 915 409 945 ¹⁰¹
424 915 450 946 re
498 935 504 947 ’
525 943 611 1000 realia
622 953 698 1000 recte
709 941 821 1016 dicitur,
834 961 891 1000 non
907 941 1023 1018 quidem
1037 947 1170 1016 respectu
1180 941 1372 1010 Naturaram,
1389 937 1478 1013 quasi

262 1021 452 1097 proprietates
465 1021 551 1079 unius
564 1033 674 1081 naturae
700 1023 758 1080 sint
781 1023 876 1099 reipsa
889 1021 1106 1079 communicata
1127 1018 1210 1076 alteri
1225 1041 1232 1093 ;
1268 1017 1326 1075 Sed
1339 1026 1479 1094 respectu

263 1102 482 1177 Pannoniaque
497 1101 609 1161 duabus
620 1103 731 1160 naturis
745 1103 860 1160 realiter
873 1102 963 1160 unitis
984 1108 1105 1174 constat,
1121 1107 1150 1156 et
1163 1099 1313 1176 utriusque
1329 1097 1384 1156 sibi
1398 1096 1477 1156 idio-

263 1189 341 1238 mata
362 1179 500 1239 vindicat.
543 1183 624 1241 Licet
639 1183 715 1240 enim
729 1182 814 1240 realis
823 1182 861 1241 sit
874 1181 943 1240 unio
957 1190 1122 1240 naturarum
1136 1179 1211 1237 inter
1226 1197 1265 1252 se,
1281 1196 1340 1235 non
1353 1196 1478 1235 necesse

263 1269 316 1335 est,
340 1269 373 1319 ut
394 1263 583 1337 proprietates
606 1271 774 1321 naturarum
799 1262 854 1320 sibi
874 1261 999 1320 invicem
1014 1259 1276 1333 communicentur;
1310 1256 1417 1316 sufficit
1439 1265 1477 1315 ut

263 1341 510 1399 communicentur
523 1342 577 1401 toti
593 1343 748 1420 Supposito
768 1349 885 1419 propter
899 1342 978 1400 illam
993 1341 1137 1400 unionem.

264 1457 390 1517 spectatur
419 1460 456 1504 vel
481 1460 506 1503 in
568 1423 606 1481 V.
623 1423 850 1481 communicatio
861 1421 917 1480 iata
928 1429 1023 1498 potest
1034 1418 1165 1497 spectari,
1178 1417 1225 1475 vel
1236 1418 1265 1475 in
1274 1418 1415 1475 abaaacto
1425 1436 1473 1474 re-

295 1524 413 1572 conereco,
429 1518 469 1562 val
481 1518 506 1561 in
528 1511 628 1578 spectu
643 1503 768 1576 Naturae,
785 1501 832 1559 vel
847 1502 1018 1559 inconcreta
1033 1507 1165 1577 respectu
1185 1499 1327 1555 Persona.
1370 1496 1475 1555 Voces

293 1578 420 1620 abstracto.
527 1583 649 1640 concreti
671 1591 700 1640 et
723 1581 859 1640 abstracti
880 1601 939 1639 non
963 1580 1110 1639 sumendae
1138 1587 1206 1636 sunt
1234 1596 1319 1634 sensu
1348 1576 1476 1636 abusivo

263 1662 501 1737 Lutherauornm,
532 1663 637 1739 quibus
664 1665 835 1720 abstractam
862 1669 906 1720 est
932 1669 1035 1720 natura
1063 1660 1188 1718 humana
1221 1657 1373 1730 abstracta,
1409 1656 1478 1715 sive

262 1751 393 1819 separata
406 1762 424 1800 a
439 1741 573 1818 Deitate;
595 1751 752 1802 concretam
774 1761 842 1800 vero
863 1749 907 1799 est
927 1749 1030 1799 natura
1049 1741 1175 1799 humana
1195 1745 1280 1815 prout
1294 1737 1375 1795 unita
1388 1745 1476 1813 Atypo,

262 1821 341 1900 qnod
364 1831 507 1899 repugnat
521 1823 666 1882 communi
690 1823 755 1882 uani
777 1822 1027 1899 Philosophorum,
1049 1827 1208 1878 et'naturae
1231 1818 1281 1890 rei,
1308 1817 1474 1874 secundum

261 1921 347 1979 quam
371 1911 474 1960 natura
494 1902 620 1962 hnmana
640 1923 788 1980 nunquam
801 1910 896 1979 potest
909 1923 927 1959 a
947 1901 1020 1977 Λέγε
1041 1899 1175 1977 separari.
1225 1896 1283 1956 Sed
1296 1907 1477 1972 usurpantur

261 1982 309 2040 hic
332 2002 370 2040 ex
383 2001 438 2040 usu
458 1983 490 2039 in
515 1983 629 2041 Scholia
648 1992 771 2060 recepte,
787 1991 872 2060 prout
894 1982 1069 2040 abstractum
1094 1987 1138 2038 est
1162 1996 1266 2035 nomen
1287 1985 1398 2036 natnrae
1421 1996 1477 2035 seu

261 2061 360 2119 formae
382 2061 513 2138 alicujus,
530 2083 594 2139 quae
619 2062 702 2121 alteri
724 2062 785 2121 sive
800 2062 998 2135 essentialiter,
1023 2061 1085 2118 sive
1109 2056 1325 2116 accidentaliter
1337 2056 1424 2130 inest,
1440 2065 1476 2114 ut

263 2141 373 2216 Deitas,
395 2142 577 2218 humanitas;
601 2143 774 2202 Concretum
798 2150 843 2200 est
866 2162 988 2219 persona
1003 2141 1065 2199 sive
1086 2139 1248 2216 subjectum
1263 2136 1375 2194 habens
1389 2135 1474 2193 illam

261 2221 381 2278 formam
403 2240 454 2279 seu
468 2231 608 2296 naturam,
624 2221 703 2300 qnod
723 2222 893 2298 exprimitur
907 2220 1071 2279 nominibus
1085 2218 1226 2278 concretis
1242 2217 1306 2290 Dei,
1324 2216 1474 2274 Hominis

566 2301 622 2360 VI.
645 2301 711 2359 Non
725 2301 868 2376 Quaeritur
892 2301 939 2360 hic
961 2301 996 2360 de
1013 2298 1267 2360 Communicatione
1281 2297 1310 2354 ia
1331 2305 1471 2372 cenacto,

291 2353 476 2458 smiissnssfm*
527 2381 589 2439 sive
608 2389 641 2440 ut
662 2390 777 2456 vocant,
801 2390 912 2439 natura
933 2384 974 2440 ad
987 2399 1141 2457 personam
1152 2403 1164 2450 ,·
1186 2379 1230 2434 Ea
1244 2377 1321 2435 enim
1335 2376 1475 2453 utrinque

527 2469 571 2518 est
591 2460 621 2517 in
642 2460 791 2519 confesso:
815 2461 873 2518 Sed
894 2461 930 2518 de
944 2460 1189 2519 cmnmaaicatione
1203 2459 1232 2515 in
1252 2458 1403 2531 abstracto,
1421 2477 1474 2516 seu

261 2544 384 2601 Natura
398 2545 439 2600 ad
461 2543 614 2614 Naturam,
653 2540 701 2597 An
725 2540 914 2617 proprietates
935 2549 1045 2599 naturae
1069 2539 1176 2597 divinae
1191 2558 1241 2614 per
1256 2537 1404 2595 Unioncm
1418 2537 1474 2613 hy·

260 2623 431 2702 postaticam
461 2629 570 2678 naturae
594 2621 727 2678 humanae
749 2639 817 2678 vere
845 2627 875 2678 et
895 2620 1010 2679 realiter
1033 2618 1250 2678 communicatae
1275 2617 1358 2674 sint?
1388 2615 1476 2690 Quod

262 2703 421 2794 hetherani
435 2701 552 2777 vellent,
569 2700 630 2758 Nos
650 2719 801 2776 negamus.

305 2821 380 2881 ongo
401 2836 458 2881 ψ’
524 2862 595 2921 Cum
603 2861 679 2918 enim
690 2860 728 2919 ad
738 2859 924 2918 obtinendam
932 2857 1303 2936 corporalempracsentiam,
1312 2853 1474 2915 Lutherani

261 2963 320 3002 non
330 2941 399 3001 satis
408 2941 570 3001 invenirent
580 2940 706 3018 presidii
716 2940 746 2998 in
756 2940 855 2999 verbis
861 2939 976 3013 Christi,
987 2947 1016 2997 et
1027 2938 1203 2996 ascensionis
1211 2935 1332 2995 articulo
1344 2935 1474 3012 graviter

260 3042 291 3081 se
312 3023 403 3100 premi
425 3023 572 3097 sentirent,
595 3021 632 3080 ad
656 3021 848 3097 ubiquitatem
869 3018 1069 3096 confugerunt.
1117 3018 1200 3076 Licet
1227 3035 1297 3074 vero
1323 3014 1472 3074 Lutherus

259 3111 361 3180 postea
388 3123 452 3160 cam
476 3103 594 3160 missam
617 3101 680 3159 fieri
701 3099 834 3175 voluerit,
865 3099 934 3158 solis
958 3098 1040 3156 verbi
1062 3097 1169 3156 Christi
1193 3095 1329 3154 innixus:
1362 3095 1474 3153 Tamen

259 3184 402 3257 Brentins,
431 3191 460 3240 et
482 3182 540 3256 alii,
566 3181 617 3259 qui
641 3189 762 3240 amorte
778 3180 899 3240 Lutheri
913 3177 1162 3238 sacramentariam
1182 3177 1263 3235 litem
1284 3183 1471 3250 renovarunt,

259 3270 451 3320 commentum
467 3261 645 3338 ubiquitatis,
661 3269 693 3320 ut
706 3279 820 3338 proram
842 3268 871 3318 ct
884 3259 1003 3336 puppim
1024 3277 1118 3316 causa
1133 3277 1192 3315 suae
1206 3264 1390 3314 revocarunt.
1435 3255 1474 3313 Et

259 3341 327 3416 qnia
355 3341 425 3417 ipsis
452 3340 598 3416 objectum
626 3339 688 3415 fuit,
716 3339 906 3415 ubiquitatem
932 3339 988 3396 Dei
1015 3338 1216 3416 proprietatem
1239 3354 1310 3410 esse,
1341 3334 1474 3412 adeoque

259 3418 324 3476 aliia
343 3418 651 3491 incommunicabilem,
675 3437 709 3476 co
730 3418 917 3491 devenerunt,
940 3426 973 3477 ut
997 3417 1109 3494 aliquas
1132 3415 1322 3494 proprietates
1345 3413 1472 3491 divinas,

261 3497 385 3556 Unionis
399 3497 589 3574 hypostaticae
604 3497 642 3570 vi,
658 3496 688 3554 in
702 3497 858 3555 humanam
873 3496 980 3555 Christi
1001 3506 1132 3555 naturam
1154 3495 1315 3554 transfusas
1330 3494 1473 3554 dicerent.

260 3577 338 3634 Hinc
353 3575 383 3632 in
398 3576 549 3652 Colloquio
561 3575 781 3635 Maulbrunenai
792 3577 946 3634 voluerunt
958 3576 1103 3635 Unionem
1117 3575 1297 3652 personalem
1311 3573 1475 3634 formaliter

259 3656 415 3714 consistere
429 3655 459 3712 in
473 3655 730 3714 communicatione
745 3656 960 3733 proprietatum,
972 3657 1021 3714 vel
1041 3657 1071 3712 in
1086 3655 1345 3714 communicatione
1360 3655 1472 3714 subsis-

258 3735 365 3811 tentiae,
381 3734 464 3811 cujus
489 3734 622 3794 effectum
646 3755 826 3812 consequens
850 3736 888 3794 sit
912 3735 1132 3794 communicatio
1153 3735 1382 3812 proprietatum;
1406 3755 1472 3812 quae

259 3815 402 3874 sententia
412 3834 489 3873 nunc
503 3815 581 3892 apud
594 3835 693 3873 omnes
708 3815 766 3874 fere
782 3815 901 3874 obtinet.
937 3815 1008 3890 Quae
1025 3823 1121 3874 tamen
1135 3834 1194 3873 non
1208 3813 1317 3892 placuit
1329 3813 1471 3890 Luthero,

258 3895 545 3955 communicationem
560 3895 764 3972 proprietatum
788 3903 900 3954 tantum
921 3895 951 3952 in
976 3903 1117 3968 concreto,
1133 3914 1192 3953 non
1216 3895 1246 3951 in
1260 3893 1410 3952 abstracto
1424 3916 1471 3953 ur·

257 3977 347 4054 genti.
390 3975 423 4033 T.
448 3978 474 4033 1.
490 3975 595 4034 Jenen.
618 3975 701 4052 Disp.
717 3975 753 4033 de
775 3975 887 4034 duabus
908 3975 1019 4034 naturis
1032 3975 1063 4032 in
1078 3974 1200 4048 Christo,
1217 3981 1246 4031 et
1261 3973 1296 4032 de
1308 3975 1471 4034 communi·

259 4055 373 4114 catione
388 4055 572 4132 Idiomatum,
600 4055 719 4114 “Fides
746 4055 895 4115 Catholica
915 4055 978 4112 haec
992 4061 1044 4128 est,
1060 4063 1093 4111 ut
1111 4073 1202 4111 unum
1217 4053 1365 4112 Christum
1381 4055 1471 4113 confi·

256 4145 368 4195 teamur
381 4154 482 4194 verum
498 4135 592 4194 Deum
607 4143 636 4194 et
649 4135 813 4194 hominem:
844 4135 892 4192 Ex
905 4134 960 4192 hac
974 4133 1094 4192 veritate
1107 4134 1229 4210 geminae
1245 4133 1427 4208 substantia,
1443 4143 1472 4193 ct

255 4216 366 4274 unitate
387 4234 525 4292 personae,
542 4215 672 4292 sequitur
695 4215 746 4273 illa
760 4234 824 4291 qnae
838 4212 944 4273 dicitur
958 4213 1178 4271 communicatio
1192 4213 1373 4286 idiomatum,
1390 4223 1424 4272 ut
1438 4235 1472 4272 ea

255 4314 320 4370 qnae
335 4303 402 4352 sunt
416 4294 549 4368 hominis,
565 4304 642 4353 recte
653 4294 689 4352 de
706 4294 777 4367 Deo,
794 4301 822 4352 et
836 4300 936 4351 contra
956 4313 1021 4369 quae
1039 4301 1106 4351 sunt
1132 4291 1196 4369 Dei,
1220 4291 1257 4351 de
1281 4291 1401 4352 homine
1426 4294 1469 4351 di·

256 4381 365 4432 cantur.
408 4373 485 4432 Vere
500 4373 614 4448 dicitur,
630 4375 690 4432 Ista
705 4375 791 4432 homo
807 4372 915 4430 creavit
929 4371 1067 4430 mundum
1083 4380 1112 4430 et
1124 4373 1204 4430 Deus
1219 4372 1273 4430 iste
1294 4381 1341 4431 est
1354 4393 1468 4450 passus,

256 4449 321 4526 dcc,
337 4472 395 4510 non
416 4461 514 4510 tamen
527 4453 589 4510 haec
604 4461 666 4513 rata
690 4451 801 4511 suntin
822 4452 983 4527 abstractis,
1007 4461 1041 4510 ut
1064 4451 1170 4510 dicitur
1190 4452 1318 4510 humana
1331 4453 1467 4512 natura.''

256 4531 295 4588 Et
309 4531 345 4588 de
359 4530 457 4588 verbis
481 4531 647 4590 novissimis
669 4531 802 4606 Davidis,
825 4533 843 4564 “
856 4531 920 4589 Has
941 4530 1048 4589 formas
1069 4531 1208 4608 loquendi
1228 4532 1335 4590 usitate
1361 4541 1469 4591 vocant

255 4610 543 4668 communicationem
558 4609 741 4684 ldiomatum,
757 4610 812 4668 hoc
837 4619 889 4684 est,
915 4631 980 4669 cum
1001 4611 1040 4684 id,
1056 4611 1133 4687 quod
1154 4611 1302 4689 proprium
1318 4619 1363 4670 est
1385 4612 1468 4670 alteri
1574 4681 1575 4686 ἵ

255 4694 375 4762 naturae,
398 4696 427 4745 et
442 4687 477 4745 de
492 4709 526 4746 ea
541 4689 660 4746 seorsim
682 4689 713 4746 in
735 4689 879 4748 abstracto
893 4689 1006 4765 dicitur,
1023 4699 1119 4749 nmen
1134 4691 1164 4748 in
1179 4699 1315 4750 concreto
1329 4691 1468 4751 tribuitur
1574 4687 1575 4710 ¹

564 2781 637 2838 Vll.
661 2779 749 2856 Origo
759 2779 962 2838 controversiae
976 2778 1132 2856 repetenda
1145 2786 1190 2836 est
1203 2775 1309 2836 exalia
1323 2774 1360 2832 de
1373 2775 1473 2834 Coena.
1562 2831 1569 2848 ,
