<?xml version="1.0" encoding="UTF-8"?>
<!DOCTYPE html PUBLIC "-//W3C//DTD XHTML 1.0 Transitional//EN"
    "http://www.w3.org/TR/xhtml1/DTD/xhtml1-transitional.dtd">
<html xmlns="http://www.w3.org/1999/xhtml" xml:lang="en" lang="en">
 <head>
  <title>
</title>
<meta http-equiv="Content-Type" content="text/html;charset=utf-8" />
  <meta name='ocr-system' content='tesseract 3.04.00' />
  <meta name='ocr-capabilities' content='ocr_page ocr_carea ocr_par ocr_line ocrx_word'/>
</head>
<body>
  <div class='ocr_page' id='page_1' title='image "./francisciturret00pictgoog_0606.png"; bbox 0 0 3152 5198; ppageno 0'>
   <div class='ocr_carea' id='block_1_1' title="bbox 120 306 1333 386">
    <p class='ocr_par' dir='ltr' id='par_1_1' title="bbox 120 306 1333 386">
     <span class='ocr_line' id='line_1_1' title="bbox 120 306 1333 386; baseline -0.003 -18"><span class='ocrx_word' id='word_1_1' title='bbox 120 317 234 375; x_wconf 72' lang='lat' dir='ltr'><strong>eumer.</strong></span> <span class='ocrx_word' id='word_1_2' title='bbox 250 306 311 386; x_wconf 79' lang='lat' dir='ltr'><strong>nn]</strong></span> <span class='ocrx_word' id='word_1_3' title='bbox 555 323 593 362; x_wconf 86' lang='lat' dir='ltr'><strong>na</strong></span> <span class='ocrx_word' id='word_1_4' title='bbox 614 319 868 364; x_wconf 76' lang='lat' dir='ltr'><strong>inerrarcnrrour.</strong></span> <span class='ocrx_word' id='word_1_5' title='bbox 1274 307 1333 364; x_wconf 79' lang='lat'><strong>575</strong></span> 
     </span>
    </p>
   </div>
   <div class='ocr_carea' id='block_1_2' title="bbox 114 461 1332 1342">
    <p class='ocr_par' dir='ltr' id='par_1_2' title="bbox 114 461 1332 1262">
     <span class='ocr_line' id='line_1_2' title="bbox 118 461 1329 545; baseline -0.002 -19"><span class='ocrx_word' id='word_1_6' title='bbox 118 467 169 545; x_wconf 89' lang='lat' dir='ltr'><strong>qui</strong></span> <span class='ocrx_word' id='word_1_7' title='bbox 179 465 322 542; x_wconf 85' lang='lat' dir='ltr'><strong>justificat</strong></span> <span class='ocrx_word' id='word_1_8' title='bbox 346 463 475 542; x_wconf 89' lang='lat' dir='ltr'><strong>impium,</strong></span> <span class='ocrx_word' id='word_1_9' title='bbox 495 463 568 522; x_wconf 88' lang='lat' dir='ltr'><strong>fides</strong></span> <span class='ocrx_word' id='word_1_10' title='bbox 589 464 747 541; x_wconf 78' lang='lat' dir='ltr'><strong>imputatur</strong></span> <span class='ocrx_word' id='word_1_11' title='bbox 768 462 807 521; x_wconf 84' lang='lat' dir='ltr'><strong>ad</strong></span> <span class='ocrx_word' id='word_1_12' title='bbox 824 461 999 538; x_wconf 86' lang='lat' dir='ltr'><strong>justitiam.’&#39;</strong></span> <span class='ocrx_word' id='word_1_13' title='bbox 1042 463 1218 524; x_wconf 88' lang='lat' dir='ltr'><strong>Justifieatio</strong></span> <span class='ocrx_word' id='word_1_14' title='bbox 1240 463 1329 542; x_wconf 90' lang='lat' dir='ltr'><strong>impii,</strong></span> 
     </span>
     <span class='ocr_line' id='line_1_3' title="bbox 117 541 1331 623; baseline 0 -18"><span class='ocrx_word' id='word_1_15' title='bbox 117 567 177 606; x_wconf 90' lang='lat' dir='ltr'><strong>non</strong></span> <span class='ocrx_word' id='word_1_16' title='bbox 191 553 287 622; x_wconf 87' lang='lat' dir='ltr'><strong>potest</strong></span> <span class='ocrx_word' id='word_1_17' title='bbox 301 544 364 603; x_wconf 90' lang='lat' dir='ltr'><strong>fieri</strong></span> <span class='ocrx_word' id='word_1_18' title='bbox 377 564 430 621; x_wconf 90' lang='lat' dir='ltr'><strong>per</strong></span> <span class='ocrx_word' id='word_1_19' title='bbox 443 543 624 618; x_wconf 78' lang='lat' dir='ltr'><strong>infusionem,</strong></span> <span class='ocrx_word' id='word_1_20' title='bbox 641 543 692 603; x_wconf 93' lang='lat' dir='ltr'><strong>sed</strong></span> <span class='ocrx_word' id='word_1_21' title='bbox 706 561 757 620; x_wconf 92' lang='lat' dir='ltr'><strong>per</strong></span> <span class='ocrx_word' id='word_1_22' title='bbox 770 541 998 620; x_wconf 68' lang='lat' dir='ltr'><strong>imputationem.</strong></span> <span class='ocrx_word' id='word_1_23' title='bbox 1041 543 1124 602; x_wconf 89' lang='lat' dir='ltr'><strong>Licet</strong></span> <span class='ocrx_word' id='word_1_24' title='bbox 1132 543 1208 602; x_wconf 92' lang='lat' dir='ltr'><strong>enim</strong></span> <span class='ocrx_word' id='word_1_25' title='bbox 1219 544 1268 604; x_wconf 91' lang='lat' dir='ltr'><strong>ille</strong></span> <span class='ocrx_word' id='word_1_26' title='bbox 1280 546 1331 623; x_wconf 91' lang='lat' dir='ltr'><strong>qui</strong></span> 
     </span>
     <span class='ocr_line' id='line_1_4' title="bbox 115 622 1331 701; baseline -0.001 -16"><span class='ocrx_word' id='word_1_27' title='bbox 115 625 294 701; x_wconf 85' lang='lat' dir='ltr'><strong>justificatur</strong></span> <span class='ocrx_word' id='word_1_28' title='bbox 314 645 372 684; x_wconf 92' lang='lat' dir='ltr'><strong>non</strong></span> <span class='ocrx_word' id='word_1_29' title='bbox 387 631 501 682; x_wconf 90' lang='lat' dir='ltr'><strong>maneat</strong></span> <span class='ocrx_word' id='word_1_30' title='bbox 523 624 638 701; x_wconf 90' lang='lat' dir='ltr'><strong>impius,</strong></span> <span class='ocrx_word' id='word_1_31' title='bbox 661 622 713 682; x_wconf 89' lang='lat' dir='ltr'><strong>sed</strong></span> <span class='ocrx_word' id='word_1_32' title='bbox 734 630 889 682; x_wconf 89' lang='lat' dir='ltr'><strong>renovetur</strong></span> <span class='ocrx_word' id='word_1_33' title='bbox 912 643 963 700; x_wconf 88' lang='lat' dir='ltr'><strong>per</strong></span> <span class='ocrx_word' id='word_1_34' title='bbox 985 624 1107 701; x_wconf 76' lang='lat' dir='ltr'><strong>gratiam</strong></span> <span class='ocrx_word' id='word_1_35' title='bbox 1131 623 1246 700; x_wconf 82' lang='lat' dir='ltr'><strong>Christi,</strong></span> <span class='ocrx_word' id='word_1_36' title='bbox 1272 645 1331 684; x_wconf 90' lang='lat' dir='ltr'><strong>non</strong></span> 
     </span>
     <span class='ocr_line' id='line_1_5' title="bbox 118 702 1331 784; baseline 0 -20"><span class='ocrx_word' id='word_1_37' title='bbox 118 713 215 784; x_wconf 89' lang='lat' dir='ltr'><strong>potest</strong></span> <span class='ocrx_word' id='word_1_38' title='bbox 229 705 287 764; x_wconf 89' lang='lat' dir='ltr'><strong>diei</strong></span> <span class='ocrx_word' id='word_1_39' title='bbox 296 705 451 781; x_wconf 85' lang='lat' dir='ltr'><strong>justificari</strong></span> <span class='ocrx_word' id='word_1_40' title='bbox 465 724 516 781; x_wconf 91' lang='lat' dir='ltr'><strong>per</strong></span> <span class='ocrx_word' id='word_1_41' title='bbox 530 704 610 762; x_wconf 92' lang='lat' dir='ltr'><strong>illam</strong></span> <span class='ocrx_word' id='word_1_42' title='bbox 624 703 850 777; x_wconf 77' lang='lat' dir='ltr'><strong>renovationem,</strong></span> <span class='ocrx_word' id='word_1_43' title='bbox 866 721 930 778; x_wconf 87' lang='lat' dir='ltr'><strong>quae</strong></span> <span class='ocrx_word' id='word_1_44' title='bbox 945 702 1063 764; x_wconf 88' lang='lat' dir='ltr'><strong>effectus</strong></span> <span class='ocrx_word' id='word_1_45' title='bbox 1075 711 1127 780; x_wconf 89' lang='lat' dir='ltr'><strong>est,</strong></span> <span class='ocrx_word' id='word_1_46' title='bbox 1139 705 1190 781; x_wconf 89' lang='lat' dir='ltr'><strong>qui</strong></span> <span class='ocrx_word' id='word_1_47' title='bbox 1200 705 1331 781; x_wconf 86' lang='lat' dir='ltr'><strong>sequitur</strong></span> 
     </span>
     <span class='ocr_line' id='line_1_6' title="bbox 114 783 1331 862; baseline -0.001 -17"><span class='ocrx_word' id='word_1_48' title='bbox 114 785 362 862; x_wconf 88' lang='lat' dir='ltr'><strong>justificationem,</strong></span> <span class='ocrx_word' id='word_1_49' title='bbox 377 803 436 844; x_wconf 92' lang='lat' dir='ltr'><strong>non</strong></span> <span class='ocrx_word' id='word_1_50' title='bbox 450 803 537 844; x_wconf 85' lang='lat' dir='ltr'><strong>eausa</strong></span> <span class='ocrx_word' id='word_1_51' title='bbox 550 803 615 860; x_wconf 77' lang='lat' dir='ltr'><strong>qua</strong></span> <span class='ocrx_word' id='word_1_52' title='bbox 630 803 693 842; x_wconf 87' lang='lat' dir='ltr'><strong>eam</strong></span> <span class='ocrx_word' id='word_1_53' title='bbox 706 783 852 861; x_wconf 74' lang='lat' dir='ltr'><strong>praecedit.</strong></span> <span class='ocrx_word' id='word_1_54' title='bbox 895 783 934 842; x_wconf 85' lang='lat' dir='ltr'><strong>Et</strong></span> <span class='ocrx_word' id='word_1_55' title='bbox 947 783 1028 859; x_wconf 86' lang='lat' dir='ltr'><strong>fides,</strong></span> <span class='ocrx_word' id='word_1_56' title='bbox 1043 804 1095 861; x_wconf 86' lang='lat' dir='ltr'><strong>per</strong></span> <span class='ocrx_word' id='word_1_57' title='bbox 1116 803 1202 861; x_wconf 89' lang='lat' dir='ltr'><strong>quam</strong></span> <span class='ocrx_word' id='word_1_58' title='bbox 1223 785 1331 861; x_wconf 87' lang='lat' dir='ltr'><strong>justifi-</strong></span> 
     </span>
     <span class='ocr_line' id='line_1_7' title="bbox 119 863 1332 941; baseline -0.002 -15"><span class='ocrx_word' id='word_1_59' title='bbox 119 875 201 926; x_wconf 85' lang='lat' dir='ltr'><strong>catur</strong></span> <span class='ocrx_word' id='word_1_60' title='bbox 213 867 309 941; x_wconf 89' lang='lat' dir='ltr'><strong>homo,</strong></span> <span class='ocrx_word' id='word_1_61' title='bbox 325 873 354 924; x_wconf 87' lang='lat' dir='ltr'><strong>et</strong></span> <span class='ocrx_word' id='word_1_62' title='bbox 363 865 462 939; x_wconf 87' lang='lat' dir='ltr'><strong>justus</strong></span> <span class='ocrx_word' id='word_1_63' title='bbox 472 863 506 923; x_wconf 90' lang='lat' dir='ltr'><strong>fit</strong></span> <span class='ocrx_word' id='word_1_64' title='bbox 519 864 550 922; x_wconf 89' lang='lat' dir='ltr'><strong>in</strong></span> <span class='ocrx_word' id='word_1_65' title='bbox 564 863 688 939; x_wconf 89' lang='lat' dir='ltr'><strong>Christo,</strong></span> <span class='ocrx_word' id='word_1_66' title='bbox 700 883 759 922; x_wconf 90' lang='lat' dir='ltr'><strong>non</strong></span> <span class='ocrx_word' id='word_1_67' title='bbox 773 863 870 922; x_wconf 83' lang='lat' dir='ltr'><strong>obstat</strong></span> <span class='ocrx_word' id='word_1_68' title='bbox 883 863 1037 940; x_wconf 82' lang='lat' dir='ltr'><strong>quominus</strong></span> <span class='ocrx_word' id='word_1_69' title='bbox 1050 863 1089 923; x_wconf 89' lang='lat' dir='ltr'><strong>sit</strong></span> <span class='ocrx_word' id='word_1_70' title='bbox 1102 873 1131 923; x_wconf 91' lang='lat' dir='ltr'><strong>et</strong></span> <span class='ocrx_word' id='word_1_71' title='bbox 1145 875 1265 924; x_wconf 87' lang='lat' dir='ltr'><strong>vocetur</strong></span> <span class='ocrx_word' id='word_1_72' title='bbox 1278 865 1332 923; x_wconf 91' lang='lat' dir='ltr'><strong>im·</strong></span> 
     </span>
     <span class='ocr_line' id='line_1_8' title="bbox 118 943 1329 1025; baseline 0.001 -21"><span class='ocrx_word' id='word_1_73' title='bbox 118 947 184 1025; x_wconf 87' lang='lat' dir='ltr'><strong>pins</strong></span> <span class='ocrx_word' id='word_1_74' title='bbox 199 945 229 1004; x_wconf 90' lang='lat' dir='ltr'><strong>in</strong></span> <span class='ocrx_word' id='word_1_75' title='bbox 244 965 285 1022; x_wconf 88' lang='lat' dir='ltr'><strong>se,</strong></span> <span class='ocrx_word' id='word_1_76' title='bbox 300 953 443 1022; x_wconf 87' lang='lat' dir='ltr'><strong>quatenus</strong></span> <span class='ocrx_word' id='word_1_77' title='bbox 458 945 613 1022; x_wconf 92' lang='lat' dir='ltr'><strong>opponitur</strong></span> <span class='ocrx_word' id='word_1_78' title='bbox 623 944 762 1021; x_wconf 89' lang='lat' dir='ltr'><strong>operanti,</strong></span> <span class='ocrx_word' id='word_1_79' title='bbox 778 951 810 1002; x_wconf 88' lang='lat' dir='ltr'><strong>ut</strong></span> <span class='ocrx_word' id='word_1_80' title='bbox 824 943 875 1020; x_wconf 90' lang='lat' dir='ltr'><strong>qui</strong></span> <span class='ocrx_word' id='word_1_81' title='bbox 888 943 962 1001; x_wconf 89' lang='lat' dir='ltr'><strong>nihil</strong></span> <span class='ocrx_word' id='word_1_82' title='bbox 974 944 1063 1002; x_wconf 89' lang='lat' dir='ltr'><strong>babet</strong></span> <span class='ocrx_word' id='word_1_83' title='bbox 1084 964 1141 1022; x_wconf 91' lang='lat' dir='ltr'><strong>quo</strong></span> <span class='ocrx_word' id='word_1_84' title='bbox 1166 945 1219 1003; x_wconf 90' lang='lat' dir='ltr'><strong>niti</strong></span> <span class='ocrx_word' id='word_1_85' title='bbox 1242 954 1329 1022; x_wconf 88' lang='lat' dir='ltr'><strong>queat</strong></span> 
     </span>
     <span class='ocr_line' id='line_1_9' title="bbox 119 1022 1326 1101; baseline -0.001 -15"><span class='ocrx_word' id='word_1_86' title='bbox 119 1045 216 1086; x_wconf 89' lang='lat' dir='ltr'><strong>coram</strong></span> <span class='ocrx_word' id='word_1_87' title='bbox 230 1025 382 1085; x_wconf 85' lang='lat' dir='ltr'><strong>Tribunali</strong></span> <span class='ocrx_word' id='word_1_88' title='bbox 395 1024 495 1083; x_wconf 90' lang='lat' dir='ltr'><strong>divino</strong></span> <span class='ocrx_word' id='word_1_89' title='bbox 510 1023 549 1082; x_wconf 88' lang='lat' dir='ltr'><strong>ad</strong></span> <span class='ocrx_word' id='word_1_90' title='bbox 562 1022 861 1098; x_wconf 86' lang='lat' dir='ltr'><strong>suijustificationem,</strong></span> <span class='ocrx_word' id='word_1_91' title='bbox 877 1023 1007 1100; x_wconf 81' lang='lat' dir='ltr'><strong>adeoquo</strong></span> <span class='ocrx_word' id='word_1_92' title='bbox 1022 1025 1131 1100; x_wconf 83' lang='lat' dir='ltr'><strong>impius,</strong></span> <span class='ocrx_word' id='word_1_93' title='bbox 1157 1025 1261 1101; x_wconf 89' lang='lat' dir='ltr'><strong>partim</strong></span> <span class='ocrx_word' id='word_1_94' title='bbox 1275 1047 1326 1085; x_wconf 78' lang='lat' dir='ltr'><strong>aa·</strong></span> 
     </span>
     <span class='ocr_line' id='line_1_10' title="bbox 120 1103 1325 1182; baseline -0.001 -17"><span class='ocrx_word' id='word_1_95' title='bbox 120 1109 281 1180; x_wconf 83' lang='lat' dir='ltr'><strong>tececlenter,</strong></span> <span class='ocrx_word' id='word_1_96' title='bbox 298 1105 404 1182; x_wconf 89' lang='lat' dir='ltr'><strong>partim</strong></span> <span class='ocrx_word' id='word_1_97' title='bbox 418 1105 568 1181; x_wconf 72' lang='lat' dir='ltr'><strong>respective</strong></span> <span class='ocrx_word' id='word_1_98' title='bbox 581 1104 619 1163; x_wconf 86' lang='lat' dir='ltr'><strong>ad</strong></span> <span class='ocrx_word' id='word_1_99' title='bbox 637 1103 883 1180; x_wconf 85' lang='lat' dir='ltr'><strong>justificationem,</strong></span> <span class='ocrx_word' id='word_1_100' title='bbox 900 1123 959 1161; x_wconf 91' lang='lat' dir='ltr'><strong>non</strong></span> <span class='ocrx_word' id='word_1_101' title='bbox 981 1111 1077 1164; x_wconf 88' lang='lat' dir='ltr'><strong>autem</strong></span> <span class='ocrx_word' id='word_1_102' title='bbox 1092 1106 1325 1182; x_wconf 86' lang='lat' dir='ltr'><strong>concomitanter,</strong></span> 
     </span>
     <span class='ocr_line' id='line_1_11' title="bbox 120 1185 564 1262; baseline 0 -18"><span class='ocrx_word' id='word_1_103' title='bbox 120 1186 216 1244; x_wconf 88' lang='lat' dir='ltr'><strong>minus</strong></span> <span class='ocrx_word' id='word_1_104' title='bbox 229 1185 324 1244; x_wconf 88' lang='lat' dir='ltr'><strong>adhue</strong></span> <span class='ocrx_word' id='word_1_105' title='bbox 345 1193 564 1262; x_wconf 84' lang='lat' dir='ltr'><strong>consequenter.</strong></span> 
     </span>
    </p>

    <p class='ocr_par' dir='ltr' id='par_1_3' title="bbox 160 1262 1329 1342">
     <span class='ocr_line' id='line_1_12' title="bbox 160 1262 1329 1342; baseline 0.002 -19"><span class='ocrx_word' id='word_1_106' title='bbox 160 1265 256 1324; x_wconf 88' lang='lat' dir='ltr'>XXI.</span> <span class='ocrx_word' id='word_1_107' title='bbox 279 1266 403 1325; x_wconf 86' lang='lat' dir='ltr'><strong>Possent</strong></span> <span class='ocrx_word' id='word_1_108' title='bbox 417 1266 473 1324; x_wconf 91' lang='lat' dir='ltr'><strong>huc</strong></span> <span class='ocrx_word' id='word_1_109' title='bbox 488 1265 605 1342; x_wconf 81' lang='lat' dir='ltr'><strong>congeri</strong></span> <span class='ocrx_word' id='word_1_110' title='bbox 626 1264 707 1322; x_wconf 84' lang='lat' dir='ltr'><strong>varia</strong></span> <span class='ocrx_word' id='word_1_111' title='bbox 731 1263 851 1322; x_wconf 88' lang='lat' dir='ltr'><strong>Patrum</strong></span> <span class='ocrx_word' id='word_1_112' title='bbox 873 1262 1059 1339; x_wconf 82' lang='lat' dir='ltr'><strong>Testimonia,</strong></span> <span class='ocrx_word' id='word_1_113' title='bbox 1082 1265 1134 1341; x_wconf 94' lang='lat' dir='ltr'><strong>qui</strong></span> <span class='ocrx_word' id='word_1_114' title='bbox 1158 1267 1329 1326; x_wconf 88' lang='lat' dir='ltr'><strong>sententiam</strong></span> 
     </span>
    </p>
   </div>
   <div class='ocr_carea' id='block_1_3' title="bbox 4 1319 1329 1422">
    <p class='ocr_par' dir='ltr' id='par_1_4' title="bbox 4 1319 1329 1422">
     <span class='ocr_line' id='line_1_13' title="bbox 4 1319 1329 1422; baseline 0 -17"><span class='ocrx_word' id='word_1_115' title='bbox 4 1319 7 1378; x_wconf 48' lang='lat'>3</span> <span class='ocrx_word' id='word_1_116' title='bbox 121 1354 251 1405; x_wconf 88' lang='lat' dir='ltr'><strong>nostram</strong></span> <span class='ocrx_word' id='word_1_117' title='bbox 265 1345 377 1404; x_wconf 87' lang='lat' dir='ltr'><strong>calculo</strong></span> <span class='ocrx_word' id='word_1_118' title='bbox 392 1364 444 1404; x_wconf 90' lang='lat' dir='ltr'><strong>suo</strong></span> <span class='ocrx_word' id='word_1_119' title='bbox 459 1345 662 1422; x_wconf 87' lang='lat' dir='ltr'><strong>approbarunt,</strong></span> <span class='ocrx_word' id='word_1_120' title='bbox 686 1364 750 1422; x_wconf 85' lang='lat' dir='ltr'><strong>quaa</strong></span> <span class='ocrx_word' id='word_1_121' title='bbox 771 1342 924 1402; x_wconf 87' lang='lat' dir='ltr'><strong>brevitatis</strong></span> <span class='ocrx_word' id='word_1_122' title='bbox 936 1343 1033 1401; x_wconf 88' lang='lat' dir='ltr'><strong>studio</strong></span> <span class='ocrx_word' id='word_1_123' title='bbox 1047 1344 1216 1404; x_wconf 89' lang='lat' dir='ltr'><strong>omittimus.</strong></span> <span class='ocrx_word' id='word_1_124' title='bbox 1258 1347 1329 1406; x_wconf 87' lang='lat' dir='ltr'><strong>Ber-</strong></span> 
     </span>
    </p>
   </div>
   <div class='ocr_carea' id='block_1_4' title="bbox 97 1421 1337 4704">
    <p class='ocr_par' dir='ltr' id='par_1_5' title="bbox 97 1421 1334 3184">
     <span class='ocr_line' id='line_1_14' title="bbox 119 1421 1329 1501; baseline 0.002 -17"><span class='ocrx_word' id='word_1_125' title='bbox 119 1425 203 1484; x_wconf 88' lang='lat' dir='ltr'><strong>nardi</strong></span> <span class='ocrx_word' id='word_1_126' title='bbox 217 1425 307 1485; x_wconf 89' lang='lat' dir='ltr'><strong>verba</strong></span> <span class='ocrx_word' id='word_1_127' title='bbox 320 1424 483 1484; x_wconf 82' lang='lat' dir='ltr'><strong>adscribere</strong></span> <span class='ocrx_word' id='word_1_128' title='bbox 498 1425 568 1484; x_wconf 88' lang='lat' dir='ltr'><strong>satis</strong></span> <span class='ocrx_word' id='word_1_129' title='bbox 582 1425 645 1500; x_wconf 81' lang='lat' dir='ltr'><strong>erit,</strong></span> <span class='ocrx_word' id='word_1_130' title='bbox 670 1424 739 1501; x_wconf 89' lang='lat' dir='ltr'><strong>quia</strong></span> <span class='ocrx_word' id='word_1_131' title='bbox 762 1422 868 1482; x_wconf 88' lang='lat' dir='ltr'><strong>eximie</strong></span> <span class='ocrx_word' id='word_1_132' title='bbox 891 1423 966 1481; x_wconf 90' lang='lat' dir='ltr'><strong>hane</strong></span> <span class='ocrx_word' id='word_1_133' title='bbox 991 1421 1152 1483; x_wconf 87' lang='lat' dir='ltr'><strong>doctrinam</strong></span> <span class='ocrx_word' id='word_1_134' title='bbox 1174 1426 1329 1486; x_wconf 88' lang='lat' dir='ltr'><strong>salutarem</strong></span> 
     </span>
     <span class='ocr_line' id='line_1_15' title="bbox 119 1502 1332 1583; baseline 0.002 -19"><span class='ocrx_word' id='word_1_135' title='bbox 119 1525 178 1583; x_wconf 86' lang='lat' dir='ltr'><strong>prae</strong></span> <span class='ocrx_word' id='word_1_136' title='bbox 193 1505 305 1564; x_wconf 88' lang='lat' dir='ltr'><strong>caeteris</strong></span> <span class='ocrx_word' id='word_1_137' title='bbox 318 1524 377 1564; x_wconf 90' lang='lat' dir='ltr'><strong>non</strong></span> <span class='ocrx_word' id='word_1_138' title='bbox 392 1505 480 1564; x_wconf 89' lang='lat' dir='ltr'><strong>semel</strong></span> <span class='ocrx_word' id='word_1_139' title='bbox 494 1505 637 1564; x_wconf 83' lang='lat' dir='ltr'><strong>asseruit:</strong></span> <span class='ocrx_word' id='word_1_140' title='bbox 662 1504 755 1582; x_wconf 80' lang='lat' dir='ltr'><strong>Epist.</strong></span> <span class='ocrx_word' id='word_1_141' title='bbox 773 1505 839 1578; x_wconf 82' lang='lat'><strong>190,</strong></span> <span class='ocrx_word' id='word_1_142' title='bbox 854 1502 893 1562; x_wconf 84' lang='lat' dir='ltr'><strong>sd</strong></span> <span class='ocrx_word' id='word_1_143' title='bbox 904 1503 1064 1578; x_wconf 84' lang='lat' dir='ltr'><strong>Innocent,</strong></span> <span class='ocrx_word' id='word_1_144' title='bbox 1088 1503 1272 1582; x_wconf 84' lang='lat' dir='ltr'><strong>“Assignata</strong></span> <span class='ocrx_word' id='word_1_145' title='bbox 1286 1517 1332 1567; x_wconf 91' lang='lat' dir='ltr'><strong>est</strong></span> 
     </span>
     <span class='ocr_line' id='line_1_16' title="bbox 119 1583 1331 1662; baseline 0.002 -18"><span class='ocrx_word' id='word_1_146' title='bbox 119 1585 147 1644; x_wconf 90' lang='lat' dir='ltr'><strong>ei</strong></span> <span class='ocrx_word' id='word_1_147' title='bbox 161 1585 254 1644; x_wconf 89' lang='lat' dir='ltr'><strong>aliena</strong></span> <span class='ocrx_word' id='word_1_148' title='bbox 264 1585 389 1660; x_wconf 85' lang='lat' dir='ltr'><strong>justitia,</strong></span> <span class='ocrx_word' id='word_1_149' title='bbox 405 1585 455 1662; x_wconf 92' lang='lat' dir='ltr'><strong>qui</strong></span> <span class='ocrx_word' id='word_1_150' title='bbox 469 1585 561 1645; x_wconf 86' lang='lat' dir='ltr'><strong>caruit</strong></span> <span class='ocrx_word' id='word_1_151' title='bbox 576 1585 656 1644; x_wconf 87' lang='lat' dir='ltr'><strong>sua.”</strong></span> <span class='ocrx_word' id='word_1_152' title='bbox 699 1585 739 1643; x_wconf 90' lang='lat' dir='ltr'><strong>Et</strong></span> <span class='ocrx_word' id='word_1_153' title='bbox 751 1583 839 1661; x_wconf 86' lang='lat' dir='ltr'><strong>pnulo</strong></span> <span class='ocrx_word' id='word_1_154' title='bbox 862 1591 936 1660; x_wconf 89' lang='lat' dir='ltr'><strong>post,</strong></span> <span class='ocrx_word' id='word_1_155' title='bbox 954 1584 1011 1643; x_wconf 88' lang='lat' dir='ltr'><strong>“Si</strong></span> <span class='ocrx_word' id='word_1_156' title='bbox 1025 1603 1100 1644; x_wconf 87' lang='lat' dir='ltr'><strong>unus</strong></span> <span class='ocrx_word' id='word_1_157' title='bbox 1122 1604 1175 1661; x_wconf 93' lang='lat' dir='ltr'><strong>pro</strong></span> <span class='ocrx_word' id='word_1_158' title='bbox 1196 1587 1331 1647; x_wconf 90' lang='lat' dir='ltr'><strong>omnibus</strong></span> 
     </span>
     <span class='ocr_line' id='line_1_17' title="bbox 119 1662 1332 1742; baseline 0.004 -20"><span class='ocrx_word' id='word_1_159' title='bbox 119 1673 250 1725; x_wconf 90' lang='lat' dir='ltr'><strong>mortuus</strong></span> <span class='ocrx_word' id='word_1_160' title='bbox 264 1674 317 1742; x_wconf 88' lang='lat' dir='ltr'><strong>est,</strong></span> <span class='ocrx_word' id='word_1_161' title='bbox 330 1665 410 1742; x_wconf 87' lang='lat' dir='ltr'><strong>Ergo</strong></span> <span class='ocrx_word' id='word_1_162' title='bbox 425 1685 524 1724; x_wconf 88' lang='lat' dir='ltr'><strong>omnes</strong></span> <span class='ocrx_word' id='word_1_163' title='bbox 534 1664 640 1725; x_wconf 90' lang='lat' dir='ltr'><strong>mortui</strong></span> <span class='ocrx_word' id='word_1_164' title='bbox 655 1673 738 1740; x_wconf 87' lang='lat' dir='ltr'><strong>sunt;</strong></span> <span class='ocrx_word' id='word_1_165' title='bbox 751 1673 783 1723; x_wconf 94' lang='lat' dir='ltr'><strong>ut</strong></span> <span class='ocrx_word' id='word_1_166' title='bbox 792 1662 928 1723; x_wconf 85' lang='lat' dir='ltr'><strong>videlieet</strong></span> <span class='ocrx_word' id='word_1_167' title='bbox 938 1665 1024 1724; x_wconf 87' lang='lat' dir='ltr'><strong>nnius</strong></span> <span class='ocrx_word' id='word_1_168' title='bbox 1033 1664 1190 1724; x_wconf 80' lang='lat' dir='ltr'><strong>satisfactio</strong></span> <span class='ocrx_word' id='word_1_169' title='bbox 1199 1667 1332 1728; x_wconf 89' lang='lat' dir='ltr'><strong>omnibus</strong></span> 
     </span>
     <span class='ocr_line' id='line_1_18' title="bbox 120 1744 1334 1823; baseline 0.003 -21"><span class='ocrx_word' id='word_1_170' title='bbox 120 1745 286 1822; x_wconf 86' lang='lat' dir='ltr'><strong>imputetur,</strong></span> <span class='ocrx_word' id='word_1_171' title='bbox 312 1746 387 1804; x_wconf 88' lang='lat' dir='ltr'><strong>sicut</strong></span> <span class='ocrx_word' id='word_1_172' title='bbox 411 1747 540 1804; x_wconf 90' lang='lat' dir='ltr'><strong>omnium</strong></span> <span class='ocrx_word' id='word_1_173' title='bbox 564 1754 682 1822; x_wconf 87' lang='lat' dir='ltr'><strong>peecata</strong></span> <span class='ocrx_word' id='word_1_174' title='bbox 705 1764 780 1804; x_wconf 90' lang='lat' dir='ltr'><strong>unus</strong></span> <span class='ocrx_word' id='word_1_175' title='bbox 801 1744 851 1802; x_wconf 88' lang='lat' dir='ltr'><strong>ille</strong></span> <span class='ocrx_word' id='word_1_176' title='bbox 873 1744 1029 1822; x_wconf 83' lang='lat' dir='ltr'><strong>portavit.&#39;&#39;</strong></span> <span class='ocrx_word' id='word_1_177' title='bbox 1071 1745 1118 1803; x_wconf 89' lang='lat' dir='ltr'><strong>Et.</strong></span> <span class='ocrx_word' id='word_1_178' title='bbox 1133 1745 1223 1806; x_wconf 88' lang='lat' dir='ltr'><strong>Serm.</strong></span> <span class='ocrx_word' id='word_1_179' title='bbox 1240 1749 1287 1823; x_wconf 80' lang='lat'><strong>61,</strong></span> <span class='ocrx_word' id='word_1_180' title='bbox 1303 1748 1334 1806; x_wconf 90' lang='lat' dir='ltr'><strong>in</strong></span> 
     </span>
     <span class='ocr_line' id='line_1_19' title="bbox 121 1824 1330 1902; baseline 0.002 -18"><span class='ocrx_word' id='word_1_181' title='bbox 121 1825 241 1900; x_wconf 88' lang='lat' dir='ltr'><strong>Cantic.,</strong></span> <span class='ocrx_word' id='word_1_182' title='bbox 266 1825 395 1884; x_wconf 86' lang='lat' dir='ltr'><strong>“Meum</strong></span> <span class='ocrx_word' id='word_1_183' title='bbox 417 1825 538 1902; x_wconf 89' lang='lat' dir='ltr'><strong>proinde</strong></span> <span class='ocrx_word' id='word_1_184' title='bbox 552 1826 686 1885; x_wconf 88' lang='lat' dir='ltr'><strong>meritum</strong></span> <span class='ocrx_word' id='word_1_185' title='bbox 699 1824 846 1883; x_wconf 85' lang='lat' dir='ltr'><strong>miseratio</strong></span> <span class='ocrx_word' id='word_1_186' title='bbox 862 1824 995 1900; x_wconf 87' lang='lat' dir='ltr'><strong>Domini;</strong></span> <span class='ocrx_word' id='word_1_187' title='bbox 1011 1843 1070 1883; x_wconf 90' lang='lat' dir='ltr'><strong>non</strong></span> <span class='ocrx_word' id='word_1_188' title='bbox 1094 1843 1157 1884; x_wconf 88' lang='lat' dir='ltr'><strong>sum</strong></span> <span class='ocrx_word' id='word_1_189' title='bbox 1171 1825 1256 1902; x_wconf 89' lang='lat' dir='ltr'><strong>plane</strong></span> <span class='ocrx_word' id='word_1_190' title='bbox 1271 1849 1330 1886; x_wconf 91' lang='lat' dir='ltr'><strong>me-</strong></span> 
     </span>
     <span class='ocr_line' id='line_1_20' title="bbox 120 1903 1328 1984; baseline 0.004 -22"><span class='ocrx_word' id='word_1_191' title='bbox 120 1904 169 1963; x_wconf 92' lang='lat' dir='ltr'><strong>riti</strong></span> <span class='ocrx_word' id='word_1_192' title='bbox 182 1905 274 1981; x_wconf 91' lang='lat' dir='ltr'><strong>inops,</strong></span> <span class='ocrx_word' id='word_1_193' title='bbox 290 1905 419 1984; x_wconf 89' lang='lat' dir='ltr'><strong>quandiu</strong></span> <span class='ocrx_word' id='word_1_194' title='bbox 431 1905 481 1964; x_wconf 89' lang='lat' dir='ltr'><strong>ille</strong></span> <span class='ocrx_word' id='word_1_195' title='bbox 495 1905 711 1964; x_wconf 89' lang='lat' dir='ltr'><strong>miserationum</strong></span> <span class='ocrx_word' id='word_1_196' title='bbox 731 1925 790 1964; x_wconf 90' lang='lat' dir='ltr'><strong>non</strong></span> <span class='ocrx_word' id='word_1_197' title='bbox 810 1903 926 1963; x_wconf 83' lang='lat' dir='ltr'><strong>fuerit.’&#39;</strong></span> <span class='ocrx_word' id='word_1_198' title='bbox 969 1905 1008 1963; x_wconf 87' lang='lat' dir='ltr'><strong>Et</strong></span> <span class='ocrx_word' id='word_1_199' title='bbox 1020 1904 1107 1982; x_wconf 88' lang='lat' dir='ltr'><strong>paulo</strong></span> <span class='ocrx_word' id='word_1_200' title='bbox 1128 1913 1201 1982; x_wconf 84' lang='lat' dir='ltr'><strong>post,</strong></span> <span class='ocrx_word' id='word_1_201' title='bbox 1220 1909 1237 1940; x_wconf 88' lang='lat'>“</span> <span class='ocrx_word' id='word_1_202' title='bbox 1248 1909 1328 1967; x_wconf 89' lang='lat' dir='ltr'><strong>Nun·</strong></span> 
     </span>
     <span class='ocr_line' id='line_1_21' title="bbox 121 1983 1331 2063; baseline 0.003 -19"><span class='ocrx_word' id='word_1_203' title='bbox 121 1983 192 2062; x_wconf 90' lang='lat' dir='ltr'><strong>quid</strong></span> <span class='ocrx_word' id='word_1_204' title='bbox 198 1985 219 2044; x_wconf 90' lang='lat' dir='ltr'><strong>J</strong></span> <span class='ocrx_word' id='word_1_205' title='bbox 221 1985 335 2044; x_wconf 84' lang='lat' dir='ltr'><strong>ustitiaa</strong></span> <span class='ocrx_word' id='word_1_206' title='bbox 345 2005 424 2044; x_wconf 88' lang='lat' dir='ltr'><strong>meas</strong></span> <span class='ocrx_word' id='word_1_207' title='bbox 436 1987 580 2045; x_wconf 85' lang='lat' dir='ltr'><strong>cantabo?</strong></span> <span class='ocrx_word' id='word_1_208' title='bbox 592 1986 716 2044; x_wconf 91' lang='lat' dir='ltr'><strong>Domine</strong></span> <span class='ocrx_word' id='word_1_209' title='bbox 728 1985 892 2044; x_wconf 89' lang='lat' dir='ltr'><strong>memorabo</strong></span> <span class='ocrx_word' id='word_1_210' title='bbox 899 1983 1022 2060; x_wconf 75' lang='lat' dir='ltr'><strong>justitia</strong></span> <span class='ocrx_word' id='word_1_211' title='bbox 1034 1993 1091 2044; x_wconf 88' lang='lat' dir='ltr'><strong>tuae</strong></span> <span class='ocrx_word' id='word_1_212' title='bbox 1103 1986 1200 2062; x_wconf 87' lang='lat' dir='ltr'><strong>solius,</strong></span> <span class='ocrx_word' id='word_1_213' title='bbox 1211 2007 1275 2063; x_wconf 84' lang='lat' dir='ltr'><strong>quae</strong></span> <span class='ocrx_word' id='word_1_214' title='bbox 1287 1997 1331 2048; x_wconf 86' lang='lat' dir='ltr'><strong>est</strong></span> 
     </span>
     <span class='ocr_line' id='line_1_22' title="bbox 120 2064 1329 2145; baseline 0.002 -22"><span class='ocrx_word' id='word_1_215' title='bbox 120 2073 150 2123; x_wconf 89' lang='lat' dir='ltr'><strong>et</strong></span> <span class='ocrx_word' id='word_1_216' title='bbox 163 2083 237 2124; x_wconf 86' lang='lat' dir='ltr'><strong>mea.</strong></span> <span class='ocrx_word' id='word_1_217' title='bbox 262 2065 401 2143; x_wconf 78' lang='lat' dir='ltr'><strong>Numquid</strong></span> <span class='ocrx_word' id='word_1_218' title='bbox 415 2067 546 2142; x_wconf 84' lang='lat' dir='ltr'><strong>verebor,</strong></span> <span class='ocrx_word' id='word_1_219' title='bbox 557 2085 594 2126; x_wconf 88' lang='lat' dir='ltr'><strong>ne</strong></span> <span class='ocrx_word' id='word_1_220' title='bbox 608 2086 666 2124; x_wconf 91' lang='lat' dir='ltr'><strong>non</strong></span> <span class='ocrx_word' id='word_1_221' title='bbox 677 2085 735 2125; x_wconf 87' lang='lat' dir='ltr'><strong>una</strong></span> <span class='ocrx_word' id='word_1_222' title='bbox 749 2065 889 2124; x_wconf 88' lang='lat' dir='ltr'><strong>ambobus</strong></span> <span class='ocrx_word' id='word_1_223' title='bbox 904 2064 1048 2123; x_wconf 84' lang='lat' dir='ltr'><strong>sufficiat?</strong></span> <span class='ocrx_word' id='word_1_224' title='bbox 1071 2065 1136 2125; x_wconf 91' lang='lat' dir='ltr'><strong>Non</strong></span> <span class='ocrx_word' id='word_1_225' title='bbox 1151 2075 1195 2126; x_wconf 88' lang='lat' dir='ltr'><strong>est</strong></span> <span class='ocrx_word' id='word_1_226' title='bbox 1208 2068 1329 2145; x_wconf 75' lang='lat' dir='ltr'><strong>palbum</strong></span> 
     </span>
     <span class='ocr_line' id='line_1_23' title="bbox 119 2144 1328 2225; baseline 0.004 -23"><span class='ocrx_word' id='word_1_227' title='bbox 119 2145 218 2220; x_wconf 88' lang='lat' dir='ltr'><strong>breve,</strong></span> <span class='ocrx_word' id='word_1_228' title='bbox 233 2145 312 2222; x_wconf 89' lang='lat' dir='ltr'><strong>quod</strong></span> <span class='ocrx_word' id='word_1_229' title='bbox 321 2145 480 2206; x_wconf 87' lang='lat' dir='ltr'><strong>secundnm</strong></span> <span class='ocrx_word' id='word_1_230' title='bbox 502 2145 674 2224; x_wconf 89' lang='lat' dir='ltr'><strong>Prophetam</strong></span> <span class='ocrx_word' id='word_1_231' title='bbox 685 2144 1079 2223; x_wconf 85' lang='lat' dir='ltr'><strong>nonpossitoperireduos.”</strong></span> <span class='ocrx_word' id='word_1_232' title='bbox 1122 2147 1161 2206; x_wconf 88' lang='lat' dir='ltr'><strong>Et</strong></span> <span class='ocrx_word' id='word_1_233' title='bbox 1177 2147 1328 2225; x_wconf 67' lang='lat' dir='ltr'><strong>sermm,</strong></span> 
     </span>
     <span class='ocr_line' id='line_1_24' title="bbox 122 2223 1207 2302; baseline 0.002 -19"><span class='ocrx_word' id='word_1_234' title='bbox 122 2225 212 2283; x_wconf 87' lang='lat' dir='ltr'><strong>“Non</strong></span> <span class='ocrx_word' id='word_1_235' title='bbox 226 2245 345 2302; x_wconf 87' lang='lat' dir='ltr'><strong>peecare</strong></span> <span class='ocrx_word' id='word_1_236' title='bbox 360 2226 416 2284; x_wconf 91' lang='lat' dir='ltr'><strong>Dei</strong></span> <span class='ocrx_word' id='word_1_237' title='bbox 425 2226 542 2302; x_wconf 86' lang='lat' dir='ltr'><strong>justitia</strong></span> <span class='ocrx_word' id='word_1_238' title='bbox 556 2235 619 2301; x_wconf 89' lang='lat' dir='ltr'><strong>est;</strong></span> <span class='ocrx_word' id='word_1_239' title='bbox 635 2225 771 2285; x_wconf 88' lang='lat' dir='ltr'><strong>Hominis</strong></span> <span class='ocrx_word' id='word_1_240' title='bbox 781 2224 905 2301; x_wconf 87' lang='lat' dir='ltr'><strong>justitia,</strong></span> <span class='ocrx_word' id='word_1_241' title='bbox 922 2223 1103 2301; x_wconf 86' lang='lat' dir='ltr'><strong>indulgentia</strong></span> <span class='ocrx_word' id='word_1_242' title='bbox 1122 2226 1207 2285; x_wconf 90' lang='lat' dir='ltr'><strong>Dei.’&#39;</strong></span> 
     </span>
     <span class='ocr_line' id='line_1_25' title="bbox 427 2304 1333 2367; baseline 0.003 -3"><span class='ocrx_word' id='word_1_243' title='bbox 427 2306 540 2366; x_wconf 90' lang='lat' dir='ltr'>XXII.</span> <span class='ocrx_word' id='word_1_244' title='bbox 563 2306 695 2365; x_wconf 87' lang='lat' dir='ltr'><strong>Christus</strong></span> <span class='ocrx_word' id='word_1_245' title='bbox 709 2325 767 2364; x_wconf 92' lang='lat' dir='ltr'><strong>non</strong></span> <span class='ocrx_word' id='word_1_246' title='bbox 781 2313 893 2364; x_wconf 90' lang='lat' dir='ltr'><strong>tantum</strong></span> <span class='ocrx_word' id='word_1_247' title='bbox 915 2304 1015 2364; x_wconf 85' lang='lat' dir='ltr'><strong>debuit</strong></span> <span class='ocrx_word' id='word_1_248' title='bbox 1039 2305 1189 2365; x_wconf 87' lang='lat' dir='ltr'><strong>restituere</strong></span> <span class='ocrx_word' id='word_1_249' title='bbox 1213 2308 1289 2366; x_wconf 90' lang='lat' dir='ltr'><strong>bona</strong></span> <span class='ocrx_word' id='word_1_250' title='bbox 1302 2309 1333 2367; x_wconf 92' lang='lat' dir='ltr'><strong>in</strong></span> 
     </span>
     <span class='ocr_line' id='line_1_26' title="bbox 388 2383 1333 2463; baseline 0.002 -19"><span class='ocrx_word' id='word_1_251' title='bbox 388 2385 503 2444; x_wconf 87' lang='lat' dir='ltr'><strong>Adamo</strong></span> <span class='ocrx_word' id='word_1_252' title='bbox 518 2386 632 2462; x_wconf 87' lang='lat' dir='ltr'><strong>amissa,</strong></span> <span class='ocrx_word' id='word_1_253' title='bbox 657 2385 709 2445; x_wconf 89' lang='lat' dir='ltr'><strong>sed</strong></span> <span class='ocrx_word' id='word_1_254' title='bbox 733 2385 818 2444; x_wconf 89' lang='lat' dir='ltr'><strong>etiam</strong></span> <span class='ocrx_word' id='word_1_255' title='bbox 844 2383 987 2462; x_wconf 89' lang='lat' dir='ltr'><strong>depellere</strong></span> <span class='ocrx_word' id='word_1_256' title='bbox 1011 2385 1087 2444; x_wconf 90' lang='lat' dir='ltr'><strong>mala</strong></span> <span class='ocrx_word' id='word_1_257' title='bbox 1110 2405 1162 2463; x_wconf 89' lang='lat' dir='ltr'><strong>per</strong></span> <span class='ocrx_word' id='word_1_258' title='bbox 1187 2385 1333 2448; x_wconf 80' lang='lat' dir='ltr'><strong>Adamum</strong></span> 
     </span>
     <span class='ocr_line' id='line_1_27' title="bbox 387 2463 1331 2546; baseline 0.004 -22"><span class='ocrx_word' id='word_1_259' title='bbox 387 2473 544 2526; x_wconf 71' lang='lat' dir='ltr'><strong>conuecta.</strong></span> <span class='ocrx_word' id='word_1_260' title='bbox 587 2467 679 2525; x_wconf 87' lang='lat' dir='ltr'><strong>Erant</strong></span> <span class='ocrx_word' id='word_1_261' title='bbox 692 2473 787 2525; x_wconf 90' lang='lat' dir='ltr'><strong>autem</strong></span> <span class='ocrx_word' id='word_1_262' title='bbox 803 2463 869 2540; x_wconf 90' lang='lat' dir='ltr'><strong>duo,</strong></span> <span class='ocrx_word' id='word_1_263' title='bbox 884 2467 992 2524; x_wconf 82' lang='lat' dir='ltr'><strong>Rectus</strong></span> <span class='ocrx_word' id='word_1_264' title='bbox 1006 2473 1035 2524; x_wconf 89' lang='lat' dir='ltr'><strong>et</strong></span> <span class='ocrx_word' id='word_1_265' title='bbox 1046 2465 1199 2542; x_wconf 70' lang='lat' dir='ltr'><strong>Correptio</strong></span> <span class='ocrx_word' id='word_1_266' title='bbox 1213 2477 1331 2546; x_wconf 80' lang='lat' dir='ltr'><strong>natura,</strong></span> 
     </span>
     <span class='ocr_line' id='line_1_28' title="bbox 120 2542 1331 2624; baseline 0.007 -24"><span class='ocrx_word' id='word_1_267' title='bbox 120 2542 227 2620; x_wconf 88' lang='lat' dir='ltr'><strong>quibus</strong></span> <span class='ocrx_word' id='word_1_268' title='bbox 242 2542 299 2602; x_wconf 92' lang='lat' dir='ltr'><strong>duo</strong></span> <span class='ocrx_word' id='word_1_269' title='bbox 313 2543 390 2604; x_wconf 88' lang='lat' dir='ltr'><strong>bona</strong></span> <span class='ocrx_word' id='word_1_270' title='bbox 403 2547 508 2624; x_wconf 93' lang='lat' dir='ltr'><strong>opponi</strong></span> <span class='ocrx_word' id='word_1_271' title='bbox 522 2546 703 2606; x_wconf 87' lang='lat' dir='ltr'><strong>debuerunt:</strong></span> <span class='ocrx_word' id='word_1_272' title='bbox 735 2545 857 2606; x_wconf 78' lang='lat' dir='ltr'><strong>Jmtoic</strong></span> <span class='ocrx_word' id='word_1_273' title='bbox 867 2545 1014 2622; x_wconf 81' lang='lat' dir='ltr'><strong>imputatio</strong></span> <span class='ocrx_word' id='word_1_274' title='bbox 1039 2545 1077 2604; x_wconf 89' lang='lat' dir='ltr'><strong>ad</strong></span> <span class='ocrx_word' id='word_1_275' title='bbox 1089 2545 1250 2607; x_wconf 89' lang='lat' dir='ltr'><strong>tollendum</strong></span> <span class='ocrx_word' id='word_1_276' title='bbox 1270 2569 1331 2608; x_wconf 86' lang='lat' dir='ltr'><strong>rea·</strong></span> 
     </span>
     <span class='ocr_line' id='line_1_29' title="bbox 121 2625 1332 2703; baseline 0.003 -21"><span class='ocrx_word' id='word_1_277' title='bbox 121 2631 185 2682; x_wconf 88' lang='lat' dir='ltr'><strong>tum</strong></span> <span class='ocrx_word' id='word_1_278' title='bbox 199 2643 295 2683; x_wconf 87' lang='lat' dir='ltr'><strong>coram</strong></span> <span class='ocrx_word' id='word_1_279' title='bbox 310 2625 382 2700; x_wconf 88' lang='lat' dir='ltr'><strong>Deo,</strong></span> <span class='ocrx_word' id='word_1_280' title='bbox 398 2634 428 2685; x_wconf 90' lang='lat' dir='ltr'><strong>et</strong></span> <span class='ocrx_word' id='word_1_281' title='bbox 443 2628 600 2686; x_wconf 85' lang='lat' dir='ltr'><strong>Renooctic</strong></span> <span class='ocrx_word' id='word_1_282' title='bbox 613 2637 733 2703; x_wconf 77' lang='lat' dir='ltr'><strong>nouerca,</strong></span> <span class='ocrx_word' id='word_1_283' title='bbox 749 2626 787 2684; x_wconf 85' lang='lat' dir='ltr'><strong>ad</strong></span> <span class='ocrx_word' id='word_1_284' title='bbox 800 2627 1011 2703; x_wconf 83' lang='lat' dir='ltr'><strong>corruptionem</strong></span> <span class='ocrx_word' id='word_1_285' title='bbox 1027 2625 1214 2686; x_wconf 88' lang='lat' dir='ltr'><strong>inhaerentem</strong></span> <span class='ocrx_word' id='word_1_286' title='bbox 1229 2648 1332 2686; x_wconf 86' lang='lat' dir='ltr'><strong>sanan-</strong></span> 
     </span>
     <span class='ocr_line' id='line_1_30' title="bbox 122 2703 1334 2784; baseline 0.004 -23"><span class='ocrx_word' id='word_1_287' title='bbox 122 2703 197 2762; x_wconf 85' lang='lat' dir='ltr'><strong>dam.</strong></span> <span class='ocrx_word' id='word_1_288' title='bbox 241 2703 355 2764; x_wconf 90' lang='lat' dir='ltr'><strong>Deinde</strong></span> <span class='ocrx_word' id='word_1_289' title='bbox 370 2705 502 2766; x_wconf 88' lang='lat' dir='ltr'><strong>Christus</strong></span> <span class='ocrx_word' id='word_1_290' title='bbox 515 2727 574 2766; x_wconf 89' lang='lat' dir='ltr'><strong>non</strong></span> <span class='ocrx_word' id='word_1_291' title='bbox 588 2707 714 2766; x_wconf 88' lang='lat' dir='ltr'><strong>restituit</strong></span> <span class='ocrx_word' id='word_1_292' title='bbox 728 2713 840 2765; x_wconf 88' lang='lat' dir='ltr'><strong>tanturn</strong></span> <span class='ocrx_word' id='word_1_293' title='bbox 854 2706 931 2764; x_wconf 87' lang='lat' dir='ltr'><strong>bona</strong></span> <span class='ocrx_word' id='word_1_294' title='bbox 945 2706 1059 2780; x_wconf 87' lang='lat' dir='ltr'><strong>amissa,</strong></span> <span class='ocrx_word' id='word_1_295' title='bbox 1075 2705 1127 2764; x_wconf 89' lang='lat' dir='ltr'><strong>sed</strong></span> <span class='ocrx_word' id='word_1_296' title='bbox 1139 2706 1226 2784; x_wconf 93' lang='lat' dir='ltr'><strong>longe</strong></span> <span class='ocrx_word' id='word_1_297' title='bbox 1238 2709 1334 2766; x_wconf 84' lang='lat' dir='ltr'><strong>excel-</strong></span> 
     </span>
     <span class='ocr_line' id='line_1_31' title="bbox 119 2783 1328 2866; baseline 0.004 -25"><span class='ocrx_word' id='word_1_298' title='bbox 119 2783 242 2843; x_wconf 86' lang='lat' dir='ltr'><strong>lentiora</strong></span> <span class='ocrx_word' id='word_1_299' title='bbox 255 2807 262 2844; x_wconf 73' lang='grc' dir='ltr'>ι</span> <span class='ocrx_word' id='word_1_300' title='bbox 278 2784 427 2845; x_wconf 86' lang='lat' dir='ltr'><strong>amisimus</strong></span> <span class='ocrx_word' id='word_1_301' title='bbox 436 2787 582 2862; x_wconf 86' lang='lat' dir='ltr'><strong>justitiam</strong></span> <span class='ocrx_word' id='word_1_302' title='bbox 595 2787 773 2861; x_wconf 87' lang='lat' dir='ltr'><strong>mutabilem,</strong></span> <span class='ocrx_word' id='word_1_303' title='bbox 790 2785 841 2844; x_wconf 90' lang='lat' dir='ltr'><strong>sed</strong></span> <span class='ocrx_word' id='word_1_304' title='bbox 855 2785 1016 2844; x_wconf 89' lang='lat' dir='ltr'><strong>restituitur</strong></span> <span class='ocrx_word' id='word_1_305' title='bbox 1023 2783 1108 2843; x_wconf 91' lang='lat' dir='ltr'><strong>nobis</strong></span> <span class='ocrx_word' id='word_1_306' title='bbox 1121 2785 1328 2866; x_wconf 85' lang='lat' dir='ltr'><strong>immutabilis;</strong></span> 
     </span>
     <span class='ocr_line' id='line_1_32' title="bbox 121 2863 1328 2946; baseline 0.003 -24"><span class='ocrx_word' id='word_1_307' title='bbox 121 2863 270 2924; x_wconf 65' lang='lat' dir='ltr'><strong>ambimus</strong></span> <span class='ocrx_word' id='word_1_308' title='bbox 284 2872 396 2924; x_wconf 86' lang='lat' dir='ltr'><strong>tantum</strong></span> <span class='ocrx_word' id='word_1_309' title='bbox 424 2867 621 2942; x_wconf 80' lang='lat' dir='ltr'><strong>inhaerentem,</strong></span> <span class='ocrx_word' id='word_1_310' title='bbox 641 2873 671 2926; x_wconf 87' lang='lat' dir='ltr'><strong>et</strong></span> <span class='ocrx_word' id='word_1_311' title='bbox 693 2865 778 2925; x_wconf 91' lang='lat' dir='ltr'><strong>datur</strong></span> <span class='ocrx_word' id='word_1_312' title='bbox 801 2865 886 2924; x_wconf 91' lang='lat' dir='ltr'><strong>nobis</strong></span> <span class='ocrx_word' id='word_1_313' title='bbox 910 2885 976 2924; x_wconf 89' lang='lat' dir='ltr'><strong>cum</strong></span> <span class='ocrx_word' id='word_1_314' title='bbox 999 2864 1157 2924; x_wconf 84' lang='lat' dir='ltr'><strong>inhaerente</strong></span> <span class='ocrx_word' id='word_1_315' title='bbox 1179 2867 1328 2946; x_wconf 85' lang='lat' dir='ltr'><strong>imputate,</strong></span> 
     </span>
     <span class='ocr_line' id='line_1_33' title="bbox 120 2943 1330 3024; baseline 0.005 -24"><span class='ocrx_word' id='word_1_316' title='bbox 120 2943 182 3002; x_wconf 89' lang='lat' dir='ltr'><strong>sina</strong></span> <span class='ocrx_word' id='word_1_317' title='bbox 196 2964 254 3020; x_wconf 91' lang='lat' dir='ltr'><strong>qua</strong></span> <span class='ocrx_word' id='word_1_318' title='bbox 267 2944 434 3006; x_wconf 78' lang='lat' dir='ltr'><strong>Inhaerentis</strong></span> <span class='ocrx_word' id='word_1_319' title='bbox 447 2967 506 3006; x_wconf 91' lang='lat' dir='ltr'><strong>non</strong></span> <span class='ocrx_word' id='word_1_320' title='bbox 520 2965 671 3024; x_wconf 82' lang='lat' dir='ltr'><strong>possemus</strong></span> <span class='ocrx_word' id='word_1_321' title='bbox 691 2945 754 3005; x_wconf 87' lang='lat' dir='ltr'><strong>fieri</strong></span> <span class='ocrx_word' id='word_1_322' title='bbox 767 2945 941 3023; x_wconf 89' lang='lat' dir='ltr'><strong>participes:</strong></span> <span class='ocrx_word' id='word_1_323' title='bbox 983 2943 1068 3004; x_wconf 87' lang='lat' dir='ltr'><strong>Alias</strong></span> <span class='ocrx_word' id='word_1_324' title='bbox 1089 2945 1114 3004; x_wconf 89' lang='lat' dir='ltr'><strong>si</strong></span> <span class='ocrx_word' id='word_1_325' title='bbox 1133 2945 1205 3004; x_wconf 93' lang='lat' dir='ltr'><strong>nihil</strong></span> <span class='ocrx_word' id='word_1_326' title='bbox 1227 2946 1330 3006; x_wconf 87' lang='lat' dir='ltr'><strong>redde-</strong></span> 
     </span>
     <span class='ocr_line' id='line_1_34' title="bbox 121 3023 1330 3104; baseline 0.006 -24"><span class='ocrx_word' id='word_1_327' title='bbox 121 3032 201 3082; x_wconf 91' lang='lat' dir='ltr'><strong>retur</strong></span> <span class='ocrx_word' id='word_1_328' title='bbox 213 3023 245 3082; x_wconf 89' lang='lat' dir='ltr'><strong>in</strong></span> <span class='ocrx_word' id='word_1_329' title='bbox 259 3025 382 3100; x_wconf 89' lang='lat' dir='ltr'><strong>Christo,</strong></span> <span class='ocrx_word' id='word_1_330' title='bbox 398 3046 485 3103; x_wconf 89' lang='lat' dir='ltr'><strong>quam</strong></span> <span class='ocrx_word' id='word_1_331' title='bbox 499 3026 579 3104; x_wconf 91' lang='lat' dir='ltr'><strong>quod</strong></span> <span class='ocrx_word' id='word_1_332' title='bbox 591 3027 730 3086; x_wconf 87' lang='lat' dir='ltr'><strong>amissum</strong></span> <span class='ocrx_word' id='word_1_333' title='bbox 744 3033 789 3085; x_wconf 87' lang='lat' dir='ltr'><strong>est</strong></span> <span class='ocrx_word' id='word_1_334' title='bbox 802 3025 833 3083; x_wconf 91' lang='lat' dir='ltr'><strong>in</strong></span> <span class='ocrx_word' id='word_1_335' title='bbox 847 3024 971 3100; x_wconf 86' lang='lat' dir='ltr'><strong>Adamo,</strong></span> <span class='ocrx_word' id='word_1_336' title='bbox 997 3024 1128 3084; x_wconf 85' lang='lat' dir='ltr'><strong>remissio</strong></span> <span class='ocrx_word' id='word_1_337' title='bbox 1148 3035 1330 3103; x_wconf 84' lang='lat' dir='ltr'><strong>peccatorum</strong></span> 
     </span>
     <span class='ocr_line' id='line_1_35' title="bbox 97 3102 1127 3184; baseline 0.003 -24"><span class='ocrx_word' id='word_1_338' title='bbox 97 3174 100 3182; x_wconf 36' lang='grc'><strong>,</strong></span> <span class='ocrx_word' id='word_1_339' title='bbox 122 3121 180 3162; x_wconf 84' lang='grc' dir='ltr'>ιιοιι</span> <span class='ocrx_word' id='word_1_340' title='bbox 195 3102 311 3164; x_wconf 88' lang='lat' dir='ltr'><strong>daretur</strong></span> <span class='ocrx_word' id='word_1_341' title='bbox 324 3106 408 3165; x_wconf 90' lang='lat' dir='ltr'><strong>nobis</strong></span> <span class='ocrx_word' id='word_1_342' title='bbox 422 3107 453 3166; x_wconf 90' lang='lat' dir='ltr'><strong>in</strong></span> <span class='ocrx_word' id='word_1_343' title='bbox 468 3107 591 3184; x_wconf 89' lang='lat' dir='ltr'><strong>Christo,</strong></span> <span class='ocrx_word' id='word_1_344' title='bbox 607 3107 676 3184; x_wconf 91' lang='lat' dir='ltr'><strong>quia</strong></span> <span class='ocrx_word' id='word_1_345' title='bbox 689 3126 748 3165; x_wconf 89' lang='lat' dir='ltr'><strong>non</strong></span> <span class='ocrx_word' id='word_1_346' title='bbox 761 3105 817 3164; x_wconf 89' lang='lat' dir='ltr'><strong>fuit</strong></span> <span class='ocrx_word' id='word_1_347' title='bbox 830 3105 937 3164; x_wconf 86' lang='lat' dir='ltr'><strong>amissa</strong></span> <span class='ocrx_word' id='word_1_348' title='bbox 950 3105 981 3162; x_wconf 91' lang='lat' dir='ltr'><strong>in</strong></span> <span class='ocrx_word' id='word_1_349' title='bbox 1002 3103 1127 3164; x_wconf 87' lang='lat' dir='ltr'><strong>Adamo.</strong></span> 
     </span>
    </p>

    <p class='ocr_par' dir='ltr' id='par_1_6' title="bbox 121 3183 1334 3743">
     <span class='ocr_line' id='line_1_36' title="bbox 163 3183 1332 3266; baseline 0.004 -24"><span class='ocrx_word' id='word_1_350' title='bbox 163 3183 293 3243; x_wconf 90' lang='lat' dir='ltr'><strong>XXIII.</strong></span> <span class='ocrx_word' id='word_1_351' title='bbox 316 3186 402 3261; x_wconf 86' lang='lat' dir='ltr'><strong>Quod</strong></span> <span class='ocrx_word' id='word_1_352' title='bbox 414 3187 573 3266; x_wconf 90' lang='lat' dir='ltr'><strong>imputatur</strong></span> <span class='ocrx_word' id='word_1_353' title='bbox 583 3187 670 3246; x_wconf 86' lang='lat' dir='ltr'><strong>alicui</strong></span> <span class='ocrx_word' id='word_1_354' title='bbox 693 3206 745 3265; x_wconf 86' lang='lat' dir='ltr'><strong>per</strong></span> <span class='ocrx_word' id='word_1_355' title='bbox 766 3205 874 3244; x_wconf 89' lang='lat' dir='ltr'><strong>meram</strong></span> <span class='ocrx_word' id='word_1_356' title='bbox 898 3184 1154 3263; x_wconf 85' lang='lat' dir='ltr'><strong>acceptilationem,</strong></span> <span class='ocrx_word' id='word_1_357' title='bbox 1176 3185 1208 3244; x_wconf 87' lang='lat' dir='ltr'><strong>id</strong></span> <span class='ocrx_word' id='word_1_358' title='bbox 1231 3207 1332 3247; x_wconf 85' lang='lat' dir='ltr'><strong>revers</strong></span> 
     </span>
     <span class='ocr_line' id='line_1_37' title="bbox 121 3263 1332 3345; baseline 0.004 -23"><span class='ocrx_word' id='word_1_359' title='bbox 121 3263 248 3323; x_wconf 84' lang='lat' dir='ltr'><strong>solutum</strong></span> <span class='ocrx_word' id='word_1_360' title='bbox 257 3273 379 3341; x_wconf 79' lang='lat' dir='ltr'><strong>nonest,</strong></span> <span class='ocrx_word' id='word_1_361' title='bbox 393 3267 444 3326; x_wconf 89' lang='lat' dir='ltr'><strong>sed</strong></span> <span class='ocrx_word' id='word_1_362' title='bbox 457 3288 510 3345; x_wconf 89' lang='lat' dir='ltr'><strong>pro</strong></span> <span class='ocrx_word' id='word_1_363' title='bbox 521 3267 617 3327; x_wconf 89' lang='lat' dir='ltr'><strong>soluto</strong></span> <span class='ocrx_word' id='word_1_364' title='bbox 630 3267 769 3342; x_wconf 88' lang='lat' dir='ltr'><strong>habetur;</strong></span> <span class='ocrx_word' id='word_1_365' title='bbox 786 3265 837 3324; x_wconf 91' lang='lat' dir='ltr'><strong>sed</strong></span> <span class='ocrx_word' id='word_1_366' title='bbox 847 3264 926 3342; x_wconf 92' lang='lat' dir='ltr'><strong>quod</strong></span> <span class='ocrx_word' id='word_1_367' title='bbox 936 3265 1093 3342; x_wconf 88' lang='lat' dir='ltr'><strong>imputatur</strong></span> <span class='ocrx_word' id='word_1_368' title='bbox 1105 3274 1223 3343; x_wconf 89' lang='lat' dir='ltr'><strong>propter</strong></span> <span class='ocrx_word' id='word_1_369' title='bbox 1233 3287 1332 3327; x_wconf 85' lang='lat' dir='ltr'><strong>veram</strong></span> 
     </span>
     <span class='ocr_line' id='line_1_38' title="bbox 122 3343 1334 3426; baseline 0.005 -24"><span class='ocrx_word' id='word_1_370' title='bbox 122 3343 294 3404; x_wconf 88' lang='lat' dir='ltr'><strong>solutionem</strong></span> <span class='ocrx_word' id='word_1_371' title='bbox 305 3345 342 3406; x_wconf 90' lang='lat' dir='ltr'><strong>ab</strong></span> <span class='ocrx_word' id='word_1_372' title='bbox 356 3346 414 3406; x_wconf 88' lang='lat' dir='ltr'><strong>alio</strong></span> <span class='ocrx_word' id='word_1_373' title='bbox 428 3348 542 3423; x_wconf 87' lang='lat' dir='ltr'><strong>factam,</strong></span> <span class='ocrx_word' id='word_1_374' title='bbox 558 3348 695 3426; x_wconf 89' lang='lat' dir='ltr'><strong>supponit</strong></span> <span class='ocrx_word' id='word_1_375' title='bbox 704 3365 765 3406; x_wconf 89' lang='lat' dir='ltr'><strong>rem</strong></span> <span class='ocrx_word' id='word_1_376' title='bbox 779 3365 842 3405; x_wconf 89' lang='lat' dir='ltr'><strong>esse</strong></span> <span class='ocrx_word' id='word_1_377' title='bbox 857 3345 998 3405; x_wconf 87' lang='lat' dir='ltr'><strong>solutam:</strong></span> <span class='ocrx_word' id='word_1_378' title='bbox 1013 3344 1057 3404; x_wconf 85' lang='lat' dir='ltr'><strong>At</strong></span> <span class='ocrx_word' id='word_1_379' title='bbox 1071 3344 1228 3423; x_wconf 88' lang='lat' dir='ltr'><strong>Imputatio</strong></span> <span class='ocrx_word' id='word_1_380' title='bbox 1239 3348 1260 3407; x_wconf 91' lang='lat' dir='ltr'>J</span> <span class='ocrx_word' id='word_1_381' title='bbox 1262 3349 1334 3408; x_wconf 88' lang='lat' dir='ltr'><strong>usti·</strong></span> 
     </span>
     <span class='ocr_line' id='line_1_39' title="bbox 121 3423 1332 3506; baseline 0.006 -25"><span class='ocrx_word' id='word_1_382' title='bbox 121 3423 170 3482; x_wconf 89' lang='lat' dir='ltr'><strong>tiae</strong></span> <span class='ocrx_word' id='word_1_383' title='bbox 185 3423 300 3502; x_wconf 82' lang='lat' dir='ltr'><strong>Christi,</strong></span> <span class='ocrx_word' id='word_1_384' title='bbox 315 3427 352 3485; x_wconf 90' lang='lat' dir='ltr'><strong>de</strong></span> <span class='ocrx_word' id='word_1_385' title='bbox 366 3446 423 3503; x_wconf 92' lang='lat' dir='ltr'><strong>qua</strong></span> <span class='ocrx_word' id='word_1_386' title='bbox 443 3427 597 3505; x_wconf 89' lang='lat' dir='ltr'><strong>loquimur,</strong></span> <span class='ocrx_word' id='word_1_387' title='bbox 613 3447 672 3486; x_wconf 87' lang='lat' dir='ltr'><strong>non</strong></span> <span class='ocrx_word' id='word_1_388' title='bbox 682 3424 873 3503; x_wconf 87' lang='lat' dir='ltr'><strong>intelligenda</strong></span> <span class='ocrx_word' id='word_1_389' title='bbox 886 3433 931 3484; x_wconf 88' lang='lat' dir='ltr'><strong>est</strong></span> <span class='ocrx_word' id='word_1_390' title='bbox 944 3424 1036 3502; x_wconf 89' lang='lat' dir='ltr'><strong>primo</strong></span> <span class='ocrx_word' id='word_1_391' title='bbox 1051 3445 1146 3501; x_wconf 91' lang='lat' dir='ltr'><strong>sensu,</strong></span> <span class='ocrx_word' id='word_1_392' title='bbox 1162 3427 1213 3503; x_wconf 91' lang='lat' dir='ltr'><strong>qui</strong></span> <span class='ocrx_word' id='word_1_393' title='bbox 1226 3429 1332 3506; x_wconf 92' lang='lat' dir='ltr'><strong>impro-</strong></span> 
     </span>
     <span class='ocr_line' id='line_1_40' title="bbox 121 3503 1333 3587; baseline 0.004 -25"><span class='ocrx_word' id='word_1_394' title='bbox 121 3503 202 3580; x_wconf 89' lang='lat' dir='ltr'><strong>prius</strong></span> <span class='ocrx_word' id='word_1_395' title='bbox 215 3511 267 3580; x_wconf 88' lang='lat' dir='ltr'><strong>eat,</strong></span> <span class='ocrx_word' id='word_1_396' title='bbox 283 3526 337 3584; x_wconf 92' lang='lat' dir='ltr'><strong>pro</strong></span> <span class='ocrx_word' id='word_1_397' title='bbox 349 3506 538 3584; x_wconf 89' lang='lat' dir='ltr'><strong>imputatione</strong></span> <span class='ocrx_word' id='word_1_398' title='bbox 552 3527 618 3587; x_wconf 80' lang='lat' dir='ltr'><strong>qua</strong></span> <span class='ocrx_word' id='word_1_399' title='bbox 631 3507 665 3567; x_wconf 88' lang='lat' dir='ltr'><strong>fit</strong></span> <span class='ocrx_word' id='word_1_400' title='bbox 685 3507 794 3585; x_wconf 88' lang='lat' dir='ltr'><strong>absque</strong></span> <span class='ocrx_word' id='word_1_401' title='bbox 819 3505 897 3564; x_wconf 91' lang='lat' dir='ltr'><strong>omni</strong></span> <span class='ocrx_word' id='word_1_402' title='bbox 921 3506 1064 3564; x_wconf 87' lang='lat' dir='ltr'><strong>solutione</strong></span> <span class='ocrx_word' id='word_1_403' title='bbox 1088 3506 1150 3565; x_wconf 87' lang='lat' dir='ltr'><strong>sive</strong></span> <span class='ocrx_word' id='word_1_404' title='bbox 1177 3507 1333 3587; x_wconf 81' lang='lat' dir='ltr'><strong>Debitoris,</strong></span> 
     </span>
     <span class='ocr_line' id='line_1_41' title="bbox 122 3584 1334 3665; baseline 0.007 -23"><span class='ocrx_word' id='word_1_405' title='bbox 122 3584 185 3643; x_wconf 87' lang='lat' dir='ltr'><strong>sive</strong></span> <span class='ocrx_word' id='word_1_406' title='bbox 215 3584 387 3662; x_wconf 88' lang='lat' dir='ltr'><strong>Sponsoris;</strong></span> <span class='ocrx_word' id='word_1_407' title='bbox 425 3587 484 3648; x_wconf 84' lang='lat' dir='ltr'><strong>Sed</strong></span> <span class='ocrx_word' id='word_1_408' title='bbox 512 3588 671 3665; x_wconf 90' lang='lat' dir='ltr'><strong>posteriori,</strong></span> <span class='ocrx_word' id='word_1_409' title='bbox 691 3595 834 3664; x_wconf 86' lang='lat' dir='ltr'><strong>quatenus</strong></span> <span class='ocrx_word' id='word_1_410' title='bbox 857 3585 995 3645; x_wconf 89' lang='lat' dir='ltr'><strong>fundatur</strong></span> <span class='ocrx_word' id='word_1_411' title='bbox 1014 3585 1045 3644; x_wconf 91' lang='lat' dir='ltr'><strong>in</strong></span> <span class='ocrx_word' id='word_1_412' title='bbox 1069 3586 1211 3646; x_wconf 88' lang='lat' dir='ltr'><strong>solutione</strong></span> <span class='ocrx_word' id='word_1_413' title='bbox 1239 3589 1334 3650; x_wconf 85' lang='lat' dir='ltr'><strong>aliena</strong></span> 
     </span>
     <span class='ocr_line' id='line_1_42' title="bbox 122 3665 409 3743; baseline 0.017 -22"><span class='ocrx_word' id='word_1_414' title='bbox 122 3665 230 3724; x_wconf 86' lang='lat' dir='ltr'><strong>Christi</strong></span> <span class='ocrx_word' id='word_1_415' title='bbox 246 3666 409 3743; x_wconf 84' lang='lat' dir='ltr'><strong>Sponsoris.</strong></span> 
     </span>
    </p>

    <p class='ocr_par' dir='ltr' id='par_1_7' title="bbox 119 3744 1337 4704">
     <span class='ocr_line' id='line_1_43' title="bbox 167 3744 1335 3825; baseline 0.006 -24"><span class='ocrx_word' id='word_1_416' title='bbox 167 3744 293 3805; x_wconf 87' lang='lat' dir='ltr'><strong>XXIV.</strong></span> <span class='ocrx_word' id='word_1_417' title='bbox 316 3746 600 3823; x_wconf 85' lang='lat' dir='ltr'><strong>Licetjnetificemur</strong></span> <span class='ocrx_word' id='word_1_418' title='bbox 612 3766 664 3825; x_wconf 91' lang='lat' dir='ltr'><strong>per</strong></span> <span class='ocrx_word' id='word_1_419' title='bbox 674 3746 825 3807; x_wconf 86' lang='lat' dir='ltr'><strong>Justitiam</strong></span> <span class='ocrx_word' id='word_1_420' title='bbox 836 3745 943 3805; x_wconf 84' lang='lat' dir='ltr'><strong>Christi</strong></span> <span class='ocrx_word' id='word_1_421' title='bbox 951 3745 1140 3823; x_wconf 78' lang='lat' dir='ltr'><strong>imputatam3</strong></span> <span class='ocrx_word' id='word_1_422' title='bbox 1163 3747 1229 3807; x_wconf 90' lang='lat' dir='ltr'><strong>Non</strong></span> <span class='ocrx_word' id='word_1_423' title='bbox 1240 3749 1335 3825; x_wconf 89' lang='lat' dir='ltr'><strong>sequi·</strong></span> 
     </span>
     <span class='ocr_line' id='line_1_44' title="bbox 123 3826 1334 3904; baseline 0.007 -26"><span class='ocrx_word' id='word_1_424' title='bbox 123 3828 170 3878; x_wconf 90' lang='lat' dir='ltr'><strong>tur</strong></span> <span class='ocrx_word' id='word_1_425' title='bbox 183 3841 237 3881; x_wconf 89' lang='lat' dir='ltr'><strong>uos</strong></span> <span class='ocrx_word' id='word_1_426' title='bbox 250 3844 309 3883; x_wconf 89' lang='lat' dir='ltr'><strong>non</strong></span> <span class='ocrx_word' id='word_1_427' title='bbox 322 3826 418 3886; x_wconf 89' lang='lat' dir='ltr'><strong>minus</strong></span> <span class='ocrx_word' id='word_1_428' title='bbox 428 3829 526 3902; x_wconf 87' lang='lat' dir='ltr'><strong>justos</strong></span> <span class='ocrx_word' id='word_1_429' title='bbox 550 3847 613 3888; x_wconf 87' lang='lat' dir='ltr'><strong>esse</strong></span> <span class='ocrx_word' id='word_1_430' title='bbox 637 3846 725 3904; x_wconf 87' lang='lat' dir='ltr'><strong>quam</strong></span> <span class='ocrx_word' id='word_1_431' title='bbox 750 3826 905 3901; x_wconf 87' lang='lat' dir='ltr'><strong>Christum,</strong></span> <span class='ocrx_word' id='word_1_432' title='bbox 931 3835 960 3885; x_wconf 89' lang='lat' dir='ltr'><strong>et</strong></span> <span class='ocrx_word' id='word_1_433' title='bbox 984 3827 1025 3885; x_wconf 93' lang='lat' dir='ltr'><strong>ita</strong></span> <span class='ocrx_word' id='word_1_434' title='bbox 1047 3827 1158 3886; x_wconf 85' lang='lat' dir='ltr'><strong>censeri</strong></span> <span class='ocrx_word' id='word_1_435' title='bbox 1181 3827 1219 3884; x_wconf 86' lang='lat' dir='ltr'><strong>ad</strong></span> <span class='ocrx_word' id='word_1_436' title='bbox 1243 3828 1334 3886; x_wconf 85' lang='lat' dir='ltr'><strong>instar</strong></span> 
     </span>
     <span class='ocr_line' id='line_1_45' title="bbox 125 3899 1330 3985; baseline 0.007 -27"><span class='ocrx_word' id='word_1_437' title='bbox 125 3899 241 3977; x_wconf 85' lang='lat' dir='ltr'><strong>Christi,</strong></span> <span class='ocrx_word' id='word_1_438' title='bbox 258 3903 427 3964; x_wconf 73' lang='lat' dir='ltr'><strong>servatores</strong></span> <span class='ocrx_word' id='word_1_439' title='bbox 440 3915 470 3966; x_wconf 89' lang='lat' dir='ltr'><strong>et</strong></span> <span class='ocrx_word' id='word_1_440' title='bbox 484 3907 694 3985; x_wconf 86' lang='lat' dir='ltr'><strong>Redemptores</strong></span> <span class='ocrx_word' id='word_1_441' title='bbox 708 3905 831 3982; x_wconf 88' lang='lat' dir='ltr'><strong>Mundi;</strong></span> <span class='ocrx_word' id='word_1_442' title='bbox 847 3913 877 3966; x_wconf 90' lang='lat' dir='ltr'><strong>et</strong></span> <span class='ocrx_word' id='word_1_443' title='bbox 901 3905 1048 3965; x_wconf 88' lang='lat' dir='ltr'><strong>Christum</strong></span> <span class='ocrx_word' id='word_1_444' title='bbox 1072 3913 1188 3983; x_wconf 79' lang='lat' dir='ltr'><strong>propter</strong></span> <span class='ocrx_word' id='word_1_445' title='bbox 1208 3905 1330 3982; x_wconf 89' lang='lat' dir='ltr'><strong>imputa-</strong></span> 
     </span>
     <span class='ocr_line' id='line_1_46' title="bbox 125 3980 1333 4064; baseline 0.007 -26"><span class='ocrx_word' id='word_1_446' title='bbox 125 3987 185 4038; x_wconf 94' lang='lat' dir='ltr'><strong>tam</strong></span> <span class='ocrx_word' id='word_1_447' title='bbox 198 3980 254 4057; x_wconf 90' lang='lat' dir='ltr'><strong>ipsi</strong></span> <span class='ocrx_word' id='word_1_448' title='bbox 268 3991 397 4042; x_wconf 90' lang='lat' dir='ltr'><strong>nostram</strong></span> <span class='ocrx_word' id='word_1_449' title='bbox 411 3985 583 4060; x_wconf 84' lang='lat' dir='ltr'><strong>injustitiam</strong></span> <span class='ocrx_word' id='word_1_450' title='bbox 597 4007 681 4064; x_wconf 89' lang='lat' dir='ltr'><strong>posse</strong></span> <span class='ocrx_word' id='word_1_451' title='bbox 696 3987 951 4064; x_wconf 88' lang='lat' dir='ltr'><strong>dieipeccatorem.</strong></span> <span class='ocrx_word' id='word_1_452' title='bbox 974 3984 1049 4059; x_wconf 86' lang='lat' dir='ltr'><strong>Quia</strong></span> <span class='ocrx_word' id='word_1_453' title='bbox 1062 3983 1333 4047; x_wconf 87' lang='lat' dir='ltr'><strong>debetsuamanere</strong></span> 
     </span>
     <span class='ocr_line' id='line_1_47' title="bbox 124 4061 1331 4144; baseline 0.006 -26"><span class='ocrx_word' id='word_1_454' title='bbox 124 4079 237 4136; x_wconf 86' lang='lat' dir='ltr'><strong>semper</strong></span> <span class='ocrx_word' id='word_1_455' title='bbox 247 4061 375 4140; x_wconf 83' lang='lat' dir='ltr'><strong>dignitas</strong></span> <span class='ocrx_word' id='word_1_456' title='bbox 387 4064 490 4142; x_wconf 90' lang='lat' dir='ltr'><strong>Capiti,</strong></span> <span class='ocrx_word' id='word_1_457' title='bbox 505 4073 538 4124; x_wconf 91' lang='lat' dir='ltr'><strong>nt</strong></span> <span class='ocrx_word' id='word_1_458' title='bbox 551 4067 679 4126; x_wconf 89' lang='lat' dir='ltr'><strong>membra</strong></span> <span class='ocrx_word' id='word_1_459' title='bbox 693 4067 751 4126; x_wconf 87' lang='lat' dir='ltr'><strong>sint</strong></span> <span class='ocrx_word' id='word_1_460' title='bbox 765 4065 922 4125; x_wconf 87' lang='lat' dir='ltr'><strong>conformia</strong></span> <span class='ocrx_word' id='word_1_461' title='bbox 936 4064 1039 4141; x_wconf 89' lang='lat' dir='ltr'><strong>Capiti,</strong></span> <span class='ocrx_word' id='word_1_462' title='bbox 1056 4061 1107 4122; x_wconf 90' lang='lat' dir='ltr'><strong>sed</strong></span> <span class='ocrx_word' id='word_1_463' title='bbox 1118 4063 1147 4120; x_wconf 93' lang='lat' dir='ltr'><strong>in</strong></span> <span class='ocrx_word' id='word_1_464' title='bbox 1159 4083 1211 4122; x_wconf 91' lang='lat' dir='ltr'><strong>suo</strong></span> <span class='ocrx_word' id='word_1_465' title='bbox 1222 4065 1331 4144; x_wconf 90' lang='lat' dir='ltr'><strong>ordine,</strong></span> 
     </span>
     <span class='ocr_line' id='line_1_48' title="bbox 123 4142 1333 4224; baseline 0.007 -27"><span class='ocrx_word' id='word_1_466' title='bbox 123 4147 153 4198; x_wconf 88' lang='lat' dir='ltr'><strong>et</strong></span> <span class='ocrx_word' id='word_1_467' title='bbox 167 4159 225 4198; x_wconf 88' lang='lat' dir='ltr'><strong>non</strong></span> <span class='ocrx_word' id='word_1_468' title='bbox 239 4149 272 4200; x_wconf 90' lang='lat' dir='ltr'><strong>nt</strong></span> <span class='ocrx_word' id='word_1_469' title='bbox 284 4142 349 4219; x_wconf 87' lang='lat' dir='ltr'><strong>ipsa</strong></span> <span class='ocrx_word' id='word_1_470' title='bbox 359 4142 417 4202; x_wconf 89' lang='lat' dir='ltr'><strong>sint</strong></span> <span class='ocrx_word' id='word_1_471' title='bbox 428 4145 530 4221; x_wconf 88' lang='lat' dir='ltr'><strong>Caput.</strong></span> <span class='ocrx_word' id='word_1_472' title='bbox 572 4147 619 4205; x_wconf 84' lang='lat' dir='ltr'><strong>Ita</strong></span> <span class='ocrx_word' id='word_1_473' title='bbox 632 4146 765 4224; x_wconf 86' lang='lat' dir='ltr'><strong>quamvis</strong></span> <span class='ocrx_word' id='word_1_474' title='bbox 779 4145 876 4224; x_wconf 88' lang='lat' dir='ltr'><strong>quoad</strong></span> <span class='ocrx_word' id='word_1_475' title='bbox 889 4143 1107 4220; x_wconf 75' lang='lat' dir='ltr'><strong>Imputationem</strong></span> <span class='ocrx_word' id='word_1_476' title='bbox 1128 4162 1195 4202; x_wconf 88' lang='lat' dir='ltr'><strong>vere</strong></span> <span class='ocrx_word' id='word_1_477' title='bbox 1205 4145 1281 4221; x_wconf 88' lang='lat' dir='ltr'><strong>justi</strong></span> <span class='ocrx_word' id='word_1_478' title='bbox 1295 4147 1333 4206; x_wconf 91' lang='lat' dir='ltr'><strong>si-</strong></span> 
     </span>
     <span class='ocr_line' id='line_1_49' title="bbox 122 4222 1334 4304; baseline 0.007 -26"><span class='ocrx_word' id='word_1_479' title='bbox 122 4239 188 4278; x_wconf 90' lang='lat' dir='ltr'><strong>mus</strong></span> <span class='ocrx_word' id='word_1_480' title='bbox 203 4239 299 4282; x_wconf 88' lang='lat' dir='ltr'><strong>coram</strong></span> <span class='ocrx_word' id='word_1_481' title='bbox 315 4222 387 4298; x_wconf 89' lang='lat' dir='ltr'><strong>Deo,</strong></span> <span class='ocrx_word' id='word_1_482' title='bbox 403 4223 536 4284; x_wconf 89' lang='lat' dir='ltr'><strong>Christus</strong></span> <span class='ocrx_word' id='word_1_483' title='bbox 559 4233 656 4284; x_wconf 88' lang='lat' dir='ltr'><strong>tamen</strong></span> <span class='ocrx_word' id='word_1_484' title='bbox 668 4227 756 4304; x_wconf 88' lang='lat' dir='ltr'><strong>longe</strong></span> <span class='ocrx_word' id='word_1_485' title='bbox 777 4224 940 4304; x_wconf 87' lang='lat' dir='ltr'><strong>perfectiori</strong></span> <span class='ocrx_word' id='word_1_486' title='bbox 963 4222 1050 4284; x_wconf 87' lang='lat' dir='ltr'><strong>modo</strong></span> <span class='ocrx_word' id='word_1_487' title='bbox 1070 4222 1169 4298; x_wconf 87' lang='lat' dir='ltr'><strong>justus</strong></span> <span class='ocrx_word' id='word_1_488' title='bbox 1193 4233 1254 4300; x_wconf 87' lang='lat' dir='ltr'><strong>est;</strong></span> <span class='ocrx_word' id='word_1_489' title='bbox 1280 4245 1334 4286; x_wconf 90' lang='lat' dir='ltr'><strong>nos</strong></span> 
     </span>
     <span class='ocr_line' id='line_1_50' title="bbox 123 4299 1332 4384; baseline 0.007 -28"><span class='ocrx_word' id='word_1_490' title='bbox 123 4299 201 4358; x_wconf 89' lang='lat' dir='ltr'><strong>onim</strong></span> <span class='ocrx_word' id='word_1_491' title='bbox 215 4301 289 4362; x_wconf 89' lang='lat' dir='ltr'><strong>tales</strong></span> <span class='ocrx_word' id='word_1_492' title='bbox 303 4321 403 4362; x_wconf 88' lang='lat' dir='ltr'><strong>smnus</strong></span> <span class='ocrx_word' id='word_1_493' title='bbox 430 4303 550 4364; x_wconf 89' lang='lat' dir='ltr'><strong>relative</strong></span> <span class='ocrx_word' id='word_1_494' title='bbox 571 4305 603 4364; x_wconf 92' lang='lat' dir='ltr'><strong>in</strong></span> <span class='ocrx_word' id='word_1_495' title='bbox 626 4306 698 4384; x_wconf 90' lang='lat' dir='ltr'><strong>ipso,</strong></span> <span class='ocrx_word' id='word_1_496' title='bbox 724 4305 892 4383; x_wconf 88' lang='lat' dir='ltr'><strong>etquidem</strong></span> <span class='ocrx_word' id='word_1_497' title='bbox 915 4303 1053 4383; x_wconf 85' lang='lat' dir='ltr'><strong>precario,</strong></span> <span class='ocrx_word' id='word_1_498' title='bbox 1078 4311 1108 4363; x_wconf 89' lang='lat' dir='ltr'><strong>et</strong></span> <span class='ocrx_word' id='word_1_499' title='bbox 1129 4302 1332 4382; x_wconf 87' lang='lat' dir='ltr'><strong>dependenter,</strong></span> 
     </span>
     <span class='ocr_line' id='line_1_51' title="bbox 124 4379 1333 4462; baseline 0.007 -25"><span class='ocrx_word' id='word_1_500' title='bbox 124 4379 257 4442; x_wconf 86' lang='lat' dir='ltr'><strong>Christus</strong></span> <span class='ocrx_word' id='word_1_501' title='bbox 271 4402 342 4444; x_wconf 85' lang='lat' dir='ltr'><strong>vero</strong></span> <span class='ocrx_word' id='word_1_502' title='bbox 355 4381 475 4458; x_wconf 86' lang='lat' dir='ltr'><strong>infinite,</strong></span> <span class='ocrx_word' id='word_1_503' title='bbox 492 4383 677 4462; x_wconf 80' lang='lat' dir='ltr'><strong>originaliter,</strong></span> <span class='ocrx_word' id='word_1_504' title='bbox 693 4385 873 4460; x_wconf 74' lang='lat' dir='ltr'><strong>inherenter,</strong></span> <span class='ocrx_word' id='word_1_505' title='bbox 885 4394 915 4444; x_wconf 91' lang='lat' dir='ltr'><strong>et</strong></span> <span class='ocrx_word' id='word_1_506' title='bbox 928 4384 1097 4462; x_wconf 81' lang='lat' dir='ltr'><strong>subjective.</strong></span> <span class='ocrx_word' id='word_1_507' title='bbox 1129 4387 1158 4444; x_wconf 77' lang='grc'><strong>2.</strong></span> <span class='ocrx_word' id='word_1_508' title='bbox 1174 4385 1333 4446; x_wconf 85' lang='lat' dir='ltr'><strong>Possumus</strong></span> 
     </span>
     <span class='ocr_line' id='line_1_52' title="bbox 123 4459 1337 4544; baseline 0.005 -24"><span class='ocrx_word' id='word_1_509' title='bbox 123 4459 241 4538; x_wconf 89' lang='lat' dir='ltr'><strong>quidem</strong></span> <span class='ocrx_word' id='word_1_510' title='bbox 255 4471 373 4541; x_wconf 90' lang='lat' dir='ltr'><strong>propter</strong></span> <span class='ocrx_word' id='word_1_511' title='bbox 386 4463 538 4524; x_wconf 85' lang='lat' dir='ltr'><strong>Justitiam</strong></span> <span class='ocrx_word' id='word_1_512' title='bbox 552 4466 659 4526; x_wconf 88' lang='lat' dir='ltr'><strong>Christi</strong></span> <span class='ocrx_word' id='word_1_513' title='bbox 673 4466 757 4526; x_wconf 90' lang='lat' dir='ltr'><strong>nobis</strong></span> <span class='ocrx_word' id='word_1_514' title='bbox 770 4467 941 4544; x_wconf 87' lang='lat' dir='ltr'><strong>imputatam</strong></span> <span class='ocrx_word' id='word_1_515' title='bbox 955 4464 1013 4524; x_wconf 89' lang='lat' dir='ltr'><strong>diei</strong></span> <span class='ocrx_word' id='word_1_516' title='bbox 1034 4465 1173 4542; x_wconf 84' lang='lat' dir='ltr'><strong>redempti</strong></span> <span class='ocrx_word' id='word_1_517' title='bbox 1192 4469 1337 4526; x_wconf 75' lang='lat' dir='ltr'><strong>eteuloari</strong></span> 
     </span>
     <span class='ocr_line' id='line_1_53' title="bbox 119 4541 1333 4624; baseline 0.003 -22"><span class='ocrx_word' id='word_1_518' title='bbox 119 4541 240 4619; x_wconf 70' lang='lat' dir='ltr'><strong>passive,</strong></span> <span class='ocrx_word' id='word_1_519' title='bbox 257 4543 381 4603; x_wconf 89' lang='lat' dir='ltr'><strong>sednon</strong></span> <span class='ocrx_word' id='word_1_520' title='bbox 395 4546 585 4621; x_wconf 78' lang='lat' dir='ltr'><strong>redemptores</strong></span> <span class='ocrx_word' id='word_1_521' title='bbox 597 4549 694 4623; x_wconf 75' lang='lat' dir='ltr'><strong>arabe,</strong></span> <span class='ocrx_word' id='word_1_522' title='bbox 730 4546 778 4606; x_wconf 88' lang='lat' dir='ltr'><strong>uia</strong></span> <span class='ocrx_word' id='word_1_523' title='bbox 791 4546 817 4604; x_wconf 88' lang='lat' dir='ltr'><strong>is</strong></span> <span class='ocrx_word' id='word_1_524' title='bbox 830 4553 945 4606; x_wconf 86' lang='lat' dir='ltr'><strong>tantum</strong></span> <span class='ocrx_word' id='word_1_525' title='bbox 968 4543 1133 4622; x_wconf 87' lang='lat' dir='ltr'><strong>redemptor</strong></span> <span class='ocrx_word' id='word_1_526' title='bbox 1152 4565 1216 4606; x_wconf 88' lang='lat' dir='ltr'><strong>esse</strong></span> <span class='ocrx_word' id='word_1_527' title='bbox 1229 4554 1333 4624; x_wconf 89' lang='lat' dir='ltr'><strong>potest,</strong></span> 
     </span>
     <span class='ocr_line' id='line_1_54' title="bbox 124 4566 1335 4704; baseline 0.006 -23"><span class='ocrx_word' id='word_1_528' title='bbox 124 4621 210 4697; x_wconf 77' lang='lat' dir='ltr'><strong>cujus</strong></span> <span class='ocrx_word' id='word_1_529' title='bbox 220 4623 336 4701; x_wconf 87' lang='lat' dir='ltr'><strong>justitia</strong></span> <span class='ocrx_word' id='word_1_530' title='bbox 350 4624 434 4685; x_wconf 90' lang='lat' dir='ltr'><strong>alteri</strong></span> <span class='ocrx_word' id='word_1_531' title='bbox 448 4624 614 4704; x_wconf 88' lang='lat' dir='ltr'><strong>imputatur,</strong></span> <span class='ocrx_word' id='word_1_532' title='bbox 630 4566 746 4687; x_wconf 69' lang='lat' dir='ltr'><strong>nonilde</strong></span> <span class='ocrx_word' id='word_1_533' title='bbox 755 4627 805 4704; x_wconf 91' lang='lat' dir='ltr'><strong>qui</strong></span> <span class='ocrx_word' id='word_1_534' title='bbox 814 4624 878 4702; x_wconf 88' lang='lat' dir='ltr'><strong>ejus</strong></span> <span class='ocrx_word' id='word_1_535' title='bbox 892 4625 1080 4703; x_wconf 91' lang='lat' dir='ltr'><strong>imputatione</strong></span> <span class='ocrx_word' id='word_1_536' title='bbox 1089 4633 1165 4703; x_wconf 89' lang='lat' dir='ltr'><strong>eget.</strong></span> <span class='ocrx_word' id='word_1_537' title='bbox 1195 4629 1223 4686; x_wconf 83' lang='lat'><strong>3.</strong></span> <span class='ocrx_word' id='word_1_538' title='bbox 1238 4626 1335 4688; x_wconf 86' lang='lat' dir='ltr'><strong>Chris-</strong></span> 
     </span>
    </p>
   </div>
   <div class='ocr_carea' id='block_1_5' title="bbox 165 2369 338 2473">
    <p class='ocr_par' dir='ltr' id='par_1_8' title="bbox 165 2369 338 2473">
     <span class='ocr_line' id='line_1_55' title="bbox 165 2369 338 2416; baseline 0 0"><span class='ocrx_word' id='word_1_539' title='bbox 165 2371 258 2416; x_wconf 85' lang='lat' dir='ltr'><strong>Fontes</strong></span> <span class='ocrx_word' id='word_1_540' title='bbox 267 2369 338 2416; x_wconf 82' lang='lat' dir='ltr'><strong>Solu·</strong></span> 
     </span>
     <span class='ocr_line' id='line_1_56' title="bbox 199 2431 305 2473; baseline -0.009 0"><span class='ocrx_word' id='word_1_541' title='bbox 199 2431 305 2473; x_wconf 82' lang='lat' dir='ltr'><strong>tionum.</strong></span> 
     </span>
    </p>
   </div>
   <div class='ocr_carea' id='block_1_6' title="bbox 0 0 1583 5198">
    <p class='ocr_par' dir='ltr' id='par_1_9' title="bbox 0 0 1583 5198">
     <span class='ocr_line' id='line_1_57' title="bbox 0 0 1583 5198; baseline 0 0"><span class='ocrx_word' id='word_1_542' title='bbox 0 0 1583 5198; x_wconf 95' lang='lat' dir='ltr'><strong> </strong></span> 
     </span>
    </p>
   </div>
  </div>
 </body>
</html>
