3150 5206
195 314 196 317 ’
248 315 305 372 ⁴256
659 323 752 366 socos
767 323 896 365 narinus
911 323 1044 364 rennos.
1278 299 1402 384 [eumer.
1418 321 1448 364 n.

245 471 355 529 natoris
373 469 469 528 futuro
492 466 661 540 Betlehemi,
677 466 755 542 quod
772 467 810 524 ad
830 466 954 524 natalem
970 463 1094 528 Davidis
1103 465 1164 541 jam
1189 463 1308 541 alongo
1323 471 1448 541 tempore

245 548 420 627 praeteritum
436 549 497 606 sine
511 546 688 605 absurditate
699 546 798 604 referri
808 546 917 622 nequit.
951 545 1011 603 Neo
1021 544 1099 620 quod
1113 543 1229 601 additur
1239 543 1274 601 dc
1286 544 1448 620 egressibus
1553 573 1554 580 ι

246 631 310 706 ejus
324 649 341 686 a
355 629 452 686 seculo
466 628 521 684 hoc
535 626 651 700 evincit,
667 625 803 701 quiahoc
823 625 861 682 ed
882 633 1017 683 aeternam
1042 624 1257 700 generationem
1272 623 1389 682 Messias
1413 645 1448 683 cx
1553 645 1554 668 ι

247 709 312 767 sinu
332 708 427 767 Patris
447 708 579 783 pertinet,
604 724 661 781 qua
676 705 768 762 Filius
792 713 837 762 est
856 703 930 780 DeI;
953 712 986 762 ut
1007 703 1144 761 nativitas
1172 703 1335 761 Betlehemi
1355 711 1447 762 ortum
1553 699 1554 768 Ϊ

247 787 432 866 temporalem
447 807 484 845 ex
498 786 564 844 sinu
578 784 682 842 Matris
696 793 785 842 notet.

336 921 341 932 ,
438 919 443 930 ,
550 864 623 923 v11.
655 866 683 922 4.
700 863 822 921 Ratione
845 863 945 920 Tribus
965 871 994 921 et
1011 863 1149 936 Familiae,
1167 861 1291 920 Messias
1315 883 1353 920 ex
1374 863 1447 921 tribu

321 923 341 964 ἡ
402 918 444 1002 un
510 945 598 1004 Judae
609 951 638 1002 et
652 963 688 1001 cx
703 941 811 1000 familia
824 942 946 1000 Davidis
957 941 1095 1000 oriundus
1110 941 1164 999 fuit
1174 961 1212 999 ex
1221 940 1362 1017 Oraculis,
1376 941 1446 1001 Gen.

183 1087 185 1093 ,
439 1011 445 1030 ’
509 1025 581 1082 xlix.
599 1025 645 1098 10,
668 1023 725 1080 Isa.
740 1022 779 1082 xi.
798 1025 823 1097 l,
847 1026 864 1079 2
882 1021 959 1079 Sam.
974 1022 1024 1080 vii.
1041 1025 1087 1096 13,
1105 1025 1151 1096 14,
1167 1029 1196 1079 et
1218 1041 1255 1078 ex
1269 1021 1447 1080 consessione

247 1105 417 1177 Turbatam,
433 1104 503 1163 Joh.
518 1103 567 1161 vii.
583 1106 638 1177 4⁶23
656 1102 741 1161 Unde
755 1121 813 1159 non
828 1101 917 1159 semel
928 1102 1028 1160 David
1040 1101 1145 1158 dicitur
1156 1121 1173 1158 a
1183 1101 1345 1177 Prophetis.
1368 1099 1449 1175 Quod

247 1185 278 1242 in
298 1185 373 1243 Jesu
391 1191 490 1242 nostro
504 1183 654 1260 impletum
672 1190 792 1254 constat,
808 1189 870 1240 tum
884 1200 922 1238 ex
940 1181 1005 1238 loco
1018 1180 1179 1239 nativitatis
1197 1180 1259 1257 jam
1284 1181 1386 1255 relato,
1401 1181 1448 1258 qui

176 1296 179 1304 ·
247 1271 309 1322 erat
324 1264 435 1320 Domus
451 1262 581 1336 Davidis,
597 1281 655 1338 quo
670 1279 700 1319 se
721 1259 849 1318 conferre
862 1269 996 1337 parentes
1010 1259 1083 1319 Jesu
1098 1259 1267 1334 debuerunt,
1290 1268 1323 1318 ut
1344 1281 1383 1318 ex
1403 1259 1450 1318 illa

248 1342 356 1400 familia
380 1361 410 1400 se
435 1341 571 1399 oriundos
592 1360 655 1399 esse
679 1341 841 1417 probarent,
858 1349 919 1398 tum
937 1359 975 1397 ex
995 1339 1174 1416 Genealogia
1188 1339 1296 1397 Christi
1320 1348 1448 1418 utreque,

247 1441 312 1498 quae
323 1421 400 1498 apud
409 1421 515 1479 Matth.
526 1427 555 1478 et
566 1420 674 1479 Lucam
684 1419 816 1478 habetur.
838 1420 899 1477 Neo
908 1418 1014 1497 opponi
1028 1427 1132 1496 potest,
1148 1438 1240 1496 genus
1254 1419 1381 1496 Josephi
1394 1439 1449 1477 non

248 1520 368 1578 arguere
391 1508 485 1558 ortum
506 1500 581 1559 Jesu
595 1519 632 1558 ex
656 1497 765 1557 familia
788 1498 938 1572 Dauidica,
959 1498 1100 1574 siquidem
1115 1519 1152 1556 ex
1174 1507 1273 1568 nostra
1296 1499 1450 1576 hypothesi

246 1589 328 1658 pater
350 1580 412 1657 ejus
426 1599 485 1640 non
502 1580 565 1638 suit.
607 1579 682 1654 Quia
695 1598 733 1636 cx
758 1577 837 1654 Lege
862 1578 948 1637 Num.
971 1577 1074 1635 xxxvi.
1098 1580 1126 1653 8,
1157 1578 1272 1638 Uxores
1293 1597 1332 1635 ex
1350 1578 1450 1636 eadem

247 1660 338 1719 Tribu
352 1668 381 1719 et
404 1659 513 1718 familia
526 1658 665 1718 ducende
687 1667 776 1734 crant,
791 1657 870 1734 quod
890 1657 959 1716 licet
972 1676 1031 1717 non
1044 1657 1118 1716 foret
1131 1657 1262 1716 absolute
1276 1657 1448 1732 universale,

245 1742 342 1800 locum
356 1740 462 1798 habere
483 1739 590 1814 debuit,
606 1739 656 1797 ubi
670 1737 808 1814 Virgines
832 1746 914 1795 erant
934 1737 1066 1817 irmenger,
1086 1737 1125 1795 id.
1140 1737 1269 1794 haeredes
1283 1735 1390 1796 domus
1404 1757 1450 1814 pa·

246 1829 344 1896 ternae,
361 1821 454 1896 qualis
471 1828 533 1878 erat
547 1818 649 1894 Maria.
692 1818 753 1876 Noc
766 1818 863 1875 obstat
883 1817 962 1893 quod
983 1817 1077 1874 Maria
1090 1816 1203 1874 dicatur
1215 1819 1333 1888 remis
1354 1817 1449 1875 Eliza-

247 1899 351 1974 bethse,
368 1901 438 1958 Luc.
454 1900 472 1957 i.
488 1899 557 1975 quia
574 1899 630 1957 hoc
643 1897 710 1955 inde
724 1895 787 1955 fieri
810 1895 912 1974 potuit,
928 1896 1006 1972 quod
1020 1897 1068 1954 vel
1087 1895 1192 1972 aliquis
1214 1915 1251 1954 ex
1272 1895 1375 1954 Mariae
1393 1915 1451 1954 ma·

243 1979 357 2056 joribus
380 1980 533 2056 conjugem
555 1977 687 2037 duxisset
710 1996 747 2034 ex
766 1977 844 2036 tribu
862 1975 1008 2052 Levi,ch
1028 1975 1169 2034 Sacerdos
1186 1975 1291 2052 aliquis
1308 1975 1401 2034 filiam
1416 1996 1451 2035 ex

248 2059 418 2135 cognatione
434 2057 544 2115 Mariae.

548 2135 639 2194 VIII.
662 2137 688 2193 5.
716 2134 838 2194 Ratione
863 2135 948 2193 Medi
967 2135 1138 2207 Natiuitatis,
1163 2133 1233 2210 quia
1259 2153 1296 2192 ex
1327 2133 1451 2214 VIrginc

508 2215 588 2273 nasci
602 2213 702 2272 debuit
715 2235 753 2273 ex
768 2215 853 2272 Isa‘r'ae
867 2208 1086 2291 vaticini0,'cap.
1102 2213 1152 2272 vii.
1169 2217 1214 2288 14,
1239 2215 1257 2245 “
1268 2214 1343 2273 Ecce
1358 2213 1453 2292 Virgo

506 2293 656 2370 concipiet,
664 2302 693 2351 et
700 2295 792 2370 pariet
801 2293 901 2370 filium,
914 2303 943 2352 et
956 2295 1073 2352 vocabit
1082 2293 1173 2351 filium
1182 2293 1246 2370 ejus
1258 2293 1452 2368 Immenuel,”

246 2371 325 2448 quod
348 2371 421 2429 tanti
442 2372 578 2448 ponderis
599 2379 650 2446 cst,
676 2381 709 2430 ut
730 2372 779 2430 vel
801 2373 893 2431 solum
907 2392 959 2449 per
972 2393 1003 2431 se
1018 2373 1186 2432 sufficietad
1204 2373 1376 2448 mysterium
1398 2375 1452 2432 hoc

245 2449 435 2527 probandum.
480 2451 537 2508 Sed
550 2460 584 2509 ut
597 2459 740 2509 asseratur
753 2460 853 2509 contra
866 2453 971 2510 cavilla
984 2453 1163 2526 Judaeorum,
1179 2452 1379 2511 observandus
1390 2473 1451 2512 sco-

246 2549 302 2606 pus
317 2529 477 2606 Prophetae,
493 2530 543 2607 qui
557 2539 601 2589 est
615 2530 782 2589 confirmare
796 2531 934 2607 populum
951 2532 1090 2591 adversus
1104 2540 1212 2589 metum
1232 2551 1291 2607 quo
1312 2534 1439 2608 percelle

246 2609 340 2683 batur,
350 2618 467 2686 propter
482 2609 573 2668 Reain
588 2618 617 2668 et
632 2609 732 2668 Pekah
747 2609 844 2686 Reges
860 2610 951 2686 Syrie
963 2620 992 2670 et
1003 2611 1120 2670 Israelis
1131 2610 1297 2669 obsidentes
1312 2610 1451 2671 Hieroso·

245 2688 373 2765 lymam3
398 2689 469 2748 Ideo
485 2689 565 2748 Deus
589 2690 762 2766 Prophetam
778 2689 871 2766 jubet,
895 2699 928 2748 ut
948 2710 1007 2749 una
1029 2709 1094 2748 cum
1114 2689 1174 2748 filio
1195 2709 1248 2748 suo
1269 2691 1390 2750 accedat
1415 2691 1451 2749 ed

247 2768 366 2845 Regem,
383 2777 412 2827 et
431 2770 534 2847 jubeat
548 2769 630 2828 illum
650 2769 752 2828 timore
777 2769 902 2846 seposito
921 2779 1031 2828 certum
1045 2789 1108 2828 esse
1126 2769 1162 2827 de
1183 2770 1403 2830 conservatione
1424 2779 1452 2828 et

245 2847 414 2906 liberatione
429 2850 474 2908 sui
488 2858 518 2908 et
531 2849 639 2926 populi.
682 2849 721 2907 Et
743 2859 775 2907 ut
796 2849 857 2926 ipse
872 2868 906 2907 eo
930 2850 1023 2926 magis
1043 2848 1264 2926 persuaderetur
1277 2849 1313 2906 de
1328 2852 1449 2909 veritate

244 2927 332 3004 hujus
346 2929 552 3004 promissionis,
577 2929 721 3006 Propheta
745 2929 795 2988 dat
815 2927 858 2986 illi
877 2929 1022 3004 optionem
1040 2929 1116 3004 signi
1130 2928 1261 3004 alicujus,
1272 2929 1321 2987 vel
1335 2947 1351 2986 e
1365 2931 1447 3003 ocelo,

246 3007 294 3065 vel
308 3027 324 3065 e
338 3017 414 3066 terra
427 3009 553 3085 petendi.
596 3010 668 3067 Cum
682 3029 751 3067 vero
766 3008 869 3066 Achae
884 3007 998 3084 signum
1013 3007 1099 3084 impie
1113 3016 1281 3080 recusasset,
1304 3016 1334 3066 et
1351 3010 1450 3068 multe

246 3085 339 3145 adhuc
355 3096 537 3164 superessent
557 3088 686 3147 fidelium
706 3088 844 3164 reliquia,
870 3086 907 3144 ad
929 3087 1029 3144 horum
1055 3086 1279 3144 consolationem
1294 3095 1323 3146 et
1347 3087 1449 3146 confir·

245 3165 409 3240 mationem,
429 3175 463 3225 ut
484 3177 514 3226 et
529 3167 640 3225 Achazi
664 3166 882 3239 convictionem,
898 3165 997 3225 addit:
1020 3165 1115 3224 Deum
1133 3183 1191 3224 non
1211 3166 1343 3224 obstante
1359 3167 1450 3244 Regis

245 3243 400 3319 impietate,
424 3247 533 3320 siphum
557 3246 627 3322 ipsis
652 3245 785 3304 daturum
810 3244 926 3321 duplex,
952 3243 1079 3304 futurum
1107 3251 1136 3302 et
1158 3263 1301 3320 praesens;
1316 3247 1448 3318 firmum

245 3339 305 3377 ver.
319 3323 365 3393 14,
376 3321 405 3376 in
417 3322 595 3381 Immanuelc
607 3324 751 3382 nascituro
761 3341 813 3380 suo
823 3331 951 3398 tempore
962 3343 999 3381 ex
1008 3323 1130 3400 Virgine
1141 3345 1147 3398 ;
1157 3343 1285 3398 prraeeru
1296 3325 1326 3380 in
1337 3325 1447 3402 Searja·

245 3398 299 3455 sub
313 3398 373 3454 filio
388 3418 448 3472 suo,
471 3409 537 3458 ante
559 3401 642 3476 cujus
663 3399 885 3458 adolescentiam
904 3401 1004 3461 debuit
1017 3402 1174 3461 destructio
1197 3403 1312 3479 Regum
1332 3404 1447 3463 illorum

245 3476 420 3551 contingere,
437 3495 497 3535 ver.
511 3481 557 3536 16.

286 3553 346 3611 ΙΧ.
368 3555 434 3612 Νοιι
455 3575 539 3632 posse
560 3556 596 3613 de
618 3556 674 3613 elio
695 3555 838 3633 quopiam,
854 3576 939 3633 quam
962 3559 998 3618 de
1020 3561 1129 3618 Messia
1150 3560 1306 3619 Oraculum
1326 3561 1450 3638 intelligi

245 3641 332 3708 patet,
344 3633 413 3708 quia
424 3637 449 3690 1.
459 3634 556 3710 agitur
569 3634 605 3692 de
616 3635 717 3710 Puero,
730 3636 780 3711 qui
790 3636 902 3695 futurus
917 3647 961 3696 est
973 3638 1142 3714 Irnmenuel,
1159 3649 1188 3698 et
1200 3641 1342 3699 Dominus
1357 3650 1446 3713 terre,

246 2202 268 2246 5.
284 2201 385 2246 Ratione
410 2201 478 2246 Medi

291 2259 441 2303 NatIvitatir.

131 3763 136 3772 .
246 3729 306 3768 ver.
324 3713 370 3768 14.
385 3719 414 3770 et
428 3733 490 3790 cap.
505 3714 566 3770 viii.
582 3716 600 3771 8
613 3736 619 3789 ;
636 3718 663 3772 2.
679 3715 715 3773 de
729 3733 764 3772 eo
778 3715 828 3791 qui
841 3717 1004 3775 nasciturus
1018 3727 1095 3777 essct
1109 3738 1147 3776 ex
1157 3718 1278 3794 Virgine
1290 3741 1298 3792 3
1321 3723 1349 3777 3.
1365 3719 1401 3777 de
1415 3739 1447 3778 ec

245 3791 295 3867 qui
309 3789 422 3849 futurus
436 3801 513 3850 esset
526 3792 556 3850 in
570 3793 685 3869 signum
699 3794 859 3853 inauditum
870 3804 899 3853 et
912 3796 1052 3860 mirabile.
1095 3797 1179 3870 Quod
1188 3817 1242 3855 nec
1256 3797 1285 3854 in
1300 3799 1449 3856 Ezechiam

245 3869 356 3928 Achaei
371 3870 461 3929 lilium
476 3871 578 3931 cadere
592 3881 694 3950 potest,
710 3873 850 3950 quiajam
870 3883 932 3932 tum
952 3883 1038 3934 nattis
1058 3883 1127 3950 eret,
1143 3895 1200 3934 non
1215 3877 1386 3951 nesciturus,
1402 3877 1448 3935 de·

244 3949 311 4011 inde
326 3951 462 4010 nativitas
481 3971 539 4010 non
553 3951 607 4011 suit
621 3973 658 4010 ex
672 3957 741 4012 nahe
756 3953 878 4030 virgine,
894 3953 945 4011 sed
964 3974 1001 4012 ex
1019 3973 1110 4013 uxore
1125 3953 1245 4029 Acbari,
1257 3975 1311 4013 nec
1327 3956 1447 4014 miracu·

244 4026 311 4087 losd
321 4029 433 4105 dicitur,
450 4031 497 4089 vel
511 4032 542 4088 in
556 4031 670 4108 signum
684 4033 828 4110 peculiare
842 4051 968 4108 unquam
988 4033 1057 4091 alibi
1071 4035 1217 4110 proposita
1230 4033 1346 4110 legitur.
1389 4035 1447 4092 Nec

245 4109 275 4165 in
289 4109 441 4184 Searjaeub
465 4109 556 4169 filium
572 4111 733 4188 Prophetae,
749 4111 797 4169 vel
811 4111 940 4184 alterum,
957 4110 992 4169 de
1007 4131 1064 4188 quo
1087 4133 1111 4171 c.
1127 4113 1198 4187 viii,
1221 4113 1328 4172 dictum
1344 4115 1447 4173 Mater

245 4187 466 4261 Salat-chordas,
479 4190 547 4265 quia
560 4190 638 4266 prior
650 4191 699 4249 ille
716 4191 779 4268 jam
793 4197 877 4248 natus
888 4198 957 4264 erat,
970 4190 1112 4249 adductus
1126 4191 1232 4268 quippe
1246 4193 1283 4250 ab
1309 4193 1389 4251 Isata
1411 4192 1446 4250 ad

246 4265 366 4342 Regem,
382 4286 436 4325 nec
449 4269 586 4327 nativitas
607 4269 679 4347 ejus·
691 4269 862 4328 miraculosa
875 4278 905 4327 et
918 4289 956 4327 ex
970 4269 1101 4346 Virgine,
1117 4271 1185 4329 licet
1198 4271 1344 4348 impositio
1358 4272 1446 4330 nomi-

245 4345 291 4402 nis
309 4344 395 4403 fuerit
417 4346 584 4422 symbolica,
607 4355 637 4405 et
657 4348 797 4424 posterior
816 4347 1004 4424 distinguitur
1026 4349 1063 4407 ab
1086 4349 1264 4408 Immanuele
1285 4369 1310 4407 c.
1336 4351 1397 4409 viii.
1419 4352 1444 4422 8,

245 4431 274 4481 et
288 4430 444 4500 conceptus
459 4424 513 4484 fuit
526 4445 584 4483 non
598 4445 634 4484 ex
649 4431 747 4502 sebae,
764 4426 815 4486 sed
828 4445 866 4484 ex
879 4447 982 4489 essars.
1025 4428 1085 4486 Nec
1099 4428 1129 4484 in
1150 4447 1269 4505 puerum
1285 4430 1375 4488 alium
1385 4429 1445 4487 vul·

245 4521 352 4576 garem,
364 4503 433 4578 quia
446 4522 504 4562 non
514 4505 644 4581 vulgaris
657 4505 705 4564 hic
720 4525 821 4580 sermo,
836 4525 890 4564 nec
904 4506 1037 4584 vulgaria
1058 4507 1094 4565 de
1109 4526 1143 4566 eo
1164 4508 1307 4581 dicunhrr,
1324 4509 1375 4568 sed
1385 4525 1445 4586 pro·

244 4579 344 4638 missio
358 4589 402 4638 cet
416 4581 493 4657 signi
503 4582 632 4658 illustris,
648 4603 706 4641 non
720 4585 749 4641 in
764 4584 888 4660 foemina,
912 4585 1007 4644 sedin
1022 4585 1144 4663 Virgine
1158 4587 1325 4647 exhibendi
1363 4586 1445 4648 Unde
