3192 5206
263 307 321 366 366
624 321 713 362 ιιοιι
728 321 858 364 ιιιιιιιιι
879 321 1023 370 ausurus.
1283 298 1418 382 [Qcmsr.
1435 323 1478 361 rx.

264 461 410 522 Sacerdot'
390 469 461 520 trum
476 461 563 520 latius
577 469 657 538 patet
671 461 819 536 sacrificio,
840 481 906 521 eum
928 468 1049 519 orareet
1062 459 1232 519 benedicere
1254 460 1292 518 ad
1306 460 1382 519 illud
1408 481 1476 538 per-

261 542 369 615 tineat,
394 541 504 618 Scopus
521 541 644 618 Spiritus
658 541 756 600 Sancti
767 561 824 598 nou
846 541 901 600 snit
922 560 1070 598 recensere
1095 559 1194 598 omnes
1213 547 1295 598 aetus
1308 539 1474 600 Sacerdotii

265 587 480 694 Melchisedeci,
493 619 545 678 sed
555 639 605 678 eos
616 628 727 679 tantum
742 621 891 696 inquibus
915 619 1072 696 praestabat
1099 619 1303 677 Sacerdotibus
1318 619 1473 692 Leviticis,

261 700 339 778 quod
354 721 412 759 non
425 700 566 778 potuisset
579 699 642 756 heri
655 719 706 776 per
722 700 860 758 Sacrificii
884 699 1033 773 rationem,
1048 699 1127 774 quod
1149 717 1300 756 commune
1321 699 1397 758 fuit
1390 700 1473 775 ipsis.

263 779 337 854 Quid
353 780 431 856 quod
442 780 595 856 mysticum
607 779 701 854 potuit
715 799 778 838 esse
789 779 944 856 Scnpturae
959 777 1105 836 silentium
1128 777 1224 836 inhoc
1247 785 1279 836 ut
1292 778 1323 835 in
1344 779 1422 852 aliis,
1442 789 1473 836 ut

262 859 429 917 innueretur
457 859 601 917 Christum
622 858 695 914 nihil
722 858 858 916 habuisse
872 867 955 916 extra
979 876 1019 931 se,
1042 857 1281 932 quosacrificium
1309 864 1471 930 notaretur,

261 939 329 1014 quia
343 938 443 996 debuit
431 946 527 995 tasse
550 935 691 994 Sacerdos
712 946 741 995 ιι
763 937 898 995 Victima.
942 935 1026 1010 Quod
1046 955 1116 994 vero
1137 935 1253 994 additur
1273 936 1309 993 de
1330 937 1472 994 convivio

262 1037 343 1075 sacro
357 1026 386 1074 et
400 1015 545 1091 religioso,
560 1016 639 1090 quod
653 1025 783 1076 secutum
810 1016 897 1075 suerit
907 1017 971 1093 ejus
986 1015 1165 1088 sacrificium,
1177 1016 1297 1091 utprius
1311 1016 1471 1074 sacrificati

261 1095 367 1154 fuerint
380 1114 478 1170 panes,
488 1113 574 1170 quam
587 1095 755 1154 Abrahamo
764 1096 895 1172 appositi,
911 1114 990 1152 mera
999 1103 1044 1153 est
1054 1094 1221 1170 suppositio,
1238 1095 1322 1170 cujus
1336 1096 1472 1152 necrola

261 1195 315 1232 nec
329 1173 485 1249 vestigium
499 1173 577 1250 apud
591 1174 705 1232 Mosam
719 1175 851 1233 occurrit.
894 1175 957 1232 Imo
968 1172 1103 1232 atam
1113 1174 1210 1250 ponit;
1233 1172 1305 1230 Cum
1329 1175 1408 1231 enim
1423 1195 1471 1232 sa-

261 1253 399 1310 crificium
412 1262 486 1312 teste
506 1254 642 1311 Bellarm.
664 1255 888 1314 destructionem
908 1253 1010 1314 auara
1030 1254 1073 1314 rei
1093 1252 1267 1326 sacrificatae,
1289 1253 1418 1329 sipanis
1442 1265 1473 1314 et

261 1333 362 1390 vinum
385 1333 474 1390 semel
495 1332 641 1392 destructa
665 1334 777 1392 suntin
801 1333 950 1408 sacrificio,
973 1332 1118 1409 quomodo
1134 1331 1240 1392 idonea
1258 1342 1382 1410 possunt
1404 1353 1472 1392 esse

262 1431 325 1487 quae
335 1412 372 1470 ab
383 1411 548 1470 hominibus
562 1412 784 1490 participantum
806 1413 949 1490 pecudum
964 1412 1081 1490 quidem
1092 1432 1159 1470 earo
1172 1412 1389 1488 potuitcomedi
1403 1421 1473 1490 pest

260 1491 486 1550 immolationem
507 1511 613 1566 earum,
636 1492 742 1568 inqua
762 1459 986 1550 destructionem
1007 1493 1061 1565 sni,
1076 1492 1115 1550 id.
1137 1501 1258 1550 mortem
1272 1491 1471 1584 patiebantur,

264 1570 323 1628 Sed
341 1569 416 1628 idem
431 1569 490 1628 de
482 1537 647 1629 inanimalis
661 1571 719 1630 dici
743 1591 802 1630 non
825 1579 928 1650 potest,
954 1591 1019 1648 quae
1034 1571 1145 1630 destrui
1166 1591 1224 1628 non
1248 1580 1378 1646 possunt,
1409 1573 1471 1630 nisi

261 1669 350 1727 quum
372 1649 421 1708 vel
443 1649 566 1708 flammis
590 1651 789 1725 absumuntur,
820 1651 868 1709 vel
898 1649 1092 1724 effunduntur,
1117 1658 1150 1708 ut
1178 1651 1208 1706 ιιι
1230 1649 1326 1708 eibum
1341 1651 1470 1728 amplius
1567 1677 1568 1682 ¹

261 1749 298 1806 ap
319 1730 570 1806 ornonpossiut.

299 1730 409 1866 XXV.
434 1808 593 1868 Sacerdotii
608 1809 761 1884 aeternitas,
783 1828 842 1866 non
863 1809 891 1866 in
894 1807 949 1867 fert
966 1808 1062 1868 statim
1076 1807 1297 1899 perpetuitatem
1311 1809 1472 1867 oblationis

260 1887 391 1946 sacrificii
394 1889 501 1964 ,qnasi
515 1889 638 1948 otiosum
653 1896 729 1948 esset
743 1887 943 1962 sacerdotium,
964 1889 989 1946 si
1009 1888 1181 1946 sacrificium
1199 1887 1336 1946 continuo
1351 1887 1412 1945 ab
1403 1909 1472 1965 ipso
1567 1955 1568 1976 ,

260 1987 319 2025 non
334 1933 477 2033 eliciatur.
521 1967 579 2026 Sed
594 1967 698 2026 suffieit
716 1977 749 2026 ut
765 1967 936 2025 sacrificium
956 1967 993 2025 sit
1014 1975 1183 2043 perpetuum
1200 1965 1311 2024 ratione
1332 1965 1471 2026 efficacias

261 2055 291 2104 et
311 2047 455 2105 continuae
476 2046 685 2122 applicationis.
727 2047 775 2106 Ita
798 2046 974 2104 Sacrificium
996 2046 1103 2104 Christi
1124 2046 1213 2106 semel
1233 2045 1372 2119 oblatum,
1387 2047 1471 2122 quod

261 2133 328 2187 actu
343 2125 497 2184 oblationis
518 2127 649 2198 cessavit,
673 2134 810 2202 perpetuo
831 2133 928 2183 tamen
949 2124 1034 2183 durat
1054 2125 1164 2184 ratione
1185 2125 1302 2184 virtutis
1315 2133 1345 2183 et
1358 2126 1471 2183 valoris

261 2203 369 2278 aeterni,
392 2204 460 2278 quia
481 2203 599 2279 sanguis
620 2207 683 2281 ejus
704 2213 748 2267 ιιι
770 2223 882 2281 semper
900 2203 986 2262 vivus
1000 2211 1029 2262 et
1043 2223 1143 2265 reeens
1157 2223 1252 2263 coram
1269 2204 1341 2264 Deo.
1384 2205 1471 2264 Licet

261 2301 331 2358 ergo
354 2282 487 2340 sacrificii
511 2291 592 2340 aetus
616 2284 646 2340 in
666 2285 750 2342 terris
771 2283 936 2356 cessaverit,
958 2302 1016 2341 non
1037 2291 1188 2360 propterea
1210 2283 1408 2342 Sacerdotium
1425 2293 1471 2342 est

262 2361 395 2434 otiosum,
411 2379 476 2418 oum
493 2361 634 2422 Sacerdos
654 2381 712 2419 non
733 2362 901 2420 instituatur
920 2369 1032 2420 tantum
1053 2363 1092 2422 ad
1111 2361 1297 2435 offerendum,
1314 2362 1468 2422 sedetiam

261 2439 298 2499 ιιι
320 2438 564 2528 intercedendum,
586 2448 614 2498 ct
636 2441 707 2498 alias
728 2440 890 2498 functiones
910 2440 1075 2516 obeundas;
1098 2441 1155 2500 inro
1180 2441 1205 2500 si
1224 2440 1357 2500 Christus
1371 2441 1468 2501 adhuc

261 2525 339 2576 esset
352 2517 485 2591 interris,
498 2536 534 2575 ne
550 2516 691 2578 Sacerdos
699 2519 817 2594 quidem
828 2528 912 2591 esset,
929 2519 1006 2577 IIeb.
1020 2520 1082 2578 viii.
1098 2524 1127 2578 4.
1169 2520 1230 2579 Nee
1243 2539 1362 2612 neeesse
1376 2529 1422 2580 est
1436 2530 1469 2580 ut

261 2595 403 2656 Sacerdos
425 2596 531 2656 habeat
554 2616 666 2674 semper
690 2597 808 2673 aliquid,
833 2563 912 2676 quod
933 2597 1034 2658 offerat
1052 2599 1130 2673 novi,
1154 2599 1231 2657 Heb.
1253 2599 1313 2656 viii.
1336 2602 1363 2673 3,
1380 2600 1468 2659 modo

260 2675 416 2754 aliquando
431 2675 586 2751 obtulerit,
608 2685 640 2738 ιιι
661 2675 832 2736 Sacerdotes
854 2676 978 2736 Levitiei
997 2688 1120 2770 peraeto·
1123 2643 1267 2736 ’sacrificio
1281 2697 1340 2736 non
1354 2645 1469 2738 desine-

259 2756 331 2815 bant
345 2775 407 2816 esse
423 2721 612 2831 Sacerdotes,
635 2756 694 2814 Vel
714 2757 738 2815 si
759 2757 867 2815 oblatio
888 2756 1020 2849 quaedam
1040 2757 1202 2849 requiritur,
1224 2776 1284 2816 non
1297 2766 1342 2816 est
1356 2777 1471 2851 semper

261 2835 415 2894 sacrifieii'
408 2836 529 2908 iteratio,
546 2835 597 2894 sed
611 2835 808 2894 efficacissima
821 2837 1036 2912 repraesentatio
1049 2856 1101 2913 per
1114 2837 1356 2908 intercessionem,
1372 2837 1433 2896 ιιι
1424 2859 1468 2896 m-

262 2925 321 2974 star
336 2914 366 2974 S.
382 2915 554 3009 Sacerdotis,
571 2916 621 2992 qui
635 2925 750 2993 paracta
764 2915 843 2974 oblat
844 2915 908 2974 iona
923 2916 953 2974 iu
967 2915 1165 2974 Tabemaculo
1179 2915 1209 2972 in
1224 2915 1331 2974 Sancto
1347 2915 1468 2975 Sancto-

261 3015 325 3054 rum
340 2996 509 3073 sanguinem
525 2995 698 3072 expiationis
712 2995 874 3053 inferebat
866 3003 1074 3054 rntercessurus
1087 3014 1139 3072 pro
1153 2995 1269 3071 populo.

302 3075 427 3132 XXVI.
450 3077 523 3136 Cum
544 3074 640 3152 Apost
628 3075 705 3134 tolus
726 3075 804 3132 dicat
825 3074 971 3133 Christum
992 3073 1177 3132 Sacerdotem
1198 3093 1261 3132 esse
1282 3073 1313 3132 ιιι
1326 3083 1467 3132 aeternum
1569 3117 1570 3122 ι

261 3154 371 3290 absque
392 3155 451 3214 ulla
471 3154 617 3213 mentione
634 3154 775 3231 sacrificii,
791 3173 849 3214 uon
863 3161 958 3230 potest
973 3151 1133 3211 Sacerdotii
1147 3152 1314 3212 aeternitas
1306 3173 1337 3212 m
1350 3173 1385 3212 ao
1399 3174 1467 3212 con·

263 3233 372 3304 sistere,
395 3233 447 3290 sed
467 3233 505 3290 ad
525 3241 584 3292 tres
605 3234 677 3291 alias
698 3252 799 3292 causas
820 3232 941 3291 refertur
961 3230 999 3290 ab
1021 3232 1182 3309 Apost:olo
1225 3233 1321 3290 l.Ad
1331 3253 1469 3324 persona

262 3311 452 3382 eternitatem,
467 3311 536 3386 quia
550 3311 682 3370 Christum
695 3319 729 3370 nt
743 3311 836 3370 Filius
858 3311 1102 3388 Deiinaeternum
1116 3311 1199 3384 vivit,
1216 3310 1402 3388 Heb.vii.3,
1420 3315 1467 3386 16,

265 3392 311 3446 17.
354 3392 382 3445 2.
399 3356 452 3445 Ad’
461 3389 593 3466 sacrificii
602 3391 730 3449 virtutem
743 3399 770 3447 et
782 3390 943 3462 efficamum,
959 3409 1023 3481 quae
1038 3409 1150 3466 semper
1164 3355 1258 3464 ddrat,
1273 3399 1303 3450 ct
1316 3391 1355 3450 sd
1367 3410 1469 3450 omnes

262 3466 459 3557 cujuscunque
473 3467 609 3542 temporis
623 3468 692 3526 fidei
693 3487 724 3527 es
733 3467 879 3544 pertingit,
892 3467 1028 3526 Hebvri.
1039 3472 1086 3543 25,
1097 3477 1164 3528 etx.
1177 3471 1222 3542 10,
1237 3471 1283 3529 19.
1327 3472 1354 3530 3.
1365 3470 1465 3530 Adiu-

263 3545 433 3680 ιΙιΙνῖιιιίοιιι
443 3547 667 3620 perpetuitatem,
687 3547 756 3622 qnia
772 3565 885 3623 semper
901 3545 977 3604 vivit
990 3547 1028 3604 ad
1042 3514 1283 3656 interpellandum
1297 3569 1349 3626 pro
1370 3550 1465 3626 nobis,

296 3642 311 3680 e
357 3641 397 3679 vn
422 3625 470 3680 25

304 3700 446 3759 XXVII.
470 3699 585 3778 Religio
601 3701 763 3764 Christiana
784 3722 843 3762 non
864 3711 961 3781 potest
982 3723 1045 3764 esse
1068 3705 1129 3764 sine
1150 3707 1289 3766 sacrificio
1303 3705 1401 3783 aliquo
1414 3727 1465 3766 ex·

262 3790 344 3840 terno
358 3789 388 3842 et
402 3780 519 3856 visibili,
535 3799 592 3858 quo
607 3781 696 3839 semel
709 3781 823 3858 placata
837 3783 874 3842 sit
890 3783 967 3840 Dei
959 3803 1010 3858 rra,
1026 3791 1055 3843 et
1068 3793 1216 3862 peceatum
1232 3786 1398 3862 expiatum
1414 3788 1466 3846 sed

261 3881 320 3920 ιιοιι
338 3881 456 3922 necesse
475 3868 570 3920 estut
589 3861 759 3920 sacrificium
779 3861 851 3920 illud
871 3870 1023 3921 externum
1040 3864 1169 3940 quotidie
1185 3864 1339 3939 efferatum
1363 3864 1467 3925 sufficit

262 3949 294 4000 ut
296 3942 397 4078 pamel
412 3941 548 4016 oblatum,
566 3939 627 3998 vim
649 3948 679 3998 et
700 3939 855 4000 efficaciam
876 3949 1012 4002 ιιιιιιιιιι
1026 3943 1139 4020 habeat,
1155 3944 1255 4020 quod
1247 3964 1277 4005 m
1292 3943 1399 4004 Christi
1414 3943 1464 4004 Ss-

262 4040 303 4078 crr
325 4039 369 4080 cro
384 4020 517 4080 occurrit.

302 4099 463 4158 XXVIII.
488 4099 588 4160 Sicubi
601 4097 678 4176 apud
693 4099 852 4174 Prophetas
867 4098 1038 4158 Sacerdotes
1057 4110 1086 4160 et
1103 4101 1214 4162 Levita
1228 4101 1363 4162 dicuntur
1377 4102 1465 4164 futuri

263 4177 317 4237 sub
332 4179 417 4238 Novo
431 4179 624 4253 Testamento,
640 4179 689 4237 vel
702 4178 824 4238 refertur
838 4178 875 4236 ad
890 4179 1081 4241 sacerdotium
1096 4181 1243 4257 spirituale
1258 4190 1287 4241 et
1300 4181 1463 4274 mysticum,

264 4258 342 4336 quod
357 4278 507 4318 commuue
527 4267 572 4318 ast
584 4258 718 4318 omnibus
736 4257 879 4332 fidelibus,
897 4277 948 4335 per
962 4259 1040 4334 quod
1054 4260 1123 4318 lacti
1139 4260 1337 4322 Sacerdotium
1351 4261 1464 4336 regium

264 4336 370 4396 debent
389 4337 490 4396 offerre
508 4339 583 4397 host'
563 4347 618 4397 tras
638 4338 801 4415 spirituales
821 4346 917 4414 gratas
940 4337 1003 4397 Deo
1021 4359 1072 4416 per
1090 4339 1185 4398 Christ
1173 4349 1243 4413 t,um
1267 4343 1282 4406 ι
1306 4338 1406 4398 Ριι.“
1386 4359 1416 4397 n.
1437 4343 1462 4413 5,
1569 4363 1570 4418 ι

264 4415 349 4475 Rom.
364 4418 415 4475 xii.
432 4419 457 4492 1,
476 4417 551 4476 Heb.
567 4417 629 4476 xiii.
647 4420 692 4492 15,
708 4437 765 4494 quo
780 4437 874 4490 senen,
892 4417 949 4477 Isa.
960 4418 1013 4477 lxi.
1029 4421 1055 4492 6,
1072 4419 1185 4493 dieitur,
1201 4421 1313 4480 Fideles
1326 4384 1464 4478 cauam}

262 4515 320 4554 esse
333 4463 490 4556 sacerdolas
509 4506 536 4555 et
555 4497 702 4556 Ministros
723 4497 802 4568 Dei,·
824 4497 882 4556 Vel
900 4497 1073 4590 intelligitur
1092 4499 1285 4558 Mmisterium
1307 4497 1463 4574 Evangeli-

263 4595 337 4650 eum,
353 4577 432 4652 quod
445 4576 542 4656 phrasi
562 4576 648 4653 legali
671 4575 849 4653 exprimitur,
872 4585 988 4654 propter
1002 4577 1150 4654 utriusque
1164 4577 1335 4654 analogiam,
1351 4577 1420 4654 quia
1434 4585 1464 4636 ιιι
1569 4639 1570 4666 ,
