3202 5194
177 368 292 422 consu.
308 345 408 432 mu]
662 365 702 408 nn
717 367 793 412 naon
807 365 868 410 nst.
1327 359 1383 418 131

177 513 284 571 umbra
297 508 497 570 mescone
509 507 575 584 Dei,
591 515 621 568 et
641 507 742 586 gratie
762 528 815 587 per
828 507 975 570 Christum
995 508 1184 590 conferendae,
1206 514 1268 575 Col.
1283 515 1313 577 ii.
1331 521 1381 596 17,

179 593 271 652 Hebr.
286 592 327 650 ix.
345 595 392 668 13,
410 593 456 649 14.
489 591 517 648 3.
532 589 674 666 Imagines
694 597 721 648 ct
735 590 857 668 pionem
877 589 966 666 efficii,
983 600 1012 651 at
1032 591 1128 652 cultus
1143 594 1207 652 Deo
1221 596 1380 658 exhibendi

178 673 209 732 in
223 673 313 732 animi
326 671 403 750 grati
415 669 621 736 testimonium.
633 669 717 729 Rom.
732 669 783 729 xii.
796 672 822 729 1.
858 669 978 730 Miseria
997 671 1190 733 humilitatem
1204 693 1302 736 eorum
1316 678 1378 737 ani-

177 753 232 813 mis
246 751 443 831 ingenerehet,
458 748 654 810 misericordia
668 747 810 826 solatium,
826 757 856 809 et
875 750 1061 827 gratitudinis
1079 752 1204 814 officium
1218 756 1379 818 sanctitica-

177 834 299 910 tionem;
315 853 380 910 quse
394 831 450 890 trie
463 831 494 889 in
509 829 656 889 sacrificiis
669 849 806 907 expresse
819 829 1054 910 designabantur,
1065 852 1132 892 nem
1143 843 1176 896 ut
1184 844 1266 896 erent
1276 837 1378 898 Chiro·

174 916 319 991 propium
331 933 350 971 e
362 919 444 991 perte
459 910 524 986 Dei,
537 909 599 969 Col.
613 909 643 969 ii.
655 913 701 984 14,
713 909 792 987 quod
805 909 934 972 debitum
948 920 1066 988 peceato
1078 922 1258 974 contractum
1272 937 1377 996 reprae-

177 993 326 1070 sentabet3
356 993 404 1051 Ita
423 998 506 1050 erant
529 991 642 1048 Umbroe
662 989 754 1071 altger
773 1009 792 1048 a
812 990 926 1052 Christo
946 992 1139 1070 persolvendi,
1155 995 1266 1056 Coloss.
1281 997 1311 1056 ii.
1328 1001 1375 1094 17,

178 1073 270 1133 Hebr.
285 1095 315 1132 x.
331 1075 358 1148 5,
377 1074 422 1148 10,
439 1079 468 1130 et
481 1071 605 1130 Hecura
625 1075 741 1152 surpuit
762 1075 873 1146 asetsis,
888 1070 984 1132 cultus
997 1073 1146 1134 rationalis
1160 1084 1190 1135 et
1204 1076 1377 1156 Evangelicr

177 1153 342 1213 nfidelibus
358 1153 421 1212 Deo
435 1149 601 1227 exhibendi,
618 1151 702 1210 Rom.
717 1151 767 1210 xii.
785 1155 812 1227 l,
829 1155 844 1209 l
862 1151 924 1212 Pet.
939 1151 969 1210 ii.
985 1153 1013 1212 5.

217 1233 260 1293 X.
283 1235 400 1293 Certum
423 1239 469 1292 est
491 1237 589 1290 temen
608 1231 730 1310 primam
753 1239 784 1291 et
806 1231 985 1310 potissimum
1014 1230 1103 1311 legis
1122 1233 1207 1296 istius
1234 1238 1318 1313 σχίσει
1338 1235 1377 1298 sd

177 1313 324 1373 Christum
348 1311 519 1391 respexisse,
544 1310 595 1388 qui
618 1319 651 1371 nt
673 1311 803 1404 omnium
825 1311 1046 1406 promissionum
1067 1322 1098 1373 st
1120 1315 1301 1378 oreculorum
1321 1317 1378 1380 fuis

176 1401 350 1552 sttui
361 1391 705 1546 1111111111
718 1409 737 1450 ¹·
747 1393 810 1531 lt
824 1401 1209 1552 immid,
1218 1396 1377 1555 {tntu

176 1561 221 1614 rot
233 1561 348 1635 Χςιηοῢ,
359 1555 471 1612 Umtroe
476 1553 654 1627 sannorum,
663 1551 774 1628 Corpus
787 1560 881 1612 cetera
893 1552 1005 1614 Christi.
1032 1554 1176 1616 Dicuntur
1189 1559 1297 1634 metm,
1313 1569 1375 1618 tum

169 1637 284 1712 physice
298 1642 385 1712 prout
403 1632 559 1711 opponitur
579 1631 706 1710 conponit
727 1631 796 1710 qnia
816 1641 849 1692 ut
861 1631 964 1694 umbre
984 1633 1100 1711 signum
1120 1644 1165 1696 est
1178 1638 1315 1714 corporis,
1331 1639 1374 1698 sic

175 1715 353 1774 caeremoniae
367 1723 449 1774 erant
463 1713 547 1790 signa
558 1711 666 1771 Christi
679 1711 853 1788 exhibendi;
868 1721 901 1772 nt
914 1730 1018 1790 corpus
1031 1722 1077 1772 eat
1089 1733 1177 1776 causa
1189 1716 1307 1794 umbre,
1317 1738 1376 1778 non

176 1803 283 1870 contre,
299 1795 341 1854 sic
355 1794 487 1854 Christus
501 1791 556 1851 snit
569 1810 657 1852 causa
670 1791 859 1851 institutionis
872 1792 993 1854 istorum
1007 1793 1114 1854 rituum
1126 1816 1133 1871 ς
1162 1804 1195 1855 ut
1208 1796 1311 1856 umbra
1323 1817 1376 1876 per

176 1894 208 1934 ae
220 1875 294 1934 nihil
308 1877 387 1934 velet
407 1881 458 1934 aut
471 1879 575 1951 potest,
597 1871 650 1934 scd
663 1871 791 1950 corporis
804 1879 849 1931 est
869 1871 971 1948 virtus,
986 1873 1028 1932 ita
1046 1873 1140 1934 omnis
1152 1875 1280 1936 efficacis
1299 1887 1376 1939 esta

177 1955 300 2033 Christo,
312 1955 365 2014 sed
378 1953 556 2014 ceremonia
569 1972 621 2030 per
635 1969 666 2012 se
679 1971 763 2012 vante
776 1959 845 2012 sunt
857 1961 887 2012 et
896 1959 1032 2013 mortuns
1046 1961 1108 2012 tum
1117 1956 1312 2036 artpicehlitcr,
1322 1977 1375 2035 pro

176 2035 298 2096 obscure
311 2045 341 2096 et
354 2035 421 2094 rudi
433 2033 476 2093 rei
491 2033 692 2110 delineatione,
705 2032 836 2110 opposite
849 2031 887 2091 ad
897 2032 983 2109 chelm,
993 2033 1150 2110 perfectam
1158 2036 1200 2095 rei
1208 2035 1374 2115 imaginem,

175 2135 234 2194 quo
248 2135 334 2177 sensu
347 2122 503 2194 usurpatur
516 2113 553 2173 ab
568 2109 720 2191 Apostolo,
737 2112 814 2172 Heb.
829 2129 859 2170 x.
877 2114 903 2171 1.
927 2113 1143 2190 Sapientissime
1157 2124 1253 2176 autem
1262 2117 1303 2176 ite
1316 2117 1375 2178 dis·

174 2205 327 2274 pennum
346 2217 365 2256 a
379 2197 451 2271 Deo,
467 2202 501 2254 nt
522 2213 587 2253 cum
606 2192 787 2270 grerissimis
807 2189 958 2252 decausis
976 2193 1197 2255 velletMesaiae
1218 2195 1375 2258 adventum

176 2275 291 2334 differre
313 2284 379 2354 post
396 2275 488 2335 multe
509 2273 615 2350 secula,
631 2293 689 2332 non
704 2281 816 2332 tentum
837 2272 1052 2350 promitteretur
1070 2282 1102 2334 et
1142 2275 1325 2336 rediceretur
1344 2278 1376 2337 in

178 2355 319 2430 Oracnlis,
334 2355 386 2414 sed
399 2365 428 2414 et
439 2359 692 2432 representaretur
705 2353 736 2411 in
749 2353 849 2430 Typis,
865 2352 1005 2431 tantisper
1014 2353 1084 2414 dum
1136 2357 1249 2416 reniret
1262 2365 1377 2436 tempus

176 2429 362 2514 inprimet
369 2435 430 2512 ipse
443 2435 493 2494 Sol
502 2433 625 2512 justitie
635 2433 828 2494 illucesceret:
842 2441 904 2492 tum
910 2441 943 2492 ut
948 2441 1033 2494 vetus
1043 2435 1167 2513 populns
1175 2436 1337 2498 hisumbris
1348 2447 1378 2500 et

178 2513 303 2573 oraculis
317 2533 347 2573 se
366 2522 538 2574 sustentaret
557 2515 589 2572 in
603 2530 684 2591 apem
697 2513 813 2574 venturi
828 2512 952 2589 Massia,
969 2521 1056 2607 etque
1070 2515 1143 2576 edco
1158 2517 1290 2577 subistis
1305 2517 1376 2576 ima·

175 2593 294 2672 ginibus
314 2595 430 2673 aliquod
445 2595 591 2673 specimen
603 2595 724 2654 haberet
736 2593 837 2674 petie
857 2593 984 2654 coelestis
1004 2613 1034 2652 sn
1050 2594 1164 2655 Christo
1182 2597 1374 2675 exhibendse;

175 2683 237 2734 tum
251 2683 284 2734 ut
297 2674 397 2734 fideles
416 2675 453 2734 N.
468 2675 502 2735 Τ.
517 2694 556 2734 ex
570 2673 634 2734 istis
648 2673 861 2734 chmectarihua
874 2672 988 2732 leoffius
1006 2682 1036 2733 ct
1049 2675 1155 2736 certius
1171 2676 1309 2736 Messium
1324 2697 1375 2738 ex·

173 2753 297 2814 hibitum
311 2763 510 2832 agnoscerent,
533 2773 691 2832 eorumque
703 2753 776 2814 fides
796 2753 890 2832 magis
909 2753 1127 2816 confirmaretur
1140 2755 1279 2816 intuendo
1298 2777 1376 2817 com·

173 2834 349 2912 plementum
363 2836 530 2895 umbrarum
548 2835 579 2892 in
593 2835 728 2912 Corpore,
743 2843 773 2894 et
785 2833 943 2912 figrnsrum
958 2834 988 2892 in
1001 2835 1133 2895 veritate.

174 2951 215 2997 An
235 2953 287 2999 nex
305 2967 416 3000 emmo
498 2914 558 2973 XI.
581 2913 680 2992 Atque
694 2915 762 2974 hinc
776 2913 860 2974 fecile
874 2913 973 2992 colligi
986 2921 1090 2992 potest,
1102 2913 1174 2992 quid
1187 2915 1373 2976 statuendum

203 3011 275 3058 matis
300 3013 332 3057 sir
356 3013 416 3057 crea
436 2993 518 3054 sitin
531 2994 583 3053 illa
597 2994 770 3071 Questione,
790 3011 855 3073 qure
869 2990 955 3052 hodie
969 3013 987 3052 a
1000 2993 1147 3054 nonnullis
1160 3003 1301 3071 moretm,
1324 2995 1375 3056 An

202 3083 234 3116 0¹
244 3071 281 3116 ¹³⁸
291 3070 317 3116 ¹¹¹
327 3071 397 3116 Μ
435 3074 499 3134 Lex
512 3075 719 3134 ceremonialis
732 3075 979 3153 postmittatur
992 3073 1131 3151 imperata
1143 3074 1277 3135 habuerit
1290 3095 1375 3136 usum

173 3155 390 3234 obsignatirum
399 3162 497 3214 reatus
509 3162 540 3213 et
549 3155 760 3214 meledictionis
773 3154 875 3214 fideles
889 3153 983 3213 cdhuc
994 3153 1226 3232 constringentis,
1242 3153 1374 3233 adeoque

171 3255 210 3294 ex
224 3235 267 3294 ira
279 3235 311 3294 in
330 3236 401 3294 iram
418 3234 456 3293 eit
474 3232 549 3309 data
571 3243 601 3293 et
621 3235 660 3293 ed
678 3234 897 3312 aggrevandam
917 3241 1003 3311 atque
1024 3233 1234 3310 obsignandam
1255 3235 1374 3296 Petrum

173 3314 229 3375 suh
252 3323 333 3374 rectu
354 3316 405 3374 irre
418 3322 448 3373 et
468 3313 660 3374 execrationis
680 3315 925 3386 servitutemiut
945 3312 1063 3392 quidam
1084 3315 1209 3391 vellent;
1232 3314 1282 3373 An
1303 3335 1374 3376 vero

171 3395 315 3473 precipue
330 3395 477 3454 Christum
497 3395 665 3471 respexerit,
687 3403 717 3454 et
730 3393 798 3454 dete
812 3395 851 3454 sit
868 3393 898 3454 in
918 3401 1021 3472 typum
1041 3393 1182 3456 honorum
1203 3394 1373 3472 futurorum,

171 3474 211 3532 ad
223 3475 376 3552 erigendos
389 3474 518 3533 fidelium
532 3475 666 3533 animos?
686 3474 765 3552 quod
779 3475 829 3533 elii
848 3473 984 3534 sentiunt.
1026 3473 1101 3532 Nam
1115 3483 1148 3534 ut
1161 3474 1270 3553 duplex
1285 3475 1375 3554 Legis

171 3553 255 3613 istius
269 3555 354 3630 extus
368 3554 430 3632 fnit,
443 3572 508 3632 qum
522 3553 623 3613 sedulo
638 3562 682 3613 est
696 3553 886 3614 attendenda:
907 3553 1012 3613 Altera
1024 3555 1147 3631 Legalris,
1159 3575 1224 3632 quae
1238 3555 1374 3633 respicie-

171 3633 222 3693 bet
235 3633 330 3693 foedus
345 3652 471 3712 operum,
487 3642 517 3692 et
531 3633 641 3710 Legem
655 3633 718 3712 ejus
736 3634 892 3710 violatam
914 3633 1018 3692 Altera
1044 3635 1228 3712 Ewngelicn,
1250 3655 1308 3712 qua
1328 3655 1373 3694 re-

170 3711 317 3808 ferebatur
330 3713 368 3808 ed
389 3713 484 3808 foedus
505 3713 615 3814 getiae,
637 3713 752 3807 ⁰t.⁶j!¹⁸
774 3713 983 3774 Mediatoremr
998 3713 1052 3772 ‚Ita
1073 3713 1267 3808 diversimode
1283 3713 1326 3808 ,de
1340 3735 1376 3776 ea

165 3802 255 3931 nti?
269 3811 414 3949 tlt?
428 3801 513 3951 tt?
521 3817 611 3933 {tsi
625 3793 928 3950 tttnthttl
950 3793 1374 3950 intendistis

169 3951 354 4028 obsignandi,
376 3953 490 4012 stiram
504 3971 539 4011 ac
559 3951 771 4012 execrationem
793 3952 850 4011 Dei
870 3961 987 4030 p1upter
1005 3961 1156 4030 peccatum
1176 3951 1373 4012 imminentem

170 4030 382 4110 denunciendi;
404 4051 463 4110 quo
476 4051 564 4092 sennr
578 4031 687 4092 Penlus
701 4032 742 4092 eit
755 4031 844 4092 fluisse
858 4033 1077 4109 cicrops-apium
1095 4031 1236 4092 adversus
1259 4050 1322 4098 nos.
1344 4041 1374 4093 et

168 4109 202 4167 in
216 4109 253 4168 iis
266 4109 371 4170 factam
384 4111 474 4172 furiem
487 4119 669 4190 peccatorum
684 4112 824 4188 ἅιᾶμηαιι.
867 4111 926 4172 Sed
940 4129 1030 4188 quum
1050 4112 1192 4189 posterior
1204 4111 1373 4188 attenditur,

169 4197 283 4248 certum
304 4199 349 4250 est
362 4192 449 4251 etiam
462 4191 494 4250 in
507 4211 543 4250 ee
566 4190 699 4268 symbola
719 4193 808 4251 fnisse
830 4199 860 4250 et
882 4190 979 4268 sigilln
1001 4191 1102 4268 gretiae
1124 4191 1180 4251 Dei
1202 4191 1233 4250 in
1247 4191 1372 4268 Christo,

167 4269 275 4347 quibus
289 4269 391 4330 fideles
410 4272 591 4349 erigerentur
603 4269 634 4327 in
654 4288 735 4348 spem
749 4271 911 4348 futurorum
931 4271 1081 4347 bonorum,
1103 4279 1133 4332 et
1146 4271 1286 4332 adversus
1305 4291 1373 4349 pec-

167 4349 227 4408 cati
241 4357 271 4408 et
283 4349 334 4408 irre
349 4349 406 4410 Dei
420 4371 536 4410 sensum
551 4347 796 4410 confirmarentur.

209 4429 288 4488 XII.
311 4429 359 4489 Ite
371 4439 468 4490 eutem
482 4431 546 4490 istas
560 4429 655 4504 σκίηις
675 4430 750 4490 inter
764 4447 796 4489 aa
809 4447 948 4488 connexe
963 4436 1038 4503 sunt,
1058 4436 1091 4488 ut
1105 4427 1209 4505 siquis
1227 4427 1282 4486 rite
1296 4447 1373 4488 oeco·

167 4508 273 4566 nomiae
288 4508 357 4568 Vct.
372 4511 451 4569 Test.
473 4519 614 4587 naturam,
637 4518 667 4569 et
681 4509 769 4587 Legis
790 4509 997 4568 ceremonislis
1017 4527 1101 4567 usum
1120 4515 1217 4565 tenere
1237 4507 1373 4586 voluerit,

166 4607 218 4648 eas
233 4607 349 4664 semper
362 4589 540 4666 conjungere
553 4589 677 4665 debect3
699 4608 753 4648 nec
767 4589 829 4648 sine
844 4587 928 4666 gravi
940 4588 1073 4648 veritatis
1086 4584 1238 4664 dispendio
1252 4605 1270 4644 a
1284 4605 1315 4646 se
1329 4587 1374 4646 in-

166 4667 266 4727 vicem
280 4665 384 4726 divelli
396 4668 518 4745 possint.
560 4669 635 4729 Nem
648 4678 682 4729 ut
701 4669 753 4748 qui
766 4669 856 4729 sclam
871 4667 955 4743 σχίηι
976 4666 1183 4745 Evengelicam
1203 4665 1374 4746 attenderet,
