3192 5206
172 383 285 432 curaer.
302 361 346 444 x]
543 379 583 418 on
595 379 711 420 orarem
725 379 843 420 cuarsrr
860 377 1052 417 uamaromo.
1326 369 1385 428 369

168 525 256 583 modo
272 545 371 584 sumus
384 526 526 592 θισστυγιῖς
541 541 639 582 osores
662 521 725 596 Dei,
750 522 802 580 sed
817 522 897 578 Deus
919 520 980 596 ipse
1003 538 1055 576 nos
1070 517 1136 576 odio
1161 519 1249 580 habet
1270 534 1380 586 etcum

167 604 369 682 indignatione
383 602 508 680 respicit,
534 600 582 658 vel
596 601 728 675 criminis,
752 607 810 678 quo
830 601 871 659 rei
887 617 985 657 sumus
1000 598 1100 656 mortis
1115 607 1144 656 et
1168 601 1379 668 maledictionis

165 693 283 743 aeternae
308 703 405 743 coram
420 683 483 740 Deo
497 680 598 738 mundi
620 681 743 739 Rectorc
765 691 794 740 et
819 699 952 758 supremo
967 677 1083 737 Judiee.
1108 678 1193 737 Unde
1213 693 1379 757 peccatores

166 764 253 823 modo
279 767 414 824 debitores
433 767 581 836 vocantur,
605 760 709 819 Matth.
725 761 764 818 vi.
789 765 835 836 12,
851 759 937 818 modo
952 760 1030 838 ἐχθςσὶ
1045 758 1150 815 inimici
1164 759 1227 836 Dei,
1249 771 1308 820 tam
1331 787 1376 826 ac-

164 845 227 902 tive
251 865 337 921 quam
360 843 484 920 passive,
509 841 570 899 Col.
591 840 610 898 i.
633 845 680 914 21,
696 840 782 899 modo
798 842 854 900 aa
867 849 895 898 et
911 837 1020 898 tetiam
1034 843 1071 913 τῇ
1086 841 1151 913 Θεᾷ,
1168 840 1252 899 Rom.
1269 843 1309 902 iii.
1327 849 1375 906 19.

168 924 253 983 Unde
268 924 417 1002 colligitur
430 921 485 981 tria
499 919 536 978 ad
551 919 791 997 Redemptionem
811 929 939 980 nostram
954 919 1041 977 fuisse
1056 918 1203 996 requisita,
1229 921 1270 982 Ut
1295 924 1374 984 debi.

163 1012 225 1062 tum
240 1006 351 1080 peccati
366 1002 534 1076 solveretur,
550 1010 582 1059 ut
596 999 693 1058 odium
717 1001 771 1059 Dei
793 1009 823 1060 et
846 1001 890 1059 irs
903 999 1073 1076 placaretur,
1099 1007 1128 1056 et
1151 1007 1184 1058 ut
1206 1011 1302 1061 reatus
1323 1025 1375 1064 ex-

186 1084 303 1142 iaretur.

163 1103 183 1160 p
204 1163 278 1222 VII.
302 1161 400 1239 Atque
414 1162 482 1220 hinc
497 1159 623 1218 secundo
637 1168 741 1218 natura
753 1159 958 1236 satisfactionis,
975 1179 1039 1234 quae
1054 1178 1106 1234 pro
1118 1169 1234 1236 peccato
1244 1167 1375 1239 praestari

160 1241 270 1316 debuit,
286 1243 395 1320 percipi
408 1250 512 1318 potest,
528 1240 662 1297 nimirum
674 1239 767 1319 inqua
777 1251 836 1300 tres
845 1241 909 1299 istae
920 1239 1014 1314 σχίσας
1025 1239 1108 1296 simul
1119 1252 1298 1318 concurrant,
1309 1265 1375 1322 quae.

160 1323 199 1380 sit
208 1330 237 1381 et
246 1324 330 1382 dediti
336 1323 444 1397 rotatio,
457 1329 488 1380 et
498 1322 549 1378 iroe
558 1320 665 1394 divina,
676 1340 728 1397 per
737 1321 828 1378 nostri
838 1341 903 1379 cum
914 1339 948 1377 eo
958 1318 1227 1397 reconciliationem,
1235 1327 1371 1400 placatio,

159 1411 189 1460 et
203 1413 298 1461 reatus
312 1423 363 1480 per
377 1422 469 1479 poenae
484 1399 696 1478 perpessionem
711 1401 844 1476 expiatio.
870 1400 927 1458 Sed
941 1409 973 1457 ut
987 1399 1137 1475 potissima
1157 1401 1238 1476 ratio,
1264 1423 1328 1480 quae
1343 1406 1373 1463 in

158 1493 277 1558 peccato
292 1482 468 1541 attendenda
482 1491 534 1556 est,
550 1488 594 1538 est
618 1480 701 1556 σχέσις
714 1481 860 1558 criminis;
885 1480 931 1538 lta
947 1478 1110 1538 Satisfaetio
1131 1480 1219 1540 habet
1232 1485 1371 1542 rationem

158 1581 253 1638 poenae
268 1583 285 1619 a
300 1582 433 1639 supremo
443 1560 542 1639 judice
559 1561 709 1637 impositae.

200 1643 290 1701 VIII.
315 1643 372 1700 Hic
388 1649 598 1700 veroaccurste
613 1639 817 1718 distinguenda
839 1648 883 1700 est
906 1639 1015 1717 duplex
1039 1640 1145 1712 solatio,
1172 1661 1235 1716 quae
1261 1643 1372 1704 obtinet

158 1722 236 1797 apud
250 1722 271 1781 J
274 1722 489 1780 uriseonsultos.
512 1721 589 1796 Alia,
605 1739 669 1797 quae
684 1721 832 1796 ipsosacto
847 1739 927 1780 reum
937 1730 967 1778 et
977 1717 1135 1777 debitorem
1159 1720 1264 1795 libarat,
1281 1743 1369 1800 quum

158 1800 230 1858 illud
246 1801 339 1878 ipsum
354 1801 477 1860 solvitur
489 1801 568 1877 quod
581 1809 626 1858 est
640 1802 671 1857 in
685 1800 869 1877 obligatione,
886 1800 947 1859 sive
963 1799 1012 1856 fiat
1026 1799 1062 1856 ab
1077 1798 1139 1875 ipso
1154 1798 1292 1876 debitore,
1308 1805 1369 1862 siva

158 1881 196 1937 ab
210 1881 275 1955 alic,
291 1882 354 1958 ejus
369 1882 492 1939 nomine.
536 1879 613 1954 Alia,
629 1899 694 1957 quae
708 1881 768 1956 ipso
781 1884 863 1954 sacto
886 1901 941 1938 aon
963 1880 1070 1952 liberat,
1096 1899 1183 1956 quum
1209 1901 1267 1941 non
1292 1883 1368 1942 idem

158 1960 283 2034 omnino,
308 1960 384 2038 quod
399 1961 486 2020 estin
501 1960 685 2037 obligatione,
698 1959 749 2018 sed
763 1961 941 2036 aequivalens
955 1959 1085 2032 solvitur,
1101 1979 1165 2035 quae
1180 1960 1247 2021 licet
1258 1963 1368 2040 obliga-

157 2039 265 2098 tionem
280 2041 342 2118 ipso
356 2041 431 2099 facto
446 2059 504 2098 uon
518 2041 647 2118 perimat,
664 2039 791 2098 admissa
817 2050 921 2113 tamen,
948 2059 1013 2098 eum
1043 2039 1168 2097 recusari
1187 2052 1292 2117 posset,
1316 2064 1368 2120 pro

157 2120 352 2179 satisfactione
366 2121 496 2179 habetur.
540 2119 623 2194 Quod
638 2120 668 2176 in
683 2119 781 2178 debito
795 2120 960 2196 pecuniario
975 2127 1004 2178 et
1018 2120 1124 2195 poenali
1139 2129 1237 2196 patct;
1260 2143 1327 2180 nam
1336 2126 1367 2182 in

156 2199 254 2258 debito
269 2201 433 2277 pecuniario
448 2200 553 2258 solutio
567 2199 657 2258 debiti
672 2199 735 2276 ipso
749 2199 825 2259 facto
846 2200 950 2258 liberat
972 2199 1131 2257 debitorem
1154 2219 1170 2256 a
1195 2221 1367 2280 quocunque

155 2279 225 2352 fiat;
248 2281 387 2357 quianon
401 2279 559 2339 attenditur
572 2279 619 2338 hic
633 2280 694 2356 qais
707 2283 805 2354 solvat,
822 2279 872 2338 sed
886 2287 998 2340 tantum
1013 2280 1083 2355 quid
1094 2283 1228 2338 solt-atur.
1281 2283 1366 2343 Unde

155 2360 288 2434 creditor,
304 2368 421 2437 accepta
435 2360 586 2434 solutIcne,
602 2359 683 2418 nulla
696 2359 802 2418 dicitur
815 2360 857 2418 uti
869 2379 938 2437 erga
949 2359 1107 2417 debitorem
1132 2358 1313 2438 indulgentia
1337 2373 1367 2422 et

155 2440 331 2514 remissione,
347 2440 414 2517 quia
428 2440 606 2499 tantumdem
621 2439 740 2516 accepit,
756 2448 895 2516 quantum
920 2439 1087 2497 debebatur.
1131 2439 1189 2498 Sed
1214 2441 1242 2498 in
1268 2442 1366 2503 debito

153 2520 261 2594 poenali
275 2520 375 2578 eadem
389 2541 447 2578 non
461 2529 506 2578 est
520 2519 601 2592 ratio,
617 2519 685 2596 quia
698 2520 838 2596 obligatio
853 2539 910 2576 non
924 2527 1036 2578 tantum
1064 2529 1108 2577 est
1133 2519 1168 2577 de
1191 2540 1230 2596 re,
1255 2523 1306 2580 scd
1329 2523 1364 2583 de

153 2618 283 2674 persona,
300 2600 396 2675 idest,
416 2619 475 2658 uon
489 2599 647 2658 attenditur
660 2607 772 2658 tentum
787 2601 857 2676 qaid
868 2603 1001 2673 solvetur,
1018 2599 1169 2657 sedetiam
1184 2603 1245 2676 quis
1266 2607 1363 2676 soleat,

153 2677 191 2736 id.
221 2688 253 2738 nt
280 2700 366 2757 poena
393 2680 500 2738 feratur
527 2699 544 2737 a
571 2699 694 2756 persona
720 2688 876 2756 peceante;
907 2680 969 2738 Lex
999 2680 1075 2737 enlm
1106 2687 1137 2737 ut
1171 2681 1363 2742 obedientiam

151 2760 296 2836 propriam
311 2768 339 2818 et
353 2759 532 2837 personalem
568 2759 682 2834 ostulat,
698 2759 883 2818 talemetiam
897 2779 1010 2836 poenam
1033 2759 1134 2835 exigit.
1178 2759 1248 2818 Ideo
1273 2771 1306 2820 nt
1329 2763 1363 2819 li-

151 2837 267 2897 beretur
281 2861 347 2898 reus
362 2841 455 2917 posita
469 2779 663 2899 satisfdctione
678 2838 771 2897 aliena
785 2859 837 2897 seu
851 2839 966 2912 vicaria,
983 2838 1069 2896 debet
1083 2849 1164 2896 actus
1189 2839 1320 2900 Rectoris
1334 2851 1364 2900 et

151 2919 173 2976 J
175 2919 268 2978 udicis
281 2920 466 2994 intercedere,
482 2920 533 2996 qui
547 2927 679 2996 respectu
694 2919 782 2996 Legis
797 2919 902 2978 dieitur
910 2918 1060 2992 relaxatio,
1073 2927 1205 2994 respectu
1215 2920 1362 2980 Debitoris

151 3005 180 3056 et
195 2999 258 3074 Rei,
274 3000 407 3072 remissio,
423 3000 491 3076 quia
505 2999 659 3058 remittitur
672 3019 758 3076 poena
770 2999 894 3076 propria,
909 3007 939 3057 et
952 2998 1113 3056 admittitur
1127 2997 1156 3054 in
1180 3001 1244 3075 ejus
1266 2999 1362 3059 locum

152 3085 181 3135 et
195 3087 360 3156 acceptatur
374 3080 491 3138 vicaria.
535 3080 570 3136 In
584 3079 639 3137 hoc
654 3087 749 3137 autem
773 3079 899 3156 negotia
924 3079 992 3154 quia
1019 3086 1168 3154 peccatum
1191 3099 1249 3136 non
1273 3081 1361 3141 habet

150 3165 262 3217 tautum
279 3160 420 3218 rationem
436 3159 534 3233 debiti,
551 3158 601 3217 sed
616 3166 645 3217 et
660 3158 795 3234 criminis,
812 3157 970 3216 satisfactio
997 3177 1055 3215 non
1078 3165 1123 3215 est
1146 3159 1210 3233 ejus
1235 3162 1358 3235 generis,

150 3257 215 3314 quae
229 3239 322 3316 possit
338 3239 401 3317 ipso
416 3238 491 3298 facto
507 3238 664 3296 debitorem
686 3238 817 3312 liberare,
847 3238 903 3295 nisi
924 3238 1042 3296 accedat
1065 3237 1085 3296 J
1088 3237 1180 3296 udicis
1205 3240 1318 3298 ἰσιιίιιιισ
1332 3251 1361 3301 et

148 3319 288 3394 remissio,
303 3320 371 3396 quia
385 3339 443 3378 non
458 3318 580 3377 solvitur
588 3319 618 3376 id
632 3318 726 3396 ipsum
740 3318 818 3395 qarod
832 3327 876 3377 est
890 3318 919 3374 in
933 3317 1119 3395 obligatione,
1131 3319 1265 3378 nimirum
1274 3341 1361 3397 poena

147 3399 270 3476 propria,
286 3420 373 3476 quam
389 3401 451 3458 Lex
461 3400 549 3477 jana
563 3395 746 3479 degradabat„
756 3398 928 3476 postulabat,
945 3399 996 3457 sed
1010 3406 1121 3457 tantum
1132 3397 1249 3458 vicaria.
1274 3401 1359 3461 Unde

148 3477 333 3557 facilepatet,
349 3480 524 3556 quambene
545 3479 594 3538 hie
618 3480 692 3537 inter
717 3499 747 3538 se
770 3479 945 3538 conveniant
969 3479 1106 3537 Reoa'ssa'o
1130 3488 1159 3537 et
1186 3480 1356 3558 Saticfactio‚

146 3559 284 3635 quicquid
299 3560 447 3618 clamitent
462 3558 640 3633 Adversarii,
666 3560 735 3635 quia
758 3558 788 3616 iu
811 3579 903 3636 poenae
927 3559 1119 3636 perpessione,
1135 3580 1199 3635 quse
1213 3561 1273 3619 lata
1286 3572 1331 3621 est
1341 3584 1359 3621 a

147 3637 270 3714 Christo,
281 3649 325 3698 est
336 3641 506 3714 Satisfaetr'o,
519 3639 605 3698 sedin
617 3638 790 3697 admissione
800 3647 828 3697 et
839 3639 1151 3716 acceptationeVicarii
1161 3643 1356 3701 estReaa'asio.

148 3717 203 3775 Illa
218 3719 335 3796 respicit
350 3720 505 3795 Christum,
521 3739 538 3776 a
552 3739 609 3796 quo
622 3719 702 3777 Deus
717 3739 839 3795 paenam,
854 3739 912 3777 nou
922 3739 1050 3791 numere,
1063 3718 1115 3777 sed
1126 3721 1220 3795 specie
1236 3722 1355 3780 eandem

146 3817 211 3854 cum
225 3819 259 3856 ea
273 3820 338 3875 qure
352 3820 369 3858 a
383 3801 467 3858 nobis
482 3799 641 3858 debebatur
655 3798 756 3876 exigit.
800 3799 862 3857 Ista
885 3819 954 3858 vero
979 3797 1087 3871 fideles,
1114 3799 1219 3876 quibus
1241 3821 1355 3876 poensm

145 3877 288 3952 propriam
299 3880 419 3938 remittit
429 3881 518 3956 Deus,
534 3879 603 3937 dum
613 3879 749 3937 vicariam
764 3877 898 3952 admittit,
908 3888 995 3956 atque
1010 3879 1050 3937 ita
1061 3877 1228 3936 admIrabile
1241 3878 1356 3938 videtur
1372 3919 1377 3932 ,

142 3954 264 4029 justitiae
278 3966 307 4016 et
320 3959 523 4018 misericordiae
545 3967 809 4035 temperamentum,
822 3959 945 4019 Juetitia
965 3960 1070 4035 qqupe
1095 3957 1124 4014 in
1149 3967 1297 4033 peccatum
1324 3980 1353 4016 se

145 4034 245 4108 exerit,
274 4045 303 4094 et
331 4038 531 4098 Misericordia
551 4059 621 4116 erga
645 4047 832 4115 peccatorem.
861 4038 1023 4097 Satisfactio
1048 4037 1081 4094 fit
1104 4035 1233 4120 Justitiae
1257 4037 1312 4094 Dei
1336 4058 1354 4095 a

146 4113 299 4190 Sponsore,
314 4125 344 4175 et
359 4118 502 4177 Remissio
516 4119 599 4177 nobis
613 4119 645 4176 fit
660 4139 677 4175 a
692 4119 763 4176 Deo.

185 4193 245 4251 IX.
269 4195 334 4254 Hoc
356 4198 440 4254 tertio
465 4199 649 4257 confirmatur
672 4219 707 4256 ex
734 4197 815 4274 σχίσει
837 4199 902 4270 Dei,
918 4197 963 4255 cui
990 4193 1146 4254 satisfactio
1168 4193 1231 4252 dari
1256 4195 1350 4256 debet,

145 4273 228 4348 Nam,
241 4282 274 4333 ut
288 4275 394 4351 triplex
407 4276 455 4334 hic
469 4287 513 4336 est
526 4279 636 4355 peccati
651 4282 735 4353 σχέσις
750 4288 781 4337 ut
791 4278 935 4351 diximus;
953 4278 998 4336 Ita
1013 4276 1093 4333 Deus
1107 4282 1203 4350 potest
1217 4277 1349 4351 spectari,

143 4353 190 4412 vel
206 4362 238 4412 ut
250 4355 390 4429 Creditor,
407 4356 454 4413 vel
478 4367 510 4416 ut
524 4359 663 4416 Dominae
686 4368 714 4416 et
737 4360 813 4416 Pars
827 4356 944 4431 offensa,
963 4355 1011 4413 vel
1025 4364 1056 4412 ut
1080 4355 1179 4413 ,Iader
1193 4361 1222 4412 et
1236 4355 1349 4413 Rector.

144 4433 203 4493 Sed
217 4433 247 4491 in
261 4435 317 4493 hoe
327 4435 451 4510 negotia,
467 4435 534 4496 licet
548 4437 612 4496 duae
635 4438 744 4514 priores
759 4458 842 4495 suum
857 4435 942 4494 etiam
957 4437 1052 4494 locum
1067 4434 1113 4492 hic
1128 4434 1260 4507 habeant,
1276 4454 1349 4510 prse-

143 4514 226 4592 cipue
245 4523 344 4572 tamen
366 4515 451 4574 tertia
474 4516 520 4574 hic
543 4517 718 4576 attendenda
742 4525 794 4576 est.
838 4517 917 4574 Deus
931 4515 1037 4593 quippe
1060 4515 1108 4572 hie
1132 4533 1189 4571 non
1204 4532 1234 4570 se
1262 4514 1349 4573 habet

143 4602 255 4653 tantum
270 4603 304 4653 ut
319 4594 459 4666 Creditur,
474 4597 524 4672 qui
537 4606 633 4674 potest
647 4618 698 4674 pro
712 4597 796 4655 libitu
812 4595 924 4673 dejure
939 4616 990 4654 suo
997 4595 1158 4668 remittere,
1174 4601 1347 4652 nectentem

140 4682 173 4734 ut
186 4693 253 4751 pars
267 4673 387 4750 offensa,
397 4683 426 4734 et
442 4675 583 4736 Dominus
598 4677 646 4754 qui
658 4677 694 4736 de
706 4697 758 4736 suo
769 4685 864 4754 potest
878 4674 971 4734 facere
994 4674 1072 4751 quod
1087 4674 1150 4812 vulp
1175 4673 1235 4731 sine
1251 4673 1346 4751 cujas

181 4773 256 4813 raas
278 4773 310 4813 11.
1166 4770 1185 4812 Α
