3186 5210
135 407 240 452 Qvfflsr
257 383 333 464 xvh]
554 401 591 440 DE
607 399 778 442 vocarlonss
793 401 830 440 El*
845 400 923 440 elna.
1282 387 1337 444 531

132 565 188 605 sua
201 544 336 619 deliquia
354 542 484 618 patiatur
502 541 532 596 in
547 541 689 614 gravibus
703 540 881 600 Sanctorum
899 540 1041 616 lapsibus,
1056 559 1110 599 nec
1127 542 1208 600 idem
1221 562 1338 619 semper

132 625 172 684 sit
185 625 253 699 ejus
266 630 352 680 tenor
363 629 393 679 et
403 619 497 694 vigor,
510 621 653 692 langueat
663 621 853 694 quandoque,
865 626 895 677 et
904 619 1059 693 praefocari
1067 620 1214 694 videatur,
1225 642 1337 698 nequa·

132 721 226 779 quam
240 710 341 766 tamen
354 701 442 777 plane
455 698 618 756 suffocatur
632 703 661 756 et
675 697 869 773 extinguitur,
884 699 936 755 sed
955 706 1106 772 peractus
1125 700 1337 776 subsequentes

132 780 315 856 poenitentias
329 785 360 836 et
371 777 440 836 fidei
460 777 654 846 instauratur,
669 777 903 851 quotiescunque
922 775 1072 834 eluctatur
1091 785 1235 853 peccator,
1250 787 1281 838 et
1298 781 1337 838 ab

132 861 199 934 ipso
213 878 293 929 casu,
307 859 391 916 velut
403 856 527 914 collecto
540 853 655 929 spiritu,
669 856 805 930 graviore
820 855 890 914 odio
903 855 986 926 mali,
1001 862 1031 912 et
1049 858 1218 916 ardentiore
1235 875 1337 917 amore

134 939 207 996 boni
220 938 429 996 inflammatur.

175 1015 307 1074 XXIII.
328 1013 401 1073 Non
416 1012 599 1070 omittendus
612 1030 683 1072 vero
697 1013 746 1072 bic
759 1021 805 1073 est
817 1013 943 1072 illustns
961 1015 1054 1084 locus,
1071 1014 1086 1072 1
1102 1013 1123 1073 J
1125 1017 1174 1073 oh.
1189 1015 1229 1074 iii.
1245 1015 1272 1086 9,
1284 1016 1338 1074 ubi

134 1095 301 1170 Apostolus
330 1092 449 1151 Thesim
476 1099 607 1150 nostram
634 1092 794 1152 clarissime
814 1094 939 1168 probat;
964 1093 1002 1150 In
1029 1112 1090 1169 quo
1117 1094 1268 1152 eludendo
1289 1095 1338 1152 vel

132 1174 335 1249 depravando,
350 1171 462 1230 mirum
476 1177 622 1245 quantum
642 1173 752 1230 sudant
773 1173 957 1231 Adversarii.
1000 1171 1173 1248 “Quisquis
1190 1179 1340 1232 natusest

132 1271 169 1310 ex
184 1252 278 1322 Deo,’'
292 1251 402 1326 inquit,
419 1255 600 1324 “peccatum
620 1269 680 1308 non
702 1249 780 1321 iacit,
793 1251 864 1326 quia
884 1267 984 1309 semen
1005 1250 1062 1308 Dei
1082 1259 1183 1310 menet
1203 1252 1235 1310 in
1255 1251 1337 1326 ipso;

131 1349 187 1390 nee
206 1348 327 1407 peccare
346 1335 453 1404 potest,
469 1328 540 1403 quia
553 1337 642 1388 natus
655 1336 700 1387 est
717 1348 754 1386 ex
768 1331 863 1388 Deo.’'
918 1330 951 1389 Si
971 1329 1106 1405 quisquis
1126 1336 1215 1388 naurs
1236 1337 1280 1388 est
1299 1349 1338 1389 ex

28 1457 37 1468 .
133 1410 198 1468 Deo
212 1429 274 1466 non
293 1415 402 1484 peccet,
417 1406 551 1482 quisquis
564 1417 675 1481 peccat,
689 1427 751 1466 non
764 1416 809 1467 est
826 1413 916 1466 natus
929 1427 968 1467 ex
984 1405 1069 1478 Deo;
1091 1407 1151 1466 imo
1172 1427 1233 1466 non
1251 1409 1336 1483 vidit,

132 1505 189 1546 nec
206 1488 292 1547 novit
305 1507 383 1558 curn,
397 1503 458 1544 ver.
468 1485 495 1544 6.
537 1485 569 1544 N
572 1505 609 1545 on
622 1486 694 1545 dicit
707 1487 880 1562 simpliciter
893 1505 954 1546 nou
963 1503 1084 1562 peccare
1091 1493 1198 1544 natum
1209 1505 1246 1545 ex
1261 1488 1335 1562 Deo,

132 1567 173 1624 id.
188 1585 293 1624 verum
307 1567 435 1635 fidelem,
449 1583 521 1622 uem
535 1573 688 1643 peccatum
707 1566 738 1622 in
753 1565 870 1625 Sanctis
884 1567 1019 1640 agnoscit
1033 1564 1208 1640 Apostolus,
1223 1567 1284 1624 imo
1298 1585 1337 1628 ne

132 1663 164 1704 se
179 1644 300 1720 quidem
313 1646 413 1720 ipsum
427 1643 545 1718 excipit,
559 1662 623 1719 cap.
638 1645 726 1702 iver.
742 1644 780 1714 8;
802 1645 862 1704 Sed
883 1654 1030 1720 peccatum
1044 1645 1226 1722 nonfacere:
1239 1645 1280 1702 id.
1295 1645 1339 1705 itu

135 1732 170 1781 ut
183 1731 337 1798 peccatum
352 1723 399 1778 illi
413 1721 592 1794 dominetur,
603 1742 664 1800 qno
679 1729 760 1780 totus
772 1723 803 1780 in
815 1723 935 1780 Diaboli
944 1729 1120 1798 potestatem
1131 1725 1337 1798 regrediatur;

132 1821 169 1862 eo
183 1804 272 1860 modo
287 1820 347 1877 quo
361 1800 513 1874 irregeniti
534 1809 664 1877 peceant,
679 1819 748 1860 cum
766 1803 865 1860 studio
879 1808 910 1859 et
928 1802 1035 1860 habitu
1053 1803 1202 1876 peccandi,
1218 1814 1338 1878 peccato

134 1887 296 1955 regnante:
320 1879 365 1940 Ut
379 1879 523 1954 justitiam
536 1882 640 1958 facere
660 1881 778 1951 dicitur,
793 1899 854 1938 non
875 1881 928 1955 qui
946 1881 1101 1954 quodlibet
1120 1897 1195 1954 opus
1211 1881 1338 1954 justitiae

132 1960 213 2030 fucit,
225 1961 276 2018 sed
287 1960 340 2034 qui
351 1958 397 2016 illi
407 1959 460 2018 dat
470 1977 590 2035 operam
600 1977 653 2034 per
663 1959 840 2017 continuum
850 1959 915 2034 ejus
923 1959 1096 2016 exercitium
1107 1980 1114 2028 ;
1124 1965 1159 2014 nt
1169 1959 1340 2020 medicinam

125 2042 229 2118 succro
242 2039 360 2107 dicitur,
375 2038 428 2111 qui
446 2055 512 2095 earn
530 2040 740 2116 profitetunet
752 2038 783 2094 in
798 2039 864 2112 ejus
878 2037 963 2113 praxi
977 2044 1129 2107 versatnr;
1144 2049 1340 2100 mereaturque

125 2120 239 2196 secare,
253 2128 347 2176 urtam
360 2119 472 2193 facere,
487 2117 540 2191 qui
554 2135 620 2176 eam
634 2123 758 2174 exercet.
799 2116 831 2174 N
832 2135 866 2174 ec
878 2123 997 2176 tentum
1011 2116 1121 2173 dicitnr
1134 2134 1194 2174 non
1209 2137 1339 2192 peccare,

133 2199 185 2256 sed
200 2198 359 2272 nequidem
374 2197 407 2254 id
414 2217 506 2272 posse,
521 2213 583 2252 non
597 2196 687 2253 modo
703 2195 773 2269 quia
786 2197 844 2253 hoc
857 2217 913 2254 eon
927 2197 1016 2266 debet,
1031 2213 1068 2252 ex
1082 2194 1187 2266 officio,
1203 2196 1247 2254 sie
1259 2199 1340 2257 enim

133 2294 195 2334 non
209 2283 330 2334 renatus
343 2275 487 2334 (licendum
501 2281 577 2332 esset
589 2292 651 2331 non
665 2291 751 2347 posse
765 2288 894 2348 peccare,
909 2275 982 2350 quie
995 2291 1056 2330 non
1070 2274 1175 2344 debet;
1195 2274 1254 2332 Vel
1268 2278 1341 2352 quia

132 2355 190 2412 hoc
208 2371 269 2410 non
289 2363 380 2429 potest
398 2355 557 2424 moraliter,
579 2352 619 2409 id.
642 2351 800 2410 difficulter
817 2352 897 2424 facit,
917 2353 988 2428 quia
1008 2351 1049 2410 sic
1067 2352 1185 2411 tollitur
1203 2357 1341 2428 &edatio

134 2431 277 2506 Apostoli
290 2451 309 2488 a
321 2432 429 2490 minori
443 2436 482 2492 ed
493 2432 610 2506 majus:
625 2447 687 2488 non
701 2437 811 2506 peccat,
826 2439 856 2490 et
869 2450 931 2489 non
944 2437 1042 2506 potest
1052 2448 1182 2506 peccare,
1197 2433 1269 2507 quia
1279 2453 1340 2493 non

133 2527 257 2586 peecare
270 2510 367 2585 majus
380 2520 424 2570 est
434 2529 525 2588 quam
539 2510 699 2568 difficulter
712 2527 849 2584 peccare;
872 2510 931 2570 Sed
942 2510 1080 2568 absolute
1091 2515 1190 2586 quood
1202 2524 1341 2584 euentum,
1411 2554 1414 2563 ·

133 2589 207 2664 quia
220 2589 277 2647 hoc
290 2589 353 2648 fieri
366 2592 480 2665 nequit,
495 2587 608 2665 duplici
622 2589 660 2646 de
673 2605 772 2658 causa,
788 2588 898 2660 Primo,
908 2596 1028 2664 propter
1044 2588 1142 2662 ipsum
1163 2591 1343 2666 principium

132 2668 295 2740 internum,
306 2667 377 2744 quio
390 2690 484 2728 aarum
498 2667 565 2739 Dei,
581 2666 723 2724 nimirum
735 2667 873 2725 Verbum
887 2677 992 2737 sepem,
1013 2673 1044 2724 et
1069 2666 1197 2741 Spiritus
1213 2668 1243 2726 S.
1255 2670 1342 2743 cujus

133 2748 163 2804 vi
177 2745 373 2822 regignimnr,
388 2767 450 2806 non
464 2754 583 2806 tanturn
596 2751 641 2803 est
654 2745 693 2802 ad
707 2753 901 2816 momentum,
916 2747 967 2804 sed
981 2756 1079 2802 maaet
1093 2745 1123 2802 ia
1137 2747 1207 2821 ipso,
1222 2747 1262 2804 id.
1277 2765 1343 2822 per·

132 2833 288 2884 manenter
301 2826 398 2898 inest;
418 2827 466 2884 hic
480 2826 561 2884 enim
573 2843 634 2882 non
649 2825 744 2880 solam
758 2823 945 2882 existentium
966 2823 1072 2896 notari,
1087 2825 1138 2881 sed
1160 2831 1343 2883 constantem

132 2903 327 2973 mansionem,
342 2911 432 2979 patet,
449 2905 519 2980 quia
532 2903 633 2978 egitur
646 2903 683 2960 dc
697 2901 808 2960 semine
822 2901 1052 2977 incorruptibili,
1066 2903 1104 2960 de
1118 2903 1342 2977 regeneratione

133 2983 172 3038 ed
185 2982 279 3039 vitam
293 2989 444 3054 aeternam,
459 2985 496 3042 de
511 2981 673 3050 mansione,
685 2999 752 3054 quae
766 2998 828 3038 non
842 2981 912 3038 sinit
925 2980 1092 3054 regenitum
1106 2999 1234 3054 peceare,
1247 2988 1277 3038 et
1290 2999 1344 3055 per

135 3077 226 3134 quom
240 3059 368 3135 Spiritus
382 3069 484 3120 manet
496 3062 527 3118 in
542 3065 686 3119 aeternum
701 3077 769 3116 cum
782 3058 857 3134 ipso,
871 3059 893 3117 J
895 3059 944 3116 oh.
958 3059 1018 3116 xiv.
1035 3057 1082 3127 16,
1096 3065 1127 3115 et
1146 3060 1242 3116 fidelis
1255 3060 1344 3118 debet

133 3155 253 3196 manere
264 3147 406 3215 perpetuo
417 3141 449 3198 in
460 3143 559 3212 domo,
570 3145 601 3197 et
610 3155 764 3212 nunquam
777 3156 815 3196 ex
829 3155 865 3194 ee
878 3136 954 3210 ejici,
965 3136 986 3193 J
988 3139 1037 3194 oh.
1048 3137 1109 3194 viii.
1122 3137 1179 3207 35;
1195 3137 1343 3212 Secundo,

133 3223 257 3291 propter
269 3217 363 3291 ipsam
377 3219 600 3294 generationem
613 3219 652 3274 ab
663 3217 719 3276 isto
733 3215 844 3273 semiue
857 3215 975 3284 factam,
987 3215 1060 3290 quia
1071 3216 1212 3273 nativitas
1227 3233 1264 3274 ex
1278 3216 1343 3275 Deo

134 3295 227 3352 habet
241 3313 359 3354 censam
373 3297 419 3354 sui
434 3295 690 3365 conservatricem,
703 3299 734 3352 et
748 3293 924 3352 effectricem
935 3294 1169 3369 perseverantiae,
1189 3293 1221 3350 in
1242 3313 1278 3352 eo
1292 3295 1345 3371 qui

133 3380 290 3444 natusest,
305 3375 377 3451 quia
390 3394 489 3435 semen
511 3374 570 3433 Dei
589 3374 621 3430 in
635 3391 670 3430 eo
683 3379 793 3441 manet,
808 3373 895 3446 cujus
915 3391 971 3448 ope
985 3391 1004 3430 a
1023 3379 1143 3448 peccato
1163 3372 1344 3434 defenditur.

133 3453 230 3510 Actus
244 3453 294 3512 ille
308 3453 553 3528 regenerationis,
567 3453 599 3508 in
620 3471 680 3528 quo
700 3450 931 3510 fundamentum
950 3451 1105 3510 relationis
1125 3457 1177 3524 est,
1192 3453 1264 3527 quia
1285 3471 1345 3511 non

132 3537 230 3605 potest
243 3549 305 3590 non
318 3533 419 3603 fuisse,
434 3551 494 3590 non
516 3537 613 3606 potest
633 3548 692 3588 non
708 3547 769 3586 esse
781 3551 789 3599 ;
803 3547 903 3588 semen
917 3531 997 3588 enim
1018 3531 1083 3606 ejus
1097 3533 1179 3605 quod
1199 3539 1301 3590 munet
1314 3532 1345 3589 in

131 3611 196 3682 illo,
217 3611 373 3670 vinculum
393 3609 547 3670 relationis
568 3615 714 3667 aeternum
734 3608 815 3678 fecit,
831 3617 865 3666 ut
886 3627 1001 3684 semper
1021 3610 1060 3666 sit
1082 3609 1179 3668 Filius
1201 3610 1268 3681 Dei,
1293 3612 1346 3688 qui

132 3689 226 3746 semel
240 3695 293 3748 est.
336 3689 421 3748 Licet
435 3708 506 3748 vero
521 3705 620 3748 semen
634 3687 716 3745 istud
730 3705 791 3744 non
806 3704 920 3761 semper
932 3687 1091 3747 fructificet
1104 3688 1135 3744 in
1149 3689 1232 3747 fideli
1246 3691 1346 3765 quoad

133 3771 234 3822 ectum
249 3768 422 3840 secundum,
435 3785 494 3826 non
507 3766 642 3842 sequitur
652 3783 714 3822 non
724 3781 844 3822 manere
855 3768 955 3840 quoad
967 3774 1067 3825 actum
1079 3767 1210 3841 primum
1220 3787 1227 3835 ;
1239 3767 1347 3824 atrita

134 3849 235 3898 manet
249 3843 279 3900 in
294 3845 399 3902 arbore
412 3853 544 3920 tempore
559 3843 681 3918 hyemis,
696 3862 756 3918 quo
770 3861 825 3900 nee
837 3842 913 3903 folia
926 3863 981 3903 nec
993 3845 1108 3903 fruetus
1121 3844 1199 3901 ferre
1212 3850 1318 3918 potest

157 3915 299 3978 ‘Xxlu
322 3919 388 3980 Nec
400 3923 448 3980 hio
462 3923 738 3982 dicendum-veram
759 3939 821 3980 csse
842 3925 1020 3982 sententiam
1040 3922 1190 3981 Iohannis
1210 3921 1242 3975 in
1262 3939 1347 3979 seusu

133 3997 296 4072 composito,
312 3997 410 4056 nimir.
424 4019 493 4058 eum
507 4002 662 4075 quinctus
676 4006 721 4057 est
735 4019 772 4058 ex
786 3999 851 4058 Deo
866 4020 927 4060 non
947 4019 1033 4075 posse
1053 4015 1182 4074 peccare,
1197 4005 1346 4071 qnatenus

132 4083 282 4134 natusest
301 4094 340 4134 cx
364 4075 439 4147 Deo,
454 4097 540 4152 posse
560 4087 661 4138 temen
684 4079 715 4136 iu
737 4099 821 4137 renea
835 4079 935 4149 diuiso,
950 4079 977 4135 si
999 4077 1134 4151 negligat
1156 4093 1257 4133 semen
1280 4076 1349 4136 Dei.

134 4154 218 4222 Quia
237 4155 279 4212 sic
299 4161 434 4212 mutatur
456 4157 581 4216 causalis
603 4157 634 4215 in
655 4157 905 4226 conditionalem
926 4174 987 4214 non
1009 4155 1081 4212 dicit
1103 4153 1174 4211 Joh.
1190 4160 1296 4212 natum
1309 4175 1346 4214 ex

133 4233 199 4290 Deo
213 4251 275 4292 uon
289 4249 375 4307 posse
387 4251 516 4308 peecare,
530 4241 676 4310 quatenus
695 4245 784 4294 natus
797 4242 842 4294 est
855 4253 892 4292 ex
906 4233 981 4303 Deo,
996 4234 1047 4290 sed
1061 4233 1131 4308 quio
1151 4243 1238 4291 natue
1253 4245 1301 4304 cet,
1317 4242 1347 4292 et

132 4311 205 4387 quia
218 4329 318 4368 semen
333 4319 434 4370 manet
447 4313 479 4370 in
489 4313 551 4382 illo,
560 4313 600 4372 id.
612 4333 726 4390 sempor
736 4319 905 4390 perseverat
915 4318 945 4368 et
955 4317 1055 4368 manet
1069 4309 1099 4366 in
1110 4329 1156 4382 eo,
1167 4313 1346 4371 undenutus

131 4396 176 4448 est
191 4387 290 4448 Filius
302 4387 369 4448 Dei.
392 4389 479 4449 Alias
492 4390 604 4466 frigide
612 4394 751 4452 redditur
759 4392 854 4451 oratio
867 4389 1017 4466 Apostoli,
1028 4391 1185 4447 asserentis
1197 4391 1226 4445 id
1239 4392 1347 4465 dequo

133 4470 238 4526 nullus
253 4469 392 4526 dubitare
413 4469 529 4542 potuit;
552 4470 633 4530 Nam
653 4491 707 4530 nec
729 4471 878 4530 Diabolus
898 4469 970 4542 ipse,
985 4485 1040 4525 nec
1060 4467 1170 4544 impius
1189 4469 1347 4544 quisquam

131 4553 292 4624 peccatum
307 4547 389 4618 fecit,
404 4549 568 4608 secuudum
582 4551 662 4626 quod
676 4569 695 4608 a
708 4551 773 4608 Deo
788 4549 884 4608 factus
898 4554 950 4605 est.
993 4547 1166 4604 Absurdius
1187 4565 1257 4604 vero
1278 4548 1348 4605 Bel-

130 4629 217 4686 larm.
230 4627 282 4685 lib.
294 4627 336 4686 iii.
348 4643 414 4702 cap.
428 4625 472 4685 15.
487 4629 524 4684 de
535 4628 557 4686 J
559 4630 663 4688 nstifie.
673 4629 717 4686 ita
727 4628 867 4703 exponit:
883 4633 900 4660 “
911 4632 1015 4683 netum
1026 4643 1062 4682 ex
1073 4624 1137 4682 Deo
1149 4643 1208 4682 non
1217 4643 1348 4701 peecare,

131 4707 274 4782 «quandiu
288 4712 460 4783 perseverat
474 4707 568 4768 Filius
583 4707 669 4780 Dei,''
684 4707 724 4764 id.
736 4726 796 4764 non
808 4725 928 4780 peccare
942 4705 1076 4779 quandiu
1091 4723 1150 4762 non
1165 4713 1275 4779 peceat.
1301 4705 1350 4766 Sic
