3186 5210
155 341 272 388 eumer.
287 322 336 401 rs]
607 339 644 378 oa
659 336 918 379 rusrrrrcsrronr.
1312 325 1370 384 583

154 483 229 552 Deo,
250 483 383 538 clamans
403 497 472 536 cum
494 479 618 549 Davide,
635 478 799 553 “Domine,
824 479 849 536 si
872 478 1046 554 iniquitates
1068 478 1278 553 observaveris,
1299 482 1367 558 quis

154 561 295 619 subsistet
306 560 337 616 i”
379 557 419 614 Et
432 556 513 628 alibi,
529 563 546 591 “
558 557 607 614 Ne
620 557 712 614 intres
725 556 754 612 in
765 557 915 630 judicium
928 576 996 614 curn
1010 575 1095 616 servo
1111 563 1172 634 tuo,
1188 558 1261 633 quia
1280 561 1367 619 nulla

153 657 223 696 coro
233 636 448 712 justificabitur
461 636 493 692 in
507 641 667 711 conspectu
688 636 771 692 tuo.”

181 716 281 776 VIII.
297 714 358 772 Hic
368 731 439 788 ergo
449 731 537 772 verus
548 721 593 772 est
604 712 817 772 Controversia
828 717 939 785 status;
953 714 1057 782 Quum
1065 731 1148 771 mens
1156 715 1368 790 perterrefacta

154 803 200 856 cst
219 793 399 854 conscientia
422 792 543 866 peccati,
571 799 601 849 et
624 809 712 849 sensu
732 791 784 849 irae
800 790 866 863 Dei,
881 809 949 866 quae
963 794 1002 852 sit
1014 811 1061 850 res
1073 793 1128 850 illa
1140 801 1261 870 propter
1274 813 1367 870 quam

154 893 255 932 coram
268 873 332 930 Deo
344 871 526 942 absolvatur,
537 877 567 928 et
575 870 677 944 justus
688 877 843 928 censeatur
853 871 945 928 homo
956 893 964 942 ;
974 889 1114 946 quasnam
1125 871 1164 928 sit
1176 871 1231 930 illa
1236 873 1366 946 justitia,

156 971 248 1029 quam
262 968 412 1026 opponere
426 949 515 1006 debet
535 948 659 1007 Iudicio
674 947 731 1006 Dei
751 967 789 1006 ne
805 948 898 1023 juxta
918 949 1008 1024 Legis
1022 955 1185 1023 anglenam„
1198 953 1368 1023 damnetur,

155 1033 208 1089 sed
222 1037 257 1087 ut
269 1028 441 1086 remissione
455 1035 653 1103 peecatorum,
668 1033 698 1084 ct
714 1026 766 1101 jus
780 1029 818 1084 ad
832 1029 928 1086 vitam
941 1035 1084 1087 aetemnm
1098 1030 1240 1105 consequi
1253 1031 1368 1105 possit?

160 1109 213 1166 An
233 1109 272 1166 sit
291 1105 419 1164 Iustitia
439 1107 525 1164 nobis
543 1107 700 1174 inhaerens,
722 1112 752 1163 et
775 1105 916 1164 inchoata
939 1107 1096 1176 sanctites3
1128 1108 1181 1166 An
1205 1127 1277 1166 vero
1303 1111 1369 1168 sola

156 1187 178 1245 J
180 1185 282 1244 ustitia
296 1191 325 1242 et
346 1185 516 1242 obedientia
527 1184 636 1242 Christi
650 1184 736 1240 nobis
750 1184 922 1259 imputata?
964 1186 1138 1244 Adversarii
1152 1188 1236 1261 prius
1250 1187 1367 1260 volunt,

155 1265 188 1324 N
190 1283 223 1323 os
236 1263 393 1340 posterius,
409 1265 490 1338 quod
505 1263 643 1321 distincte
657 1263 892 1320 demonstraturi
905 1281 1019 1334 sumus,
1047 1266 1073 1321 1.
1090 1264 1195 1339 Quoad
1215 1265 1369 1339 justitiam

157 1345 362 1402 inhaerentem.
386 1341 413 1398 2.
428 1343 534 1418 Quoad
551 1342 738 1416 imputatam.
760 1340 806 1398 De
819 1341 885 1412 ista,
897 1341 1072 1410 Quaestione
1083 1344 1219 1418 sequenti
1235 1343 1369 1420 disputa·

159 1423 250 1479 bitur.
293 1420 338 1477 De
353 1420 500 1479 illanunc
513 1419 621 1495 agitur.

156 1541 287 1586 insatiam
324 1538 400 1590 snum.
461 1500 521 1559 IX.
552 1499 618 1558 Non
638 1519 724 1577 posse
757 1499 909 1559 Iustitiam
943 1500 1132 1560 inhaerentem
1160 1520 1224 1562 esse
1252 1521 1370 1562 causam

187 1605 402 1656 rentemnonpos-
421 1579 595 1640 meritoriam
606 1579 823 1660 justificationis
850 1587 957 1639 nostrae
978 1581 1143 1658 probamus,
1168 1585 1194 1640 1.
1224 1581 1299 1655 Quia
1319 1602 1369 1641 ne·

188 1672 214 1728 {³⁰
232 1671 330 1730 ΨΜ
346 1670 399 1726 ‘5³⁵⁰
420 1681 467 1720 mo
477 1661 655 1739 justificetur
675 1680 727 1737 per
750 1659 946 1738 imperfectam
962 1661 1122 1738 justitiam;
1148 1661 1290 1738 siquidem
1314 1663 1370 1722 Dei

185 1715 376 1832 ffiffffiissml
415 1741 559 1820 judicium
573 1748 619 1800 est
633 1740 790 1800 secundum
804 1739 965 1816 veritatem,
980 1749 1010 1800 et
1024 1741 1054 1799 in
1068 1761 1103 1800 eo
1116 1761 1175 1800 non
1190 1741 1275 1802 datur
1287 1742 1371 1802 loeus

161 1833 183 1880 1.
204 1833 269 1883 auls
294 1837 332 1878 est
356 1833 399 1875 im·
419 1821 650 1898 acceptilationi;
681 1840 734 1879 nec
750 1819 823 1898 Legi
838 1839 872 1879 ac
882 1821 1004 1898 justitiae
1019 1823 1083 1899 ejus
1096 1821 1175 1880 fraus
1189 1821 1251 1880 fieri
1264 1831 1370 1899 potest

224 1891 339 1949 pannea
423 1902 482 1962 Sed
496 1901 619 1962 Justitia
632 1900 775 1959 inhaerens
790 1919 847 1958 non
870 1909 916 1960 est
936 1901 1072 1978 perfecta,
1088 1921 1143 1960 nec
1163 1901 1294 1977 actualis,
1317 1923 1371 1962 nec

159 1981 336 2057 habitualis;
360 1983 425 2042 Non
439 1983 565 2057 actnols's,
582 1981 650 2058 quia
671 1981 701 2038 iu
715 1979 814 2039 multis
836 1979 1025 2059 impingimus
1040 2001 1148 2056 omnes,
1164 1983 1230 2042 Jac.
1245 1981 1285 2040 iii.
1298 1987 1325 2058 2,
1342 1991 1372 2042 et

160 2083 248 2121 nemo
263 2063 370 2140 estqui
385 2083 443 2121 non
457 2069 565 2140 peccet,
590 2060 759 2138 lReg.viii.
775 2063 824 2135 46,
840 2061 919 2137 quod
932 2081 991 2120 non
1005 2061 1146 2122 diffitetur
1159 2062 1221 2141 ipse
1233 2061 1370 2121 Bellarm.

160 2143 211 2202 lib.
226 2142 255 2201 ii.
271 2141 308 2200 de
329 2143 439 2203 Justifi.
461 2163 524 2219 cop.
548 2143 602 2218 16,
625 2141 692 2200 Non
712 2141 869 2215 habitualis,
892 2141 960 2218 quia
980 2141 1120 2219 perfectio
1143 2151 1172 2201 et
1193 2141 1371 2219 imperfectio

159 2231 250 2298 actus,
267 2222 373 2300 pendet
387 2244 404 2282 a
418 2222 592 2300 perfectione
607 2220 655 2280 vel
666 2219 881 2298 imperfectione
895 2221 1033 2296 babitus;
1057 2222 1096 2281 Et
1110 2222 1290 2298 regeneratio
1303 2241 1372 2282 nos·

162 2311 207 2361 tra
220 2303 268 2362 hic
283 2321 396 2380 semper
420 2302 588 2379 imperfecta
601 2309 653 2376 est,
679 2304 693 2358 1
711 2299 775 2359 Cor.
791 2299 853 2358 xiii.
871 2304 917 2378 12,
940 2310 970 2360 et
984 2301 1050 2361 Gal.
1066 2322 1095 2360 v.
1113 2305 1159 2360 17.
1203 2302 1265 2360 Nec
1278 2303 1372 2380 regeri

162 2381 252 2442 debet
266 2382 315 2440 vel
338 2382 571 2460 “perfectionem
592 2381 677 2440 istam
692 2379 886 2440 omnimodam
907 2381 1074 2458 requisitam
1096 2381 1185 2442 fuisse
1206 2381 1261 2440 sub
1283 2383 1371 2460 Lege,

162 2461 296 2522 sednon
320 2461 373 2520 sub
396 2462 587 2540 Evangelio.”
631 2461 705 2536 Quia
718 2459 859 2520 relaxatio
881 2460 1038 2538 quaefacta
1058 2470 1103 2521 est
1124 2462 1178 2520 sub
1200 2462 1372 2540 Evangelio,

162 2562 221 2601 non
237 2561 271 2600 eo
285 2541 388 2616 tendit,
414 2550 447 2601 ut
467 2542 634 2621 imperfecta
654 2540 771 2618 justitia
789 2560 842 2618 pro
856 2543 984 2618 perfecta
999 2549 1181 2619 acceptatur;
1219 2542 1282 2600 Deo
1297 2545 1373 2601 enim

162 2641 221 2681 uon
235 2629 330 2700 potest
345 2621 485 2697 satisfieri,
500 2621 557 2680 nisi
570 2641 622 2699 per
635 2621 791 2698 perfectam
801 2621 963 2698 justitiam3
986 2621 1038 2681 sed
1061 2623 1091 2680 in
1115 2641 1149 2680 co
1172 2621 1251 2698 quod
1265 2622 1374 2682 vicaria

162 2711 193 2762 et
207 2701 302 2760 aliena
311 2701 427 2778 justitia
442 2702 596 2780 sponsoris
610 2701 771 2760 admittitur
783 2721 835 2778 pro
849 2701 973 2779 propria
1016 2700 1073 2760 Vel
1100 2701 1281 2760 “Iustitiam
1295 2709 1373 2762 recte

162 2781 221 2842 dici
235 2781 403 2860 perfectam,
419 2782 487 2858 quia
501 2788 545 2840 est
559 2801 597 2841 ex
611 2781 746 2857 operibus
768 2781 832 2856 Dei,
856 2800 921 2857 qua
944 2800 1004 2838 uon
1018 2788 1141 2860 possunt
1154 2800 1212 2839 uon
1226 2799 1290 2840 esse
1308 2801 1373 2859 per·

163 2861 247 2938 fecta,
275 2862 343 2940 quia
367 2861 392 2921 Ο
412 2881 447 2920 us
462 2861 556 2939 Rupis
569 2859 758 2938 perfeetum,''
781 2861 868 2919 Deut.
884 2860 979 2918 xxxii.
995 2863 1023 2920 4.
1066 2859 1140 2918 Nam
1163 2860 1220 2918 alia
1242 2869 1286 2920 est
1299 2862 1374 2920 ratio

164 2961 291 3019 operum,
307 2961 372 3021 qnae
387 2883 468 3000 Laus
482 2941 646 3000 immediate
660 2961 711 3019 per
720 2958 751 3000 se
761 2940 838 3016 feeit,
851 2960 915 3017 quae
923 2947 1001 2999 recte
1009 2939 1136 3018 perfecta
1144 2939 1279 2999 dicuntur
1289 2940 1373 3000 abso·

164 3022 225 3081 luta
235 3029 264 3080 at
274 3021 450 3100 simpliciter,
463 3031 492 3082 et
502 3021 701 3097 mediatorum,
718 3041 783 3097 qua
797 3019 871 3080 fiunt
890 3019 1055 3080 interventu
1066 3029 1269 3096 creaturarum,
1288 3019 1374 3098 quale

165 3121 239 3180 opus
262 3109 306 3160 ast
324 3102 512 3180 regeneratis,
529 3122 593 3178 quse
608 3121 666 3160 uon
680 3101 778 3161 statim
791 3099 918 3178 perfecta
931 3108 1006 3176 suut,
1022 3099 1091 3178 quia
1116 3100 1196 3160 Deus
1210 3100 1374 3178 adreptum

164 3189 294 3242 nostrum
305 3182 450 3261 operando
463 3181 603 3260 paulatim
617 3181 668 3239 illa
681 3189 831 3259 promovet
845 3188 874 3239 et
887 3179 1007 3259 perficit.

268 3320 273 3330 ,
469 3262 512 3322 X.
535 3266 563 3321 2.
591 3261 666 3337 Quia
688 3259 865 3321 Justificatio
885 3267 985 3320 nostra
999 3259 1032 3320 fit
1046 3259 1270 3339 sinecperibus3
1294 3261 1374 3338 Ergo

166 3317 408 3422 ²‘duffffiossssfflu'
430 3351 460 3402 et
474 3343 536 3402 sine
546 3341 662 3421 justitia
686 3341 853 3416 inhaerente,
869 3360 933 3419 quas
954 3349 1016 3400 tota
1036 3341 1169 3401 consistit
1182 3339 1212 3399 in
1228 3341 1373 3419 operibns,

315 3391 331 3434 p
429 3422 478 3482 val
492 3423 522 3480 in
536 3422 684 3481 habitibus
703 3441 741 3480 ex
755 3420 860 3499 quibus
881 3440 976 3499 opera.
1019 3420 1098 3480 Loca
1120 3429 1188 3481 sunt
1201 3421 1296 3498 obvia,
1322 3422 1374 3480 vix

167 3501 244 3562 enirn
258 3502 413 3580 quicquam
435 3503 539 3580 saepius
564 3501 683 3576 dictum,
706 3509 735 3561 et
749 3501 929 3560 constantius
943 3510 1093 3578 assertum,
1108 3501 1182 3560 nihil
1207 3512 1284 3562 certe
1308 3522 1374 3580 pro-

166 3582 256 3642 lixius
282 3582 459 3661 disputatum
473 3605 480 3642 :
495 3581 581 3642 Rom.
607 3581 647 3640 iii.
673 3583 721 3656 20,
745 3583 762 3614 “
774 3581 822 3638 Ex
843 3581 978 3659 operibus
994 3582 1082 3660 Legis
1096 3583 1177 3642 nulla
1191 3603 1256 3642 cero
1268 3583 1375 3661 justifi-

166 3664 308 3738 cabitur,’'
330 3672 360 3722 et
373 3683 434 3722 ver.
458 3665 506 3739 28,
530 3666 548 3696 “
560 3661 731 3740 Colligimus
744 3660 890 3720 hominem
910 3657 1065 3740 justificari
1088 3663 1145 3722 fide
1165 3663 1226 3721 sine
1241 3663 1376 3740 operibus

170 3742 296 3818 Legis;''
319 3742 404 3817 Quod
418 3743 569 3803 confirmat
590 3742 695 3821 Apost.
717 3761 742 3800 c.
757 3741 797 3800 iv.
826 3744 853 3816 6,
877 3749 907 3800 et
932 3741 997 3803 Gal.
1023 3743 1052 3800 ii.
1070 3745 1116 3818 16,
1133 3751 1161 3802 et
1175 3742 1375 3820 alibipassim.

169 3821 231 3878 Nec
255 3822 302 3878 hic
329 3822 534 3900 reponendum,
557 3823 624 3882 Non
645 3821 763 3880 excludi
784 3822 880 3880 omnia
902 3841 989 3901 opera
1008 3822 1148 3896 absolute,
1171 3819 1223 3880 sed
1244 3820 1376 3896 quaedam

169 3906 290 3974 tantum,
302 3919 405 3978 nempe
421 3903 628 3963 caeremonialia
636 3927 648 3976 ,·
669 3901 718 3962 vel
732 3902 758 3961 si
771 3903 894 3962 merallu
908 3902 1110 3975 excluduntur,
1125 3899 1250 3976 intelligi
1264 3907 1376 3958 tanturn

171 3998 237 4056 quae
247 3981 414 4056 precedant
427 3983 519 4060 fidem
536 3992 566 4042 et
580 3983 712 4060 gratiam
727 3991 757 4042 et
772 4003 837 4060 qua
851 3983 925 4042 fiunt
937 3981 1022 4042 liberi
1047 3980 1159 4038 arbitrii
1181 3979 1301 4056 viribus,
1317 4000 1377 4038 non

171 4077 241 4118 vero
256 4078 320 4135 quaa
334 4059 408 4118 fiunt
422 4081 460 4118 ex
473 4061 531 4121 fide
542 4070 571 4121 et
585 4063 687 4140 gratia
731 4063 805 4138 Quia
819 4083 885 4121 cum
900 4060 1061 4138 Apostolus
1076 4058 1207 4118 absolute
1222 4067 1252 4118 et
1266 4059 1375 4137 simpli·

170 4139 243 4196 citer
256 4138 353 4197 omnia
366 4158 454 4217 opera
474 4141 611 4202 excludat
625 4144 735 4220 absque
749 4143 809 4202 ulla
829 4141 1009 4221 exceptione,
1025 4146 1156 4199 nocuum
1170 4157 1228 4196 non
1243 4148 1287 4198 est
1300 4139 1374 4196 limi-

170 4226 240 4293 tare,
257 4219 335 4297 quod
349 4218 398 4278 ille
413 4239 472 4278 non
485 4221 600 4282 limitat.
643 4223 682 4282 Et
705 4243 752 4282 res
772 4223 836 4300 ipsa
859 4221 915 4282 hoc
929 4220 1056 4296 evincit3
1072 4237 1110 4277 ax
1134 4217 1272 4277 antithesi
1300 4219 1376 4277 enim

171 4299 291 4376 opponit
305 4299 392 4357 fidem
407 4300 542 4379 operibus
556 4303 587 4362 in
600 4303 655 4362 hoc
669 4302 806 4382 negotio;
829 4301 916 4362 Unda
939 4302 1030 4379 liquet
1043 4298 1142 4359 omnia
1155 4297 1186 4357 in
1209 4296 1376 4358 universum

171 4398 258 4456 opera
272 4379 484 4459 qualiacunque
496 4383 562 4460 sint,
577 4392 607 4443 et
619 4403 678 4441 non
692 4391 770 4441 certa
780 4381 922 4461 quaedam,
934 4380 1069 4458 excludi;
1081 4379 1153 4438 alias
1166 4398 1226 4437 uon
1235 4378 1377 4455 potuisset

171 4459 340 4536 simpliciter
354 4480 499 4538 opponere
513 4472 683 4541 meantem,
694 4471 721 4521 et
729 4465 893 4537 credentem,
901 4465 1011 4538 facere,
1026 4468 1056 4520 et
1069 4461 1192 4535 medere,
1202 4459 1255 4518 sed
1268 4465 1378 4518 certum

172 4539 297 4600 faciendi
312 4559 406 4618 genus
421 4541 494 4600 aliis.
