3192 5206
241 393 352 446 oussr.
366 375 443 460 xum]
589 400 627 438 ns
643 399 774 440 reasons
787 401 824 439 ar
835 399 928 440 srlru
938 399 1064 440 cumen.
1390 387 1448 446 325

239 547 330 598 testas
346 537 439 615 Regia
452 559 505 598 nee
519 541 621 598 anirnae
634 561 688 600 nec
702 541 814 619 corpori
829 541 920 618 Regis
944 541 1089 618 competit,
1102 540 1153 599 sed
1167 542 1325 619 supposito.
1347 546 1443 604 Emer·-

240 620 299 677 cr'tii
312 638 381 677 vero
395 618 556 695 subjectum
569 629 614 680 est
624 629 745 698 utraque
772 629 883 696 natura,
900 621 1009 679 Divina
1022 621 1138 696 quidem
1152 641 1204 698 per
1218 641 1298 680 susm
1313 626 1442 702 omnipo·

239 699 360 757 tentiam
374 706 403 756 et
417 699 676 776 omnipraesentium
691 723 698 777 ;
713 701 840 759 humana
853 719 922 759 vero
931 720 983 777 per
996 699 1073 759 dona
1086 701 1136 758 illa
1150 701 1258 760 eximia
1266 711 1295 760 et
1310 704 1441 781 gloriam,

239 797 298 856 qua
312 797 398 855 snpra
412 797 511 837 omnes
526 779 678 839 Creaturas
692 781 807 840 eminet.

282 857 338 916 VI.
363 858 459 916 Sessio
483 879 552 936 ergo
576 860 632 919 ista
645 860 755 920 ratione
776 862 910 919 Peraeam
928 858 1060 919 consistit
1074 861 1103 917 in
1118 880 1229 919 summa
1243 861 1293 920 illa
1307 862 1400 939 gloria
1414 873 1443 924 et

239 945 381 1014 potestate
403 937 458 1014 ipsi
482 958 618 998 concessa
631 960 682 1017 per
696 940 920 1015 Exultationem,
935 959 987 1017 per
1005 958 1091 1016 quam
1110 940 1298 1018 inauguratus
1317 951 1361 1001 est
1376 943 1442 1002 Rex

237 1023 267 1075 et
278 1017 372 1094 Caput
383 1017 531 1077 Ecclesiae.
574 1019 698 1079 Ratione
713 1023 835 1078 Natura
848 1022 986 1094 bamam,
1002 1019 1031 1076 in
1046 1019 1139 1096 gloria
1153 1029 1182 1078 et
1195 1020 1381 1100 honoreque
1395 1043 1440 1080 or-

237 1104 306 1155 nata
319 1105 364 1156 est
380 1116 466 1174 supra
480 1117 580 1158 omnes
594 1109 746 1175 creaturas,
762 1107 792 1160 et
806 1119 863 1177 quo
877 1107 962 1159 antea
976 1099 1193 1158 destituebatur.
1237 1101 1360 1160 Ratione
1372 1121 1440 1161 vero

235 1177 338 1235 diuina
352 1177 382 1234 in
396 1177 626 1238 manifestatione
644 1180 780 1257 potentie
794 1189 823 1238 et
836 1178 1004 1257 majestatis,
1019 1198 1085 1256 quae
1099 1187 1184 1238 antea
1197 1181 1251 1240 sub
1266 1182 1332 1240 velo
1347 1184 1442 1242 carnis

238 1255 367 1332 infirma,
379 1265 410 1315 et
418 1258 532 1316 servilis
546 1259 719 1318 mnditionis
732 1260 864 1318 latuerat

276 1335 350 1395 VII.
380 1336 422 1396 Ut
437 1335 546 1413 Passio,
562 1339 644 1398 Mors
658 1344 687 1398 et
701 1339 857 1398 Crucifixio
876 1339 916 1398 ita
929 1339 1074 1416 pertinent
1088 1338 1126 1397 ad
1138 1347 1270 1398 naturam
1284 1341 1439 1400 humanam

234 1417 388 1492 anecme,
403 1425 437 1476 ut
457 1417 620 1477 tribuantur
640 1420 726 1478 etiam
742 1420 876 1478 Persona
890 1418 1112 1495 denominatim
1138 1439 1195 1497 quo
1210 1439 1296 1479 sensu
1310 1422 1440 1480 Actiones

234 1504 263 1553 et
272 1495 423 1556 Passiones
443 1506 508 1556 suat
526 1499 761 1575 suppositorum:
803 1500 850 1557 Ita
866 1498 971 1574 Sessio,
987 1518 1051 1576 qum
1065 1499 1171 1558 realem
1186 1499 1271 1558 infert
1282 1502 1439 1560 communi·

233 1575 376 1635 cntionem
389 1576 508 1636 honoris
522 1586 551 1636 et
565 1579 664 1655 gloriae
677 1579 788 1638 ratione
801 1588 911 1638 natura
921 1579 1063 1655 humana,
1079 1587 1161 1639 notat
1171 1579 1257 1638 etiam
1271 1580 1439 1640 relationem

236 1655 364 1714 Dominii
376 1664 405 1716 et
417 1657 581 1732 Potestatis,
597 1677 661 1735 quas
674 1659 808 1718 Personae
822 1659 937 1736 propria
947 1666 1000 1717 est

275 1735 366 1794 VIII.
392 1736 487 1811 Quum
512 1737 644 1797 Christus
668 1747 813 1815 spectatur
836 1737 1020 1815 Theologice,
1035 1745 1068 1796 ut
1081 1737 1161 1810 Λίγις
1172 1738 1348 1815 simpliciter,
1361 1749 1438 1800 recte

232 1813 339 1873 dicitur
353 1815 415 1893 ipsa
430 1815 486 1876 Dei
496 1816 607 1893 dextra,
623 1827 765 1895 quatenus
776 1817 896 1876 eandem
911 1835 976 1876 cum
989 1817 1074 1876 Patre
1084 1817 1308 1896 omnipotentem
1325 1819 1380 1878 Dci
1394 1841 1437 1878 cs·

233 1895 356 1953 sentiam
375 1895 545 1974 participat3
570 1897 628 1956 Sed
642 1917 731 1976 quum
745 1897 920 1956 oeconomice
935 1897 1132 1956 consideratus
1146 1907 1179 1956 ut
1194 1897 1346 1972 Mediator,
1361 1909 1439 1958 recte

228 1973 339 2033 dicitur
350 1975 449 2034 sedere
464 1976 500 2035 ad
515 1977 646 2035 dextram
663 1978 727 2036 Dei.
771 1977 869 2036 Priore
884 1995 970 2036 sensu
985 1977 1088 2036 dextra
1103 1977 1159 2036 Dei
1173 1977 1279 2036 dieitur
1292 1977 1328 2036 de
1340 1978 1440 2037 divina

233 2053 449 2132 omnipotentia,
466 2056 517 2115 sed
538 2057 689 2134 posteriori
700 2057 894 2134 metaphorice
917 2056 953 2115 de
977 2057 1097 2134 imperio
1112 2065 1141 2116 et
1155 2057 1357 2132 dominatione,
1373 2078 1438 2135 qum

230 2127 371 2193 'Personae
384 2136 498 2213 proprie
513 2137 658 2214 competit.
712 2136 812 2196 Potest
824 2136 911 2196 etiam
922 2136 1010 2195 tribui
1020 2146 1130 2196 natura
1141 2136 1248 2195 divinae
1260 2137 1290 2194 in
1298 2145 1436 2215 tempore.

232 2213 258 2270 si
272 2233 330 2272 non
344 2214 441 2292 quoad
453 2235 557 2274 novam
573 2217 614 2274 rei
636 2216 765 2275 nondum
779 2216 886 2274 habitae
900 2216 1102 2293 collationem,
1118 2223 1148 2275 at
1162 2216 1257 2294 quoad
1271 2217 1436 2277 manifesta·

232 2292 341 2351 tionem
350 2295 393 2352 rei
403 2303 489 2354 antea
498 2296 615 2373 quidem
629 2296 745 2370 habita,
761 2295 1052 2355 sededhuelatentis.

275 2371 334 2431 IX.
364 2374 446 2435 Licet
460 2375 497 2433 ad
512 2375 668 2434 Potestatis
682 2375 797 2435 Christo
812 2395 956 2434 concessa
970 2375 1148 2451 exercitium,
1164 2376 1325 2452 requiratur
1345 2377 1436 2436 omni·

233 2453 362 2528 potentia
375 2462 404 2512 et
418 2455 667 2531 omnipraesentia;
698 2455 764 2514 Non
785 2455 915 2532 sequitur
928 2475 977 2514 eas
991 2464 1100 2515 naturae
1114 2457 1248 2514 humanae
1264 2455 1372 2515 Christi
1386 2457 1437 2515 da·

235 2539 281 2590 tas
294 2551 357 2591 csse
372 2554 379 2609 ;
405 2533 510 2593 suffieit
527 2543 560 2594 ut
575 2535 682 2594 Christi
708 2535 864 2613 Supposito
890 2543 1055 2612 competant
1067 2537 1179 2594 ratione
1192 2543 1304 2594 naturae
1318 2535 1435 2596 divine.

233 2611 272 2670 Et
286 2611 326 2670 ita
339 2621 442 2672 natura
454 2614 580 2673 humana
591 2615 667 2674 facta
680 2622 725 2674 est
738 2615 882 2692 particeps
896 2615 981 2674 istius
995 2615 1117 2692 Imperii
1125 2615 1177 2674 sed
1190 2635 1243 2691 pro
1256 2615 1343 2674 modo
1357 2635 1435 2675 crea·

234 2699 315 2767 tura,
331 2693 426 2768 qualis
440 2713 553 2771 semper
565 2703 671 2754 manet.
714 2695 848 2753 Potentia
862 2703 891 2754 et
905 2695 1086 2771 operationes
1101 2695 1234 2770 Deitatis,
1251 2695 1357 2772 quibus
1370 2715 1435 2773 reg-

230 2791 300 2828 uum
315 2791 399 2831 suum
414 2773 538 2850 gloriose
552 2774 742 2849 administrat,
758 2782 825 2832 sunt
839 2774 955 2850 divina,
971 2775 1097 2851 aequales
1112 2775 1194 2848 De0;
1220 2775 1289 2851 quia
1302 2775 1364 2851 ipse
1378 2795 1436 2852 qua

233 2851 313 2910 Deus
324 2853 443 2929 aequalis
454 2863 498 2912 est
508 2853 597 2912 Patri.
623 2853 681 2912 Sed
691 2853 878 2912 humanitatis
893 2853 1028 2928 actiones,
1044 2852 1229 2930 perfectiores
1238 2852 1355 2931 quidem
1366 2863 1434 2914 sunt

228 2929 392 2990 actionibus
407 2941 574 2992 caetersrum
588 2941 782 2992 creaturarum
798 2978 805 3009 ,
820 2952 878 2991 non
892 2940 989 2992 tamen
1004 2933 1128 3009 aeqnales
1143 2932 1259 3007 divinis,
1272 2934 1340 3009 quia
1354 2934 1436 2994 sedet

228 3011 347 3086 quidem
366 3012 404 3070 ad
423 3012 555 3072 dextram
570 3013 626 3072 Dei
641 3013 798 3072 secundum
812 3020 963 3090 utramque
977 3021 1117 3087 naturam,
1128 3012 1180 3071 sed
1194 3012 1275 3070 salva
1284 3012 1434 3090 utriusque

231 3097 340 3150 naturae
351 3091 482 3152 veritate.

229 3207 336 3259 (ΜΟ
385 3213 468 3257 seuere
525 3172 568 3232 X.
581 3173 661 3231 Hinc
669 3171 754 3232 facile
762 3171 953 3250 respondetur
966 3171 1003 3230 ad
1013 3171 1216 3247 Quaestionem,
1232 3190 1297 3248 quse
1311 3170 1359 3230 hic
1373 3191 1433 3231 mo-

260 3271 363 3325 eoepent
385 3269 468 3315 chrts-
488 3253 551 3311 veri
565 3253 639 3312 solet
653 3253 689 3312 de
703 3259 831 3330 ternpore
848 3251 991 3311 Sessionis
1006 3251 1122 3326 Christi,
1137 3269 1189 3310 seu
1203 3251 1318 3329 quando
1333 3252 1433 3312 sedere

227 3349 230 3354 ·
259 3329 342 3430 3²23&
353 3329 464 3374 dextram
485 3352 529 3391 cos
567 3333 604 3391 rit
627 3336 642 3391 f
666 3331 716 3390 An
738 3333 775 3392 ah
790 3335 919 3392 eterno?
933 3341 965 3392 ut
979 3332 1113 3406 Thomas,
1130 3331 1325 3406 Maldonatus,
1341 3341 1371 3391 et
1384 3332 1434 3392 alii

225 3435 228 3442 ¹
282 3399 295 3431 ⁰
490 3431 529 3471 vo
541 3421 601 3486 unt,
612 3412 662 3490 qui
671 3413 828 3472 sessionem
838 3411 1062 3489 interpretantur
1072 3410 1107 3470 de
1118 3411 1356 3488 aequalitateFilii
1367 3431 1432 3472 cum

229 3490 325 3565 Patre,
368 3491 417 3550 Αιι
431 3510 501 3551 vero
515 3492 626 3570 abipso
638 3492 1004 3552 Incamationismomento
1018 3494 1032 3549 f
1058 3499 1093 3550 ut
1106 3491 1251 3568 Brentius,
1267 3499 1296 3550 et
1307 3491 1432 3569 quicum

226 3579 397 3647 sequuntur,
416 3573 578 3631 Sessionem
603 3573 688 3631 istam
713 3571 884 3649 exponendo
898 3571 935 3629 de
951 3571 1065 3631 Unione
1089 3571 1234 3649 personali
1257 3572 1352 3630 carnis
1366 3592 1432 3632 cum

228 3651 311 3728 Ao'yq,
327 3661 356 3710 et
370 3652 628 3712 communicatione
642 3652 848 3730 proprietatum
871 3651 902 3709 in
920 3671 1044 3726 carnem,
1087 3651 1137 3708 An
1157 3671 1227 3711 vero
1241 3659 1353 3710 tantum
1367 3659 1434 3730 post

227 3732 464 3792 resurrectionem
480 3741 509 3790 et
523 3732 719 3791 ascensionem
731 3735 746 3790 f
759 3731 838 3808 quod
852 3751 917 3790 cum
932 3731 1109 3791 Omhodoxis
1121 3731 1283 3790 statuimus.

271 3811 330 3869 XI.
360 3812 466 3888 Primo,
482 3813 551 3888 quia
566 3812 714 3889 Scriptura
728 3829 864 3888 expresse
881 3811 1044 3870 Sessionem
1059 3811 1166 3870 Christi
1180 3819 1246 3888 post
1260 3812 1324 3887 ejus
1338 3829 1430 3869 resur-

228 3891 384 3949 rectionem
404 3900 434 3950 et
454 3893 652 3951 ascensionem
666 3891 796 3966 collocat,
813 3891 888 3968 Eph.
903 3890 921 3949 i.
937 3893 985 3950 20.
1001 3891 1092 3949 Marc.
1107 3890 1168 3948 xvi.
1186 3893 1232 3966 19,
1249 3889 1324 3948 Heb.
1340 3909 1369 3946 x.
1384 3893 1429 3966 12,

232 3969 247 4024 l
272 3969 333 4027 Pet.
358 3970 398 4027 iii.
423 3974 471 4044 21,
487 3975 536 4030 22.
570 3971 712 4046 Secundo,
728 3969 797 4048 qnia
810 3979 854 4030 est
864 3971 974 4030 fmetus
986 3969 1201 4029 Exinanitionis
1215 3978 1244 4027 et
1254 3968 1354 4027 mortis
1368 3969 1431 4045 ejus

231 4045 307 4106 ch.
322 4049 341 4107 i.
357 4051 384 4123 3,
400 4059 428 4109 et
443 4051 493 4125 xii,
508 4056 537 4109 2.
561 4051 669 4126 Tertio,
684 4052 821 4127 quianon
834 4050 928 4128 potuit
939 4051 1073 4128 Regnum
1089 4048 1291 4107 Mediatorium
1305 4047 1431 4124 gloriose

229 4125 437 4204 administrare,
450 4131 506 4190 nisi
520 4131 606 4190 victis
619 4131 753 4191 hostibus
764 4131 794 4189 in
808 4133 898 4190 Cruce
913 4138 942 4189 et
954 4129 1143 4189 Ascensione.

271 4206 349 4266 XII.
371 4209 502 4268 Christus
523 4211 640 4287 quidem
664 4231 723 4288 qua
745 4211 827 4282 Aleos
840 4211 878 4269 ab
902 4219 1009 4269 aeterno
1033 4207 1088 4267 fuit
1111 4225 1176 4265 cum
1192 4205 1285 4282 Patre,
1302 4205 1353 4264 sed
1372 4225 1431 4266 non

229 4283 295 4344 ideo
316 4293 411 4364 potest
434 4289 492 4347 dici
506 4290 614 4350 sedisse
628 4291 666 4349 ad
677 4291 808 4350 dextram
823 4289 888 4366 Dei,
900 4309 935 4348 eo
946 4307 1032 4348 sensu
1047 4307 1104 4365 quo
1121 4287 1219 4345 Sessio
1233 4286 1276 4344 illi
1295 4286 1431 4346 tribuitur

228 4374 295 4442 post
315 4368 559 4446 resurrectionem,
573 4389 627 4448 pro
648 4371 775 4448 glorioso
796 4378 872 4428 statu
894 4367 1072 4427 Mediatoris.
1115 4367 1269 4444 Regnabat
1289 4373 1322 4424 ut
1336 4365 1430 4426 Filius

229 4443 260 4502 in
285 4463 377 4524 regno
403 4455 523 4524 natura,
539 4449 590 4508 sed
613 4469 673 4508 non
696 4457 729 4509 ut
741 4449 895 4530 Magarsa
922 4448 953 4505 in
966 4467 1056 4525 regno
1071 4447 1255 4506 oeconomico.
1299 4444 1430 4505 Christus

229 4544 288 4602 qna
302 4525 449 4585 Mediator
459 4535 554 4603 potest
567 4529 625 4588 dici
637 4529 762 4607 quodam
777 4548 863 4589 sensu
879 4527 988 4587 sedisse
999 4527 1036 4586 ad
1051 4527 1181 4587 dextram
1198 4526 1253 4584 Dei
1267 4534 1300 4584 ut
1322 4523 1431 4606 ἄτιμος

225 4605 314 4665 etiam
337 4613 404 4666 ante
420 4605 657 4684 Incamationem,
673 4609 740 4669 inde
761 4610 798 4668 ab
811 4609 893 4667 initio
906 4607 1016 4682 mundi,
1031 4608 1100 4685 quia
1113 4625 1225 4684 semper
1238 4606 1292 4664 fuit
1302 4615 1389 4682 caput
1402 4615 1432 4665 et

226 4705 279 4744 rex
295 4686 444 4764 Ecclesiae,
457 4685 506 4762 qui
528 4707 590 4747 eam
605 4688 778 4766 gubernavit
791 4697 821 4748 et
835 4687 971 4762 defendit,
985 4687 1061 4748 Psal.
1074 4689 1103 4748 ii.
1119 4690 1146 4762 6,
1163 4687 1239 4745 fieb.
1250 4685 1311 4744 xiii.
1327 4685 1356 4742 8.
1373 4685 1430 4744 Sed
1499 4756 1507 4772 ·
