3152 5198
140 365 256 408 QUAEST.
273 347 354 426 vnn]
593 361 632 404 nr
647 359 906 402 resrrriesrionn.
1294 339 1352 395 593

141 506 232 580 Legis
247 506 423 582 quaerebant
444 506 555 563 vitum:
583 505 662 574 erid
682 503 833 577 flammans,
850 501 995 569 dicebaut,
1024 512 1056 558 ut
1084 520 1236 576 operemur
1259 520 1350 576 opera

141 583 225 643 Dei?
265 584 349 642 Huic
362 583 491 641 sermoni
515 583 620 657 Legali
634 582 793 657 respondet
806 579 905 647 lesus,
922 597 982 634 non
1005 579 1164 654 Legnliter‚
1179 579 1231 635 sed
1250 578 1348 636 Evan-

139 665 242 737 gelice‚
258 665 336 737 stylo
352 668 448 720 tamen
471 661 586 735 begali,
600 661 732 735 phrasim
752 659 879 732 legalem
894 677 930 714 cx
951 675 1086 715 sermone
1106 657 1287 714 ludaeorum
1303 677 1348 715 ar·

141 743 286 817 ripiend0‚
302 748 332 799 et
345 740 471 798 sermoni
486 759 542 796 suo
555 741 743 814 applicando,
757 735 823 794 Hoc
843 747 884 794 est
897 755 966 811 opus
988 735 1047 796 Dei
1067 747 1101 794 ut
1114 735 1243 806 credatu,
1260 735 1348 792 iunu-

140 840 193 878 ens
207 821 328 876 nullum
341 817 471 893 amplius
486 837 561 892 opus
574 817 771 876 necessarium
785 833 847 872 esse
862 815 1039 872 adsalutem
1052 815 1274 892 acquirendam,
1296 816 1348 872 sed

142 917 234 956 unam
248 899 337 955 fidem
351 898 417 953 loco
429 897 564 953 omnium
578 915 703 971 operum
717 893 911 952 substitutam
922 911 984 950 esse
995 895 1034 951 ad
1047 912 1112 950 eam
1128 893 1328 968 accipiendam
1340 915 1347 960 ;

144 977 230 1051 quasi
244 976 333 1044 dicat,
343 975 503 1032 Facessant
517 993 615 1049 opera,
630 980 750 1032 tantum
764 972 882 1043 credite,
898 973 955 1028 hoc
969 990 1052 1047 opus,
1064 973 1113 1030 hic
1126 973 1218 1030 labor.
1252 972 1346 1029 Plane

143 1063 177 1111 ut
191 1073 271 1127 aegro
286 1053 406 1128 petenti,
422 1072 482 1128 quo
497 1055 617 1109 demum
629 1054 789 1127 pharmaco
804 1050 842 1107 sit
864 1050 1079 1122 convaliturus,
1100 1051 1125 1108 si
1146 1050 1283 1108 Medicus
1303 1069 1348 1106 re-

142 1135 280 1206 spondet,
295 1131 365 1188 Hoc
378 1139 423 1189 est
444 1134 647 1207 pharmacum,
659 1131 741 1205 quod
755 1129 912 1204 praescribo
926 1129 990 1198 tibi,
1006 1135 1040 1186 ut
1058 1129 1200 1203 quiescas,
1224 1135 1254 1185 et
1276 1128 1349 1185 mihi

142 1210 291 1280 confidas3
306 1227 367 1266 non
378 1211 445 1268 vult
458 1210 591 1280 innuere,
606 1210 736 1284 quietem
747 1217 776 1265 ct
787 1207 928 1264 fiduciam
941 1207 1025 1264 illam
1040 1225 1102 1264 esse
1116 1208 1278 1266 remedium
1293 1207 1348 1264 ali-

150 1291 224 1362 uod
238 1306 299 1362 quo
313 1289 351 1344 sit
365 1288 579 1356 convaliturus,
595 1289 645 1345 sed
660 1288 691 1344 id
702 1293 821 1344 tantum
831 1286 906 1355 vult,
921 1285 1007 1342 nullo
1019 1303 1094 1360 opus
1104 1304 1166 1344 esse
1178 1288 1348 1360 pharmaco.

141 1308 194 1424 dtu
208 1367 360 1441 Scriptura
373 1367 496 1423 nomina
510 1384 619 1436 rerum,
634 1365 743 1440 quibus
757 1363 916 1421 efficaciam
930 1369 960 1419 et
983 1364 1110 1437 pretium
1131 1383 1276 1438 magnum
1295 1366 1349 1421 ho-

143 1446 237 1502 mines
251 1444 419 1502 attribuunt
431 1445 517 1514 falso,
532 1463 611 1519 saepe
624 1443 731 1502 tribuit
743 1443 778 1500 iis
792 1442 888 1512 rebus,
904 1461 971 1516 quse
986 1460 1053 1499 vere
1075 1449 1147 1499 sunt
1170 1443 1299 1500 efficaces
1320 1449 1350 1500 et

143 1523 288 1598 pretiosae,
304 1529 338 1578 ut
353 1521 552 1598 Evangelium
567 1521 958 1595 vocaturLex‚q11iaquod
973 1521 1036 1578 Lex
1050 1520 1178 1596 petebat,
1191 1519 1350 1596 Evangeli-

143 1621 195 1658 um
207 1603 318 1668 donat;
340 1603 422 1676 quod
437 1601 458 1659 J
461 1601 539 1660 udaei
552 1600 664 1658 frustra
677 1601 851 1675 quaerebant
863 1598 895 1654 in
917 1599 1006 1673 Lege,
1021 1618 1073 1674 per
1085 1598 1286 1672 Evangelium
1301 1601 1352 1655 ob-

145 1681 265 1738 tinetur.
300 1678 349 1737 sio
358 1681 543 1753 regeneratio
554 1679 664 1736 dicitur
674 1677 865 1748 circumcisio,
881 1675 958 1734 Phil.
973 1676 1013 1735 iii.
1030 1678 1057 1748 3,
1072 1677 1173 1738 fideles
1188 1677 1242 1736 filli
1253 1678 1351 1736 Abra·

144 1759 200 1827 hee,
217 1756 354 1817 Charitas
368 1765 398 1814 et
412 1759 505 1832 pietas
519 1757 688 1832 Jejunium,
705 1757 765 1814 Isa.
779 1756 862 1826 lviii,
878 1762 908 1813 et
920 1756 993 1814 fides
1008 1775 1091 1832 opus.

187 1836 318 1893 XXIII.
342 1835 492 1894 Caeterum
512 1855 571 1894 non
594 1836 681 1893 anxie
702 1834 898 1910 quarendum
911 1842 1060 1910 putamus,
1087 1835 1223 1893 An‘fides
1245 1835 1353 1892 instru-

145 1915 236 1971 menti
250 1917 403 1971 notionem
416 1915 524 1972 induat
534 1915 564 1971 in
579 1915 637 1971 hoc
647 1915 767 1988 negotio
780 1935 787 1982 ;
810 1913 862 1969 An
873 1913 963 1970 etiam
977 1914 1164 1984 conditionis,
1177 1922 1211 1972 ut
1221 1916 1352 1972 nonnul·

144 1993 181 2050 lis
195 1993 321 2050 videtur.
365 1992 445 2059 Quia
458 2000 621 2068 utrumque
636 1993 681 2050 illi
692 1992 784 2050 tribui
797 1991 874 2050 nihil
888 1991 1005 2060 obstat;
1027 1995 1117 2050 modo
1138 1992 1269 2050 conditio
1292 2011 1353 2050 non

144 2071 562 2146 sumaturproe0,edc11jus
580 2071 724 2128 intuitum
739 2071 822 2128 Deus
845 2069 997 2126 hominem
1018 2072 1161 2146 justificet
1179 2071 1211 2128 in
1231 2071 1353 2130 Foedere

147 2149 271 2222 Legali:
301 2147 370 2205 Hoc
383 2168 472 2207 sensu
486 2150 567 2206 enim
581 2167 641 2206 non
652 2148 819 2224 potestdici
833 2147 974 2218 conditio,
990 2149 1047 2206 nisi
1067 2150 1225 2208 accedatur
1240 2151 1278 2206 ad
1300 2149 1353 2207 So·

149 2227 282 2284 cinianos
291 2233 321 2283 et
335 2226 589 2298 Remonstrantes,
601 2226 654 2301 qni
665 2227 773 2286 volunt
787 2227 875 2283 fidem
884 2243 936 2282 seu
946 2233 1046 2286 aetum
1055 2227 1194 2288 credendi
1206 2227 1325 2285 admitti
1337 2247 1355 2285 a

146 2305 210 2362 Deo
224 2323 277 2379 per
290 2305 544 2380 acceptilationem
565 2324 619 2380 pro
638 2305 769 2380 perfecta
784 2303 911 2380 justitia,
926 2307 1007 2379 quod
1032 2309 1123 2364 modo
1137 2305 1354 2367 refutavaus:

147 2383 206 2440 Sed
221 2383 280 2440 late
295 2400 349 2456 pro
363 2401 398 2439 oo
410 2384 492 2441 omni
505 2385 586 2458 quod
600 2383 761 2460 requiritur
775 2403 794 2442 a
807 2389 890 2459 parte
905 2391 1007 2441 nostra
1026 2386 1064 2444 nd
1080 2385 1275 2444 obtinendum
1298 2385 1355 2442 hoc

146 2460 331 2528 beneficium,
347 2461 408 2517 sive
421 2463 530 2520 habeat
543 2461 687 2519 rationem
704 2481 800 2519 causae
814 2461 933 2537 proprie
947 2462 1044 2534 dictae,
1055 2465 1103 2521 vel
1115 2470 1232 2521 tantum
1247 2463 1355 2521 instru-

146 2538 296 2595 mentalis.
339 2537 387 2596 sic
400 2541 480 2596 enim
493 2547 528 2597 ut
541 2539 673 2597 conditio
687 2541 745 2597 ista
758 2542 849 2598 habet
862 2547 941 2609 «χιιι,
952 2539 1145 2599 instrumenti
1156 2562 1164 2610 ;
1187 2541 1237 2600 Ita
1247 2541 1355 2599 instru-

146 2623 281 2673 mentum
295 2615 385 2674 habet
397 2618 544 2676 rationem
564 2617 773 2676 conditionisa
793 2625 877 2694 parte
899 2620 1001 2689 nostri,
1017 2620 1155 2696 sineque
1174 2637 1237 2676 non
1258 2627 1356 2693 potest

145 2694 211 2752 dari
220 2693 404 2769 justificatio.
448 2695 541 2754 Porro
556 2697 593 2753 de
607 2698 697 2754 modo
712 2716 772 2772 quo
787 2697 936 2754 concurrit
950 2697 1023 2755 fides
1045 2700 1083 2754 sd
1100 2696 1354 2771 justificationem,

145 2774 226 2830 etde
241 2772 349 2847 triplici
364 2775 430 2848 ejus
451 2781 529 2844 actu,
544 2774 745 2848 dispositoris,
766 2775 978 2849 justificatorio
999 2782 1029 2832 et
1052 2773 1262 2845 consolatorio,
1288 2775 1355 2832 vide

145 2853 226 2926 quod
240 2851 354 2909 dictum
369 2860 413 2910 est
427 2852 507 2911 Loco
523 2851 594 2910 XV.
612 2851 648 2922 Q.
663 2853 708 2923 12,
730 2853 785 2911 Th.
799 2853 827 2912 4.

598 3138 792 3213 QUAESTIO
814 3137 903 3196 VIII.

312 3295 357 3353 dn
378 3299 439 3354 sola
460 3297 546 3356 Fida
559 3299 718 3376 justpieet!
739 3297 851 3357 Affirm.
875 3305 974 3358 contra
996 3295 1171 3358 Pontificios.

188 3449 212 3510 1.
235 3451 363 3528 Quaestio
387 3456 475 3515 etiam
497 3457 554 3516 ista
578 3477 643 3516 cum
669 3457 829 3518 Pontificiis
853 3457 937 3517 nobis
958 3459 1118 3533 intercedit,
1133 3458 1255 3536 quinon
1270 3458 1356 3518 modo

145 3549 246 3591 verum
260 3533 378 3593 modum
388 3536 605 3612 justificationis
618 3536 687 3596 fidei
702 3546 896 3616 corrumpunt,
912 3557 1048 3598 excausa
1062 3539 1281 3614 Instrumentali,
1297 3559 1355 3598 me·

144 3610 281 3689 n'toriam,
297 3615 345 3672 vel
358 3615 460 3675 saltem
472 3616 675 3694 dispositivam
689 3618 842 3695 lingentes,
859 3617 910 3678 sed
924 3627 954 3677 et
968 3619 1088 3679 comites
1102 3639 1136 3678 ec
1150 3621 1243 3680 socias
1257 3619 1288 3678 in
1301 3621 1357 3678 hoc

146 3701 212 3751 actu
226 3693 299 3752 allas
313 3695 437 3755 virtutes
448 3696 492 3754 illi
506 3696 703 3774 adjungendo.
747 3697 832 3758 Unde
854 3706 917 3757 orta
931 3699 1136 3760 Controversia
1150 3700 1186 3759 de
1199 3703 1261 3758 sola
1285 3701 1358 3757 Fide

146 3771 330 3862 Jaso'sicante,
359 3793 424 3852 quae
445 3785 550 3836 utnon
564 3777 683 3835 minoris
697 3785 742 3836 est
756 3777 893 3836 momenti
907 3778 1105 3856 precedente;
1128 3779 1242 3837 Itanon
1253 3777 1361 3836 minori

147 3867 307 3908 annnorum
321 3856 504 3916 contentione
518 3857 653 3935 agitatur.

206 3993 211 4006 ,
448 3935 491 3993 II.
514 3937 580 3997 Non
593 3957 693 3996 recens
706 3945 776 3996 nata
788 3946 833 3997 est
848 3938 976 4013 Quaestio
991 3937 1150 3995 novissimo
1164 3937 1220 3996 isto
1236 3937 1334 3996 seculo
1347 3959 1354 4012 ;

168 3992 359 4098 Onffissonfflm'
407 4014 458 4072 sed
468 4015 531 4087 jam
540 4017 577 4074 ab
592 4017 654 4094 ipso
666 4017 829 4094 ReligIonis
841 4017 1011 4076 Christiana
1022 4017 1151 4092 exordio,
1163 4036 1214 4094 per
1226 4017 1356 4076 Pseudo·

409 4091 567 4170 Apostolos
590 4115 641 4154 seu
664 4097 842 4156 Christianos
866 4094 1066 4165 Judaizantes,
1081 4096 1131 4174 qui
1155 4115 1214 4155 non
1234 4096 1357 4156 adversa

146 4167 239 4228 fronte
252 4168 340 4229 fidem
351 4171 562 4250 adoriebantur,
575 4185 607 4234 ut
617 4176 764 4251 Pharum,
776 4175 828 4236 sed
838 4196 856 4235 a
865 4177 963 4252 latere,
980 4175 1091 4235 exitiali
1104 4175 1231 4236 mixtura
1247 4177 1356 4254 Legem

145 4263 211 4306 enm
227 4247 398 4328 Evangelio,
415 4253 527 4313 Mosem
551 4275 615 4314 cum
641 4257 765 4331 Christo,
789 4265 818 4316 et
840 4255 943 4315 Fidem
957 4275 1022 4316 cnm
1038 4255 1180 4334 Operibus
1193 4256 1224 4314 in
1238 4257 1356 4334 negotio

141 4327 359 4402 justificationis
373 4333 580 4404 consociantes,
595 4343 628 4396 ut
641 4336 728 4395 bomo
748 4355 807 4394 non
829 4337 892 4396 sola
904 4337 970 4413 fide,
987 4335 1038 4396 sed
1062 4337 1149 4396 simul
1162 4337 1249 4396 etiam
1264 4337 1355 4414 operi-

146 4407 199 4467 bns
216 4406 371 4480 justificari
391 4409 504 4472 debeat.
547 4414 699 4475 Adversus
718 4435 791 4492 quos
815 4416 976 4494 Apostolus
1003 4417 1132 4494 disputat
1158 4417 1189 4474 in
1217 4417 1357 4494 Epistolis

145 4486 183 4546 ad
194 4487 324 4564 Galatas,
341 4491 543 4571 Philippenses
557 4503 586 4554 et
601 4495 796 4555 Colossenses.
825 4495 911 4571 Quod
923 4495 1039 4556 bodies
1053 4496 1213 4557 Pontificiis
1227 4505 1356 4574 urgetur,

144 4567 194 4645 qui
209 4587 274 4626 cum
288 4570 355 4647 fide,
378 4572 532 4649 Timorem,
560 4577 656 4653 Spem,
680 4574 882 4651 Dilectionem‚
905 4575 1117 4651 Poenitentisrm,
1140 4586 1169 4636 et
1189 4597 1273 4636 novsa
1287 4579 1356 4638 sitae

142 4649 329 4728 propositum,
346 4652 383 4714 ad
392 4652 630 4727 justificationem
655 4675 823 4715 concurrere
842 4655 1024 4732 pertendunt.
1066 4657 1176 4717 Canon.
1190 4656 1236 4797 ini³
1247 4656 1356 4718 Concil.

185 4746 260 4788 rsus
282 4749 313 4791 n.
1258 4755 1275 4796 r
