3186 5210
163 423 166 430 .
242 377 299 434 ste
644 389 735 430 cocus
751 389 879 428 uncinus
894 389 1028 437 aururus.
1233 369 1359 450 [acuar.
1376 389 1447 429 xrn.

242 533 349 591 Filium
370 531 425 590 Dei
440 529 604 605 Viventis,’'
634 538 670 606 et,
684 551 746 608 cap.
769 531 830 588 xiv.
854 533 902 604 20,
927 529 1058 588 Christus
1078 531 1153 588 hano
1168 530 1362 608 cognitionem
1377 531 1445 608 ipsis

241 613 384 686 vendicat,
402 615 419 645 “
432 610 468 667 In
478 611 529 668 illo
543 611 590 669 die
605 611 786 688 cognoscetis
800 630 846 667 me
861 630 923 668 esse
938 611 969 667 in
984 610 1069 668 Patre
1082 629 1156 686 meo,
1182 620 1212 670 et
1235 629 1289 668 vos
1304 611 1335 668 in
1348 630 1403 683 me,
1419 620 1446 670 et

241 713 286 751 me
302 693 331 749 in
345 691 459 750 vobis.'’
502 689 544 748 At
558 691 689 750 Christus
702 691 814 749 habitat
828 689 859 748 in
882 690 966 748 nobis
979 708 1031 765 per
1048 689 1143 764 fidem,
1159 710 1213 750 nec
1236 710 1290 748 nos
1305 709 1405 748 sumus
1418 690 1445 746 in

243 773 357 831 Christo
372 771 428 830 nisi
442 789 494 848 per
507 769 602 846 fidem,
619 770 686 828 Non
699 779 795 846 potest
809 790 879 846 ergo
902 769 1039 846 cognosci
1063 770 1196 829 Christus
1220 789 1284 828 essa
1310 769 1339 826 in
1354 769 1444 842 nobis,

241 852 298 910 nisi
313 870 521 929 cognoscamus
534 869 587 907 nos
601 849 707 908 hahere
721 848 816 908 fidem.
860 849 899 908 Et
912 869 948 908 ne
963 850 1028 926 quis
1042 849 1096 908 hoe
1111 850 1148 908 ad
1162 849 1347 927 privilegium
1362 869 1445 926 pecu·

241 931 312 990 liare
328 931 479 1008 Apostolis
493 927 605 1004 raserat,
623 929 730 988 Paulus
754 928 887 988 extendit
910 929 947 986 ad
971 948 1079 1003 omnes,
1097 933 1111 986 1
1130 930 1194 987 Cor.
1209 929 1239 987 ii.
1261 933 1307 1003 12,
1325 931 1343 960 “
1355 931 1445 987 Aeca-

241 1012 337 1090 pimus
353 1011 491 1087 Spiritum
506 1009 556 1084 qui
570 1016 615 1067 est
628 1029 665 1067 cx
681 1009 753 1084 Deo,
768 1017 801 1068 ut
816 1009 940 1068 sciamus
954 1027 1019 1084 quae
1045 1010 1125 1068 Deus
1147 1009 1231 1066 nobis
1245 1017 1290 1067 est
1303 1008 1445 1084 gratifica·

242 1093 319 1150 tus.”
362 1091 423 1148 Nee
437 1087 516 1146 aliud
540 1088 634 1148 innuit
648 1089 788 1165 Christus,
815 1087 908 1165 Apoc.
934 1089 963 1147 ii.
982 1091 1026 1160 17,
1052 1088 1167 1166 quando
1182 1109 1281 1148 noman
1302 1109 1400 1146 novum
1417 1108 1445 1146 se

242 1171 446 1246 inscriptorum
460 1167 613 1244 pollicetur
634 1169 663 1226 in
677 1169 789 1228 calculo
810 1169 876 1226 albo
898 1167 1009 1226 Victori
1037 1169 1141 1242 dando,
1159 1170 1177 1200 “
1188 1169 1266 1245 quod
1279 1188 1364 1226 nemo
1379 1187 1445 1244 cog·

242 1251 354 1308 niturus
369 1250 415 1322 sit,
431 1247 486 1306 nisi
500 1247 551 1325 qui
564 1248 700 1326 aceepit.”
743 1248 893 1324 Quomodo
915 1267 984 1306 vero
998 1267 1102 1307 nomen
1123 1246 1197 1307 illud
1218 1247 1355 1306 eximium
1374 1248 1445 1306 filio·

243 1349 307 1388 rum
322 1328 386 1402 Dei,
403 1327 481 1405 quod
498 1327 621 1404 Spiritus
638 1329 667 1389 S.
697 1329 797 1387 scribit
810 1329 841 1386 in
866 1327 953 1386 eorde
982 1338 1079 1387 nostro
1104 1337 1251 1401 renovato,
1268 1337 1404 1404 tanquam
1419 1329 1448 1384 in

243 1409 354 1467 calculo
368 1409 435 1466 albo
450 1406 639 1467 absolutionis
662 1418 777 1483 nostrae,
790 1416 819 1466 et
833 1406 1050 1484 glorificationis
1061 1407 1220 1468 certissimo
1235 1408 1339 1482 indice,
1351 1417 1447 1484 posset

243 1487 301 1547 dici
316 1489 370 1547 soli
384 1486 463 1546 fideli
477 1496 586 1563 notum,
602 1489 626 1546 ai
640 1489 670 1545 in
685 1497 822 1567 perpetua
837 1495 967 1547 versatur
982 1495 1064 1561 luxi.
1079 1509 1133 1548 nec
1148 1488 1216 1546 certi
1241 1487 1399 1564 quidquam
1413 1487 1447 1546 dc

244 1577 321 1628 statu
336 1588 388 1628 suo
403 1587 576 1644 cognoscere
590 1571 706 1644 potest?

284 1649 374 1706 XIV.
398 1648 463 1706 Hoc
477 1647 572 1724 ipsum
586 1667 655 1706 vero
669 1647 771 1706 fortius
785 1647 879 1706 adhuc
903 1649 1088 1708 confirmatur
1107 1668 1144 1706 ex
1159 1647 1351 1724 descriptione
1372 1647 1448 1721 fidei,

244 1748 309 1804 qum
323 1727 446 1786 habetur
459 1728 490 1784 in
512 1727 666 1805 Scriptura,
691 1747 756 1804 quae
779 1727 980 1788 certitudinem
1003 1729 1088 1788 istam
1109 1727 1271 1786 necessario
1295 1726 1448 1802 importat;

246 1809 288 1867 Ui
301 1827 390 1884 quum
409 1813 530 1866 vocaitlr
542 1815 664 1867 driccam
678 1818 722 1862 reis
737 1815 891 1875 ἰλπιζομίνυν,
902 1815 931 1866 et
945 1819 1046 1878 ἴλιγχος
1060 1819 1103 1862 cois
1116 1816 1139 1862 ni
1152 1815 1298 1876 therapius,
1313 1806 1391 1864 Heb.
1405 1806 1447 1864 xi.

247 1893 272 1962 l,
289 1887 481 1965 “hypostasis
496 1905 591 1944 rerum
605 1907 669 1963 quae
684 1895 843 1963 sperantur,
859 1894 888 1945 et
910 1886 1115 1947 demonstratio
1136 1905 1233 1944 earum
1253 1905 1317 1961 quse
1332 1905 1391 1943 non
1405 1887 1450 1944 vi·

245 1969 378 2026 dentur.''
421 1965 483 2025 Ubi
504 1966 624 2024 Graecus
647 1965 754 2024 Scholi.
776 1967 911 2025 observat
931 1969 986 2026 hoc
1003 1966 1068 2041 dici,
1085 1973 1226 2042 quatenus
1246 1964 1323 2040 facit,
1345 1974 1451 2024 utnon

244 2047 397 2124 praesentia
411 2046 508 2121 aliquo
522 2044 608 2104 modo
623 2053 731 2120 extent,
747 2055 776 2104 ct
790 2046 947 2106 invisibilia
968 2049 1199 2122 inconspectum
1219 2065 1277 2104 nen
1292 2045 1450 2120 oculorum,

244 2128 296 2186 aed
310 2127 414 2185 mentis
428 2125 563 2201 veniant;
586 2125 658 2184 Cum
673 2126 749 2184 enim
763 2145 828 2202 qua
842 2125 872 2182 in
887 2145 937 2204 spe
952 2135 1019 2186 suut
1037 2133 1189 2180 tsvaetmn
1214 2125 1280 2197 sint,
1296 2133 1325 2182 et
1339 2124 1450 2183 subsis-

245 2207 364 2265 tentiam
379 2225 436 2263 non
451 2204 585 2278 habeant,
600 2214 632 2264 ut
647 2225 711 2282 qua
725 2205 852 2264 nendum
874 2205 978 2282 adsint,
1004 2205 1077 2264 fides
1092 2204 1143 2262 dat
1157 2203 1227 2280 ipsis
1242 2205 1367 2280 aliquam
1382 2205 1451 2263 sub·

246 2285 405 2344 sistentiam
420 2284 515 2359 quoad
537 2304 600 2343 csso
621 2286 779 2361 cognitum,
802 2285 927 2344 efficiens
947 2284 1158 2362 quodammodo
1173 2293 1205 2342 ut
1226 2284 1283 2342 sint
1297 2291 1326 2342 et
1353 2283 1453 2344 adsint

246 2383 297 2441 per
310 2365 341 2422 id
354 2365 449 2440 ipsum
471 2363 548 2438 quod
569 2384 603 2421 ea
623 2365 722 2423 eredat
743 2385 814 2439 esse,
831 2374 859 2422 et
880 2365 1038 2424 invisibilia
1065 2365 1121 2422 sibi
1148 2365 1301 2440 prasentia
1321 2363 1406 2437 sistit,
1423 2373 1453 2424 ct

247 2463 345 2501 coram
359 2443 488 2500 intuetur
514 2463 566 2518 per
590 2451 697 2511 tauma,
723 2463 809 2519 quem
833 2445 982 2520 Chrysost.
1010 2443 1081 2503 dicit
1094 2463 1156 2502 esse
1179 2452 1215 2498 hrt
1238 2453 1283 2498 ra·
1302 2449 1355 2503 ata,
1370 2445 1452 2510 tutam,

246 2526 280 2581 de
294 2524 338 2597 iis,
352 2541 414 2598 quor
427 2523 508 2578 valde
521 2530 586 2580 suet
611 2523 767 2596 cnaeisesta.
811 2523 961 2598 Quomodo
976 2544 1044 2583 vero
1059 2523 1107 2580 vel
1126 2533 1248 2583 tetram
1274 2522 1323 2581 vel
1348 2528 1452 2590 ἵλιγχκ

245 2603 302 2661 dici
317 2611 423 2680 posset,
440 2600 504 2657 siin
519 2611 657 2679 perpetua
671 2602 849 2662 dubitatione
864 2612 894 2662 et
908 2615 986 2678 ιηχῇ
1008 2603 1109 2662 fideles
1137 2605 1275 2662 fluctuare
1289 2603 1454 2662 deberent?

246 2684 310 2742 Imo
325 2684 426 2741 miram
440 2680 487 2738 hic
502 2681 702 2742 certitudinem
716 2691 805 2758 notat,
821 2704 886 2742 cum
911 2684 987 2743 enim
1001 2685 1075 2742 varii
1099 2685 1156 2743 sint
1180 2684 1243 2760 ejus
1257 2683 1374 2758 gradus,
1389 2693 1453 2742 tum

245 2764 294 2821 ille
307 2781 444 2834 summus,
460 2764 510 2836 qui
533 2763 621 2820 estin
646 2763 708 2840 ipsa
731 2764 892 2839 praeseutia.
936 2765 1014 2821 Hine
1029 2772 1156 2824 curatam
1179 2762 1292 2838 fiducia,
1309 2763 1385 2840 Eph.
1410 2763 1451 2821 iii.

248 2848 304 2920 12,
321 2851 471 2918 aeap'pfariaffi
488 2844 552 2901 Cor.
569 2843 609 2900 ill.
627 2845 672 2917 Γ),
690 2843 765 2902 lch.
781 2843 821 2902 lll.
838 2846 864 2916 6,
880 2851 909 2902 ei
923 2843 962 2901 lv.
980 2847 1036 2918 163
1055 2851 1201 2918 mangeorgius,
1220 2845 1234 2900 l
1251 2842 1354 2902 Thess.
1378 2843 1397 2902 l.
1422 2846 1450 2918 5,

247 2923 323 2982 Heb.
336 2927 375 2981 vi.
393 2927 439 2998 ll,
455 2923 522 2983 fidei
537 2923 709 2996 tribuuntur,
725 2943 789 2998 quae
804 2923 1003 2982 certitudinem
1029 2923 1075 2981 rel
1091 2933 1264 3000 supponunt,
1280 2923 1328 2981 vel
1342 2933 1410 2999 pest
1420 2943 1452 2982 se

246 3003 408 3062 necessario
423 3006 548 3075 trahunt,
564 3011 593 3060 et
607 3001 779 3061 dubitationi
803 3023 836 3061 ac
861 3001 1026 3061 diffidentiae
1051 3011 1241 3079 opponuntur,
1258 3003 1363 3061 Matth.
1387 3004 1451 3062 xxi.

247 3086 294 3158 21,
311 3083 333 3141 J
335 3105 376 3142 ac.
392 3083 410 3142 i.
427 3087 455 3143 6.
498 3083 559 3139 Nee
572 3082 671 3158 reponi
687 3082 771 3140 debet
788 3085 805 3115 “
818 3083 879 3140 Ista
892 3081 1008 3158 quidem
1033 3083 1070 3140 de
1084 3103 1114 3140 re
1129 3082 1308 3157 concludere,
1326 3083 1377 3140 sed
1391 3104 1451 3142 non

247 3161 282 3220 de
298 3183 420 3238 persona
430 3165 456 3222 =''
480 3161 561 3236 Quia,
577 3171 610 3219 ut
623 3161 695 3220 fides
709 3162 771 3219 haee
785 3162 872 3220 habet
894 3162 924 3218 in
940 3181 978 3236 se,
999 3162 1099 3220 eadem
1114 3162 1275 3220 necessario
1290 3161 1402 3222 confert
1416 3163 1452 3221 iis

247 3242 277 3298 in
291 3242 397 3317 quibus
411 3243 485 3301 inest
507 3241 697 3318 particulatim
711 3263 717 3314 ;
743 3241 783 3300 Ut
797 3261 867 3300 vera
880 3261 938 3299 non
963 3243 1020 3301 sint
1034 3249 1145 3300 tantum
1160 3243 1191 3299 in
1210 3243 1295 3316 thesi,
1311 3243 1363 3300 sed
1377 3251 1407 3302 et
1422 3245 1451 3300 in

245 3321 409 3396 hypothesi.
453 3323 515 3380 Imo
529 3341 588 3378 non
602 3329 697 3396 potest
711 3321 765 3378 hoc
790 3321 877 3380 tribui
891 3320 958 3380 fidei
980 3321 1037 3380 nisi
1061 3322 1150 3380 relate
1164 3323 1201 3380 ad
1226 3321 1389 3398 subjectum
1405 3323 1451 3381 cui

247 3401 330 3472 inest,
346 3401 418 3457 etin
433 3421 489 3476 quo
504 3400 590 3458 talem
606 3399 806 3458 certitudinem
821 3402 977 3477 producere
992 3410 1059 3478 apta
1073 3410 1140 3459 nata
1154 3411 1207 3460 est.

287 3477 359 3536 XV.
382 3478 445 3537 Nisi
459 3479 553 3536 fidelis
572 3487 670 3554 posset
691 3479 776 3536 fidem
800 3499 881 3538 suam
906 3501 1087 3558 cognoscere,
1113 3480 1219 3540 frustra
1246 3501 1367 3540 examen
1381 3481 1451 3540 fidei

247 3577 307 3615 aure
329 3557 372 3614 illi
391 3558 629 3633 praescriberetur,
659 3566 692 3616 ut
718 3577 777 3616 nen
804 3581 868 3619 raro
882 3559 945 3619 fieri
959 3561 1040 3636 solet,
1068 3563 1165 3619 lCor.
1180 3563 1221 3618 xi.
1236 3565 1284 3636 28,
1307 3563 1453 3636 Explorct

247 3636 361 3712 quisque
374 3637 492 3712 seipsum
507 3645 660 3712 antequam
669 3637 707 3695 ad
719 3638 835 3697 Coenum
847 3639 972 3715 accedat,
985 3640 1119 3698 nimirum
1134 3661 1171 3698 an
1180 3661 1247 3700 vere
1262 3642 1291 3698 in
1304 3641 1450 3700 Christum

246 3715 351 3791 eredat,
368 3724 395 3774 et
410 3716 476 3774 talis
491 3717 536 3790 sit,
552 3716 667 3791 qualem
682 3737 744 3776 esse
769 3727 881 3798 oportet
905 3739 979 3796 eum,
1003 3721 1052 3797 qui
1067 3729 1148 3780 tanta
1174 3720 1312 3798 mysteria
1336 3729 1451 3779 tractat.

246 3797 294 3872 Et,
311 3801 328 3854 2
345 3797 408 3854 Cor.
425 3796 485 3854 xiii.
502 3799 529 3871 5,
553 3799 570 3829 “
582 3797 703 3856 Tentata
718 3819 771 3857 vos
796 3801 881 3876 ipsus,
899 3800 948 3857 An
963 3800 1025 3859 sitis
1048 3801 1077 3858 in
1091 3801 1157 3876 fide,
1184 3801 1239 3878 ipsi
1253 3820 1306 3858 vos
1320 3800 1449 3877 probate,

246 3875 354 3934 Annon
369 3877 525 3953 agnoscitis
540 3877 752 3954 vosmetipsos,
769 3880 846 3956 quod
861 3881 950 3938 Jesus
975 3881 1107 3939 Christus
1121 3881 1151 3937 in
1165 3881 1248 3939 vobis
1264 3880 1343 3938 sit?’'
1359 3881 1450 3957 respi-

243 3957 283 4015 cit
298 3957 358 4015 scil.
374 3957 411 4014 ad
425 3957 455 4015 id
469 3957 547 4035 quod
561 3956 675 4016 dixerat
688 3979 748 4018 ver.
765 3963 791 4033 3,
815 3959 978 4018 Corinthios
989 3981 1116 4036 quaerere
1138 3965 1228 4028 δοκιμὴ,
1251 3958 1451 4037 probationem

246 4057 298 4095 sou
312 4045 513 4112 argumentum
530 4036 637 4096 Christi
651 4038 681 4094 in
696 4037 758 4114 ipso
773 4039 926 4116 loquentis,
943 4040 1023 4116 quasi
1046 4040 1132 4114 dicat,
1149 4037 1247 4098 Vultis
1269 4039 1403 4115 experiri,
1419 4059 1452 4097 u·

245 4125 320 4174 trum
334 4117 465 4175 Christus
474 4118 504 4174 in
515 4138 561 4176 me
575 4117 717 4193 loquatur,
732 4117 782 4176 sed
793 4119 892 4177 horter
903 4139 956 4177 vos
967 4129 996 4177 et
1010 4119 1159 4196 admoneo,
1169 4127 1203 4177 ut
1213 4119 1379 4195 priusquam
1395 4119 1451 4177 hoc

244 4197 380 4272 quaeretis
395 4197 423 4253 in
438 4197 530 4270 nobis,
547 4197 682 4272 quaeratis
697 4197 792 4273 potius
807 4197 843 4256 de
866 4197 957 4271 vobis,
973 4206 1002 4257 et
1022 4200 1120 4258 velitis
1143 4199 1347 4275 vosmetipsos
1361 4217 1450 4275 expe·

243 4276 301 4351 riri,
319 4275 395 4334 Num
410 4277 473 4333 sitis
488 4277 517 4333 in
528 4276 609 4332 fide?
623 4284 651 4334 et
667 4277 774 4334 Annon
789 4277 952 4354 agnoscatis
980 4279 1133 4356 vosipsos,
1159 4278 1238 4355 quod
1260 4273 1392 4336 Christus
1407 4287 1451 4338 est

243 4357 273 4414 in
289 4355 381 4428 vobis,
398 4375 499 4431 nempe
513 4374 565 4431 per
578 4355 664 4414 fidem
679 4376 765 4431 quam
790 4357 820 4414 in
834 4356 918 4414 vebis
933 4377 995 4416 esse
1018 4359 1163 4434 invenitis,
1190 4359 1231 4416 sic
1250 4357 1327 4416 enim
1342 4358 1378 4415 de
1393 4377 1449 4432 mo,

244 4436 327 4510 enjus
341 4433 500 4493 ministerio
514 4433 600 4492 fidem
615 4435 775 4511 accepistis,
796 4436 941 4512 ambigere
964 4457 1022 4495 non
1046 4438 1166 4512 debetiq
1191 4437 1260 4514 quin
1273 4437 1451 4512 loquaturin

242 4533 288 4570 me
300 4514 439 4586 Christus,
456 4534 492 4572 ex
507 4513 600 4573 fructu
616 4513 677 4572 scil.
697 4514 754 4571 mei
769 4513 958 4592 Apostolatus
981 4517 1129 4592 intervos,
1153 4526 1181 4576 et
1200 4537 1235 4575 ex
1261 4525 1361 4574 mutua
1375 4517 1453 4575 iuter

242 4591 329 4646 fidem
345 4592 456 4668 Populi,
473 4602 502 4650 et
517 4593 644 4651 Ministri
659 4592 890 4668 pradicationem
905 4597 1052 4655 relatione.
1075 4597 1134 4656 Cur
1146 4617 1215 4656 vero
1238 4596 1399 4672 Apostolus
1414 4596 1452 4653 ad

243 4667 297 4722 hoc
313 4687 434 4726 examen
449 4670 515 4727 fidei
531 4691 590 4729 suae
609 4671 780 4746 hortaretur,
797 4673 877 4730 etad
901 4677 1094 4749 cognitionem
1120 4676 1226 4735 Christi
1238 4675 1266 4734 in
1282 4675 1353 4751 ipsis
1367 4675 1451 4733 habi·
