3192 5206
6 217 11 330 l

6 463 17 532 l

147 375 254 424 eumer.
270 354 315 436 n]
520 377 558 417 nn
571 379 703 420 reasons
721 381 756 420 nr
771 381 864 420 aranu
880 382 1005 424 cumsrr.
1291 369 1348 426 297

142 517 270 596 impigris
281 515 478 575 inserviebant
491 517 582 594 altari,
598 527 627 578 et
648 529 714 596 post
735 521 943 581 hebdomadale
958 523 1146 582 ministerium
1161 524 1278 584 demmn
1292 527 1349 584 dis·

144 597 293 670 cedebant,
309 616 368 654 uon
382 617 451 654 vero
467 617 586 672 summo,
602 601 653 676 qui
666 601 738 658 nulli
757 601 861 660 affixus
875 603 977 677 ordini,
993 604 1144 679 quibusvis
1166 606 1263 678 sacris,
1279 625 1350 681 quo·

142 676 189 734 vis
203 684 331 752 tempore
345 684 457 752 poterat
471 680 604 753 operari?
646 680 703 738 Cur
716 681 822 738 dicitur
839 684 956 740 sortitus
970 686 1121 763 arreragyr'aer
1141 685 1225 742 istam
1240 685 1352 744 suffitus

142 755 276 827 faciendi,
292 774 357 813 cum
369 776 480 814 summo
493 759 642 817 Sacerdoti
656 760 711 818 soli
725 760 851 820 solennis
866 762 915 819 illa
930 764 1099 822 caeremonia
1113 765 1185 822 citra
1199 773 1304 823 sortem
1314 785 1352 822 ex

143 833 238 894 officio
253 835 455 894 incumberet?

185 914 244 972 XI.
261 915 322 972 Nec
337 915 510 973 contrarium
522 916 672 991 evincitur,
688 917 744 977 Vel
760 939 796 978 ex
811 940 845 978 eo
860 920 937 996 quod
948 919 1052 980 dicitur
1061 922 1207 999 ingressus
1222 923 1252 982 in
1266 923 1351 981 Tem-

141 993 222 1070 plum
244 994 283 1052 ad
303 993 427 1052 suffitum
449 995 628 1072 faciendum
652 999 725 1072 Quia
740 999 865 1057 suffitrun
880 1000 993 1058 adolere
1009 1009 1091 1058 extra
1105 1001 1202 1060 velum
1216 1012 1245 1062 et
1261 1003 1349 1061 Sanc·

141 1073 276 1148 turrium,
297 1073 335 1130 ad
349 1074 467 1152 quosvis
488 1075 626 1151 pertinuit
641 1078 811 1137 Sacerdotes
836 1088 912 1137 sorte
932 1080 969 1138 ad
991 1081 1021 1138 id
1044 1081 1180 1156 delectos,
1206 1090 1238 1139 ut
1261 1081 1350 1142 altare

142 1153 256 1212 suffitus
270 1163 354 1212 extra
368 1154 464 1212 velum
478 1164 507 1213 et
525 1157 679 1214 sacrarium
700 1167 761 1216 erat
781 1158 960 1234 collocatum,
978 1160 1072 1218 Exod.
1088 1181 1160 1218 xxx.
1183 1161 1240 1219 Vel
1264 1183 1301 1219 ex
1316 1184 1350 1222 eo

140 1232 221 1310 quod
235 1232 358 1309 populus
369 1233 475 1292 dieitur
485 1244 652 1311 expectasse
667 1247 750 1295 extra
769 1239 928 1314 Templum,
944 1258 1005 1298 ver.
1020 1243 1068 1313 21,
1084 1241 1151 1316 quia
1166 1241 1219 1300 hoe
1234 1242 1351 1302 solitum

139 1311 196 1372 fuir
210 1313 317 1389 populo
335 1323 501 1388 exspectare
522 1315 552 1372 in
573 1316 659 1374 Atrio
682 1317 806 1376 reditum
830 1319 1000 1392 Sacerdotis,
1017 1330 1115 1396 utpote
1130 1321 1177 1378 cui
1190 1340 1248 1378 non
1262 1321 1350 1380 daba-

139 1392 304 1450 turaditus
325 1393 471 1450 inlocum
495 1394 640 1470 Sanctum,
663 1397 715 1454 sed
736 1398 804 1454 solis
827 1398 1039 1458 Sacerdotibus.
1075 1401 1257 1475 llxpectabat
1280 1421 1351 1477 ergo

139 1491 194 1548 pro
215 1491 296 1528 more
310 1473 434 1548 populus
455 1474 632 1550 Zachariam,
648 1474 716 1534 dum
738 1477 786 1534 illa
802 1497 853 1554 pro
874 1478 1032 1536 sortitionis
1053 1499 1112 1536 suae
1127 1481 1236 1538 ratione
1261 1482 1350 1539 saeris

141 1551 325 1627 operabatur.
354 1552 407 1610 Vel
422 1572 459 1610 ex
480 1573 514 1612 eo
529 1554 607 1630 quod
622 1555 754 1632 Angelus
776 1557 881 1614 dicitur
900 1558 943 1614 illi
958 1559 1123 1633 apparuisse
1137 1558 1174 1616 ad
1188 1559 1264 1616 latus
1279 1560 1349 1617 dex-

141 1639 220 1688 trum
236 1630 348 1688 Altaria
362 1631 482 1690 suffitus.
525 1634 599 1706 Quia
613 1635 667 1692 hoc
682 1657 739 1694 uon
754 1635 808 1694 fuit
821 1637 896 1694 intra
907 1637 1003 1694 velum
1018 1637 1055 1694 ad
1071 1638 1185 1709 Aream,
1203 1639 1253 1694 sed
1268 1648 1350 1696 extra

142 1709 242 1768 velum
257 1710 294 1768 ad
309 1709 385 1767 latus
398 1712 496 1769 altaris
510 1713 752 1790 Thymiamatum,
768 1715 817 1774 ubi
832 1716 949 1774 sortitus
965 1715 1105 1774 Sacerdos
1119 1717 1247 1793 quotidie
1267 1737 1350 1776 mano

141 1797 174 1848 et
188 1790 301 1866 vesperi
316 1790 442 1850 suffitum
455 1791 598 1852 adolebat.

141 1925 160 1971 S
221 1928 248 1967 aa
275 1923 290 1960 g
322 1929 331 1966 t
363 1927 380 1968 t·
457 1872 533 1930 XII.
548 1872 681 1932 Secunda
692 1874 833 1932 sententia
842 1883 885 1932 est
894 1875 1040 1949 Scaliyem',
1055 1876 1171 1934 Calcisir'
1179 1884 1209 1933 et
1218 1875 1347 1950 aliorum,

161 1938 247 2028 effi„
265 1938 396 2034 ,d‘npffiuifl'
420 1951 470 2026 qui
494 1953 661 2011 existimant
685 1953 831 2012 Christum
863 1966 962 2013 natum
990 1956 1044 2012 sub
1059 1955 1278 2030 AEquinoctium
1298 1976 1348 2013 au·

172 2044 279 2086 nostrum
291 2042 393 2084 Aurum·
414 2032 550 2105 tumualc,
569 2032 707 2090 veleirca
734 2033 820 2091 finem
842 2035 949 2092 mensis
965 2035 1150 2109 Septembris.
1197 2035 1247 2092 Ad
1266 2037 1349 2112 eujus

173 2100 233 2201 ξιξ
254 2097 392 2201 θθῦῑίξῑωω
419 2112 625 2186 probationem,
644 2113 773 2188 Scaliger
786 2123 869 2190 putat
883 2135 913 2172 se
928 2114 1074 2189 apodixim
1090 2115 1193 2172 ducere
1208 2134 1292 2190 posse
1311 2135 1349 2174 ex

193 2171 221 2210 ⁰⁹
235 2173 272 2203 ⁰¹¹¹
291 2173 332 2200 Η
419 2191 542 2270 ipsprgr'p,
558 2191 594 2249 de
608 2212 665 2268 qua
681 2193 750 2251 Luc.
766 2193 785 2251 i.
801 2197 828 2267 5,
844 2213 861 2250 a
875 2193 1075 2252 distributione
1097 2195 1207 2252 seilicet
1228 2195 1349 2252 familia·

144 2295 209 2334 rum
226 2273 423 2345 Sacerdotum,
438 2292 502 2347 quaa
517 2271 615 2328 ordine
630 2291 751 2348 quaeque
766 2293 818 2330 suo
846 2275 989 2349 pervices
1016 2273 1115 2332 divino
1143 2274 1233 2332 cultui
1247 2295 1351 2334 vacare

144 2355 298 2427 debebant,
311 2353 398 2429 juxta
413 2351 542 2409 ordinem
556 2370 574 2408 a
589 2350 702 2408 Davide
713 2353 862 2426 sancitum,
884 2357 895 2410 l
914 2353 1008 2410 Paral.
1021 2354 1093 2410 xxiv
1107 2377 1114 2413 ι
1129 2373 1277 2430 perquem
1291 2354 1348 2412 dis-

143 2435 260 2495 tributae
275 2441 356 2491 eraut
371 2431 401 2488 in
415 2435 454 2488 24
479 2430 595 2504 classes,
611 2442 640 2488 et
654 2451 705 2507 per
729 2432 837 2508 jactam
853 2453 870 2490 a
886 2433 998 2491 Davidc
1015 2444 1120 2492 sortem
1143 2433 1235 2510 prima
1249 2434 1351 2494 classis

143 2514 268 2589 contigit
282 2512 398 2570 familiae
412 2510 544 2582 Joaribi;
568 2511 695 2568 secunda
708 2511 824 2569 familiae
839 2512 933 2588 Abire,
963 2513 992 2570 iu
1017 2533 1074 2588 qua
1102 2513 1348 2588 eratZacharias;

147 2604 178 2652 et
191 2594 310 2669 reliquae
325 2590 436 2650 caeteris
450 2588 566 2648 familiis
581 2589 658 2648 dieto
673 2592 736 2649 loco
751 2591 866 2650 notatis.
933 2593 972 2650 Et
986 2593 1054 2669 quia
1067 2594 1096 2650 in
1112 2593 1194 2650 annis
1217 2593 1349 2652 ducentis

143 2673 251 2751 viginti
274 2681 399 2748 quatuor
414 2669 593 2745 Ephemerire
608 2690 707 2729 omues
731 2671 864 2730 redibant
889 2671 926 2728 ad
941 2673 1056 2729 eosdem
1071 2672 1142 2744 dics,
1172 2673 1245 2729 sacri
1261 2673 1348 2748 hujus

142 2755 221 2812 orbis
235 2750 411 2810 adminiculo
426 2750 584 2808 certissime
604 2750 782 2825 singularum
798 2750 970 2808 familiarum
986 2751 1164 2827 Ephemeriae
1179 2751 1349 2826 investigari

142 2841 274 2910 possunt.
318 2830 392 2904 Quia
405 2849 474 2887 vero
489 2829 556 2887 huic
570 2829 663 2886 ordini
678 2829 875 2888 contricionem
899 2830 1015 2888 induxit
1036 2840 1140 2905 praeter
1161 2829 1348 2905 Babylonica

143 2911 322 2990 captivitatis
336 2909 536 2982 calamitatem,
552 2909 695 2966 variorum
710 2908 731 2967 J
734 2908 798 2967 udae
820 2909 935 2984 Regum
950 2909 1120 2981 idololatria,
1136 2917 1165 2966 et
1181 2909 1272 2966 divini
1288 2909 1346 2966 eul-

142 2991 335 3067 tuendaeque
350 2989 482 3048 ordinum
506 2988 732 3046 Sacerdotalium
753 2989 783 3045 in
798 2988 918 3064 Templo
939 2989 1098 3064 neglectus,
1120 2988 1141 3046 J
1145 2987 1216 3044 udas
1232 2988 1346 3046 Macca-

142 3073 224 3132 baeus
238 3070 390 3148 purgando
404 3068 557 3144 Templum
571 3068 607 3125 ab
620 3067 758 3125 Antiochi
776 3068 993 3144 pollutionibus,
1015 3068 1144 3124 ordinem
1159 3067 1235 3124 hunc
1252 3067 1347 3142 Ephe·

143 3152 298 3210 mariarum
313 3151 353 3210 ita
366 3148 546 3222 restauravit,
573 3155 605 3205 ut
619 3147 766 3222 Josephus
780 3157 909 3220 testetur,
931 3147 968 3204 ad
982 3147 1112 3205 ultimam
1138 3166 1228 3222 usque
1244 3146 1348 3205 Hiero·

143 3232 322 3308 solymorum
349 3228 528 3287 obsidionem
555 3246 607 3303 per
634 3227 853 3302 Vespasianum,
870 3246 1016 3302 uunquam
1044 3227 1234 3302 interruptum
1249 3226 1346 3285 fuisse.

146 3309 312 3370 Secundum
327 3309 404 3366 hune
419 3308 496 3365 orbis
510 3306 641 3364 hieratici
655 3305 806 3380 calculum,
823 3307 976 3364 Zacharias
991 3307 1021 3364 in
1035 3307 1126 3364 classe
1142 3314 1245 3364 octava
1259 3306 1345 3364 Abiaa

145 3391 246 3449 debuit
259 3389 332 3448 inire
347 3387 548 3464 Ephemeriam
577 3405 658 3444 suam
682 3386 757 3444 Julii
772 3391 819 3462 21,
849 3387 931 3444 annis
946 3397 1011 3462 post
1039 3387 1196 3444 Maccaboei
1212 3387 1350 3445 Eneaenia

145 3480 261 3528 centum
276 3469 436 3545 sexaginta,
456 3475 484 3525 et
505 3466 607 3524 diebus
628 3473 741 3524 centurn
764 3467 922 3542 nonaginta
935 3465 1065 3541 duobus;
1088 3486 1152 3542 quse
1173 3467 1291 3542 impleta
1312 3467 1350 3524 sit

145 3549 283 3622 JuliiaS,
312 3557 379 3624 post
405 3567 490 3623 quem
506 3545 580 3603 diem
610 3547 749 3604 Zacharia
776 3546 893 3604 domum
918 3546 1054 3604 redeunte
1079 3547 1172 3622 potuit
1200 3547 1349 3622 concipere

146 3628 318 3688 Elizabetha
331 3629 496 3686 Johanucm
515 3625 676 3702 Baptistarn
693 3626 775 3684 initio
800 3627 937 3702 Augusti,
961 3626 1102 3702 latuitque
1117 3625 1275 3686 secundum
1291 3626 1348 3684 Lu·

146 3728 207 3766 cam
222 3727 337 3766 menses
351 3708 493 3783 quinque;
510 3714 539 3764 et
554 3715 636 3764 sexto
647 3705 761 3764 ineunte
771 3706 1043 3779 scilieet‘Januario,
1054 3718 1118 3782 pest
1128 3706 1273 3763 visitatam
1288 3706 1348 3762 Eli-

147 3789 304 3859 sabetham,
321 3787 415 3844 Maria
429 3785 592 3861 conceperit
612 3786 766 3858 Christum,
786 3805 851 3861 quae
872 3805 975 3844 novem
991 3797 1056 3862 post
1076 3786 1231 3856 mensibus,
1248 3785 1301 3842 sub
1315 3786 1347 3841 fi-

146 3887 211 3926 nem
227 3867 289 3924 scil.
307 3865 484 3942 Septembris
498 3864 546 3922 vel
558 3864 690 3922 Octobris
705 3865 818 3922 initium
832 3885 920 3941 prope
940 3865 1159 3941 AEquinoetium
1172 3865 1347 3922 Autumnale

147 3965 211 4005 eum
247 3947 379 4004 eercrit.

187 3967 283 4083 Xlllp.
306 4026 415 4083 Verum
430 4023 635 4081 demonstratio
663 4023 727 4095 ista,
742 4032 807 4081 utut
822 4023 935 4082 subtilis
947 4031 976 4081 ct
986 4022 1143 4098 ingeniosa,
1158 4040 1217 4078 non
1232 4021 1346 4079 videtur

147 4105 343 4178 satissolida3
365 4103 615 4162 totcnimnititur
641 4103 859 4179 hypothesibus,
888 4122 1008 4179 quarum
1037 4121 1094 4158 una
1110 4100 1224 4158 labente
1252 4109 1344 4158 totum

146 4185 203 4243 ruit
217 4185 379 4259 aedificium,
395 4191 498 4241 utnon
518 4181 600 4238 facile
615 4201 764 4239 assensum
792 4183 883 4258 possit
904 4183 1063 4256 impetrare.
1108 4179 1285 4254 Supponitur
1298 4181 1344 4238 hie

145 4264 289 4340 praecipue
303 4263 538 4322 instaurationem
553 4261 636 4320 istius
651 4263 759 4320 ordinis
778 4261 881 4320 factam
897 4283 915 4318 a
928 4259 1009 4320 luda
1024 4258 1196 4329 llaceabaeo,
1212 4278 1265 4316 nec
1284 4280 1343 4316 arn·

144 4343 220 4419 plius
234 4363 361 4420 unquam
376 4343 521 4401 turbatum
537 4350 566 4399 et
593 4342 791 4417 interruptum.
835 4341 892 4398 Sed
907 4349 1095 4417 praeterquam
1118 4336 1196 4412 quod
1215 4337 1286 4395 nihil
1301 4339 1343 4396 di·

145 4425 219 4481 citur
233 4423 269 4480 de
284 4423 465 4481 restitutione
484 4421 567 4480 istius
587 4421 695 4478 ordinis
712 4425 726 4478 l
745 4421 837 4479 Mace.
853 4439 878 4480 e.
892 4421 941 4494 iv,
959 4423 1022 4493 Quo
1043 4425 1212 4488 argumento
1227 4438 1342 4492 persua-

142 4501 202 4560 deri
216 4522 370 4579 possnmus
384 4503 493 4561 nullam
512 4521 638 4578 unquam
653 4500 888 4576 interruptionem
913 4500 942 4556 in
956 4519 990 4556 eo
1005 4499 1118 4569 exinde,
1134 4505 1165 4587 ut
1180 4497 1244 4554 vult
1257 4497 1277 4556 J
1280 4518 1341 4556 ose-

142 4581 224 4658 phus,
247 4582 411 4642 accidisse?
432 4601 497 4640 eum
519 4589 562 4639 tot
576 4599 661 4639 casus
675 4581 752 4639 hunc
773 4580 901 4638 ordinem
917 4578 1032 4637 turbare
1052 4583 1207 4655 potuerint,
1229 4597 1257 4634 v.
1273 4597 1301 4654 g.
1318 4577 1342 4635 si

140 4659 249 4720 familia
262 4662 360 4738 aliqua
373 4661 461 4740 legali
475 4659 632 4737 pollutione
652 4659 846 4718 contaminata
873 4666 965 4732 esset;
988 4659 1013 4716 si
1035 4659 1132 4732 aliqua
1145 4675 1183 4714 ex
1197 4661 1235 4716 24
1260 4657 1341 4715 fami·
