3186 5210
159 346 276 390 eussr.
293 326 347 406 11.]
581 347 618 386 nn
634 347 807 387 vocarrour
822 347 858 386 111
874 347 951 386 rins.
1313 330 1370 387 483

159 504 229 542 nem
243 487 437 544 convertenti·
479 487 564 544 Licet
574 505 644 544 vero
658 506 718 544 non
734 506 787 561 per
807 487 909 544 omnia
922 488 1080 545 conveniat
1093 487 1170 545 actio
1185 489 1240 545 Dei
1256 489 1285 544 in
1302 506 1367 544 nos-

159 564 199 620 tri
213 564 406 621 conversione
420 583 488 622 eum
503 565 660 635 creatione,
674 566 896 635 resurreetione,
912 573 942 622 et
955 565 1155 640 generatione,
1166 574 1197 622 et
1212 567 1294 624 varia
1307 566 1366 624 dis-

158 642 284 698 crimina
307 642 356 699 hic
380 651 555 713 occurraut;
576 643 650 701 Non
677 649 774 718 potest
797 643 842 700 vis
866 645 1035 717 argumenti
1058 644 1189 718 infringi.
1232 644 1313 711 Quia
1333 644 1364 700 in

157 719 306 776 similibus
320 721 502 795 metaphoris
522 721 749 780 circumstantiae
764 740 825 778 non
840 729 909 778 sunt
929 724 1079 796 urgendae,
1092 722 1123 778 iu
1144 721 1254 797 quibus
1268 723 1366 779 multa

158 803 284 871 possunt
298 817 360 856 esse
373 799 512 873 disparia,
527 801 578 857 sed
592 818 698 874 scopus
712 806 832 857 tantum
852 801 1059 870 attendendus,
1072 801 1123 874 qui
1146 817 1207 858 nou
1221 801 1298 858 ahos
1311 807 1364 868 est,

159 893 250 949 quam
264 875 440 934 immensam
454 883 483 934 11
496 877 638 936 invictam
655 877 767 937 Gratiae
781 878 941 936 efficaciam
957 879 1128 948 describere,
1144 897 1211 952 qua
1225 897 1256 936 se
1270 878 1366 934 exerit

157 953 188 1009 in
204 954 361 1010 hominurn
376 956 577 1024 conversione,
589 956 715 1014 similem
729 955 877 1032 potentiae,
889 975 981 1030 quam
993 956 1075 1014 Deus
1083 956 1221 1014 adhibuit
1229 956 1260 1013 in
1277 957 1364 1014 Orea-

158 1031 247 1102 tionc,
262 1040 292 1089 et
307 1031 543 1090 Resurrectione.
586 1033 616 1090 N
618 1053 651 1090 ec
664 1034 725 1091 alio
739 1035 887 1108 pertinent
900 1035 1064 1108 magnificae
1078 1035 1139 1092 iilse
1153 1035 1364 1109 descriptiones

157 1109 244 1167 istius
257 1111 445 1184 operationis,
459 1129 534 1186 quas
555 1111 642 1169 toties
662 1113 769 1186 repetit
791 1112 968 1187 Apostolus,
989 1120 1025 1170 ut
1044 1130 1149 1189 quum,
1164 1113 1184 1170 2
1197 1115 1265 1171 Cor.
1281 1113 1320 1169 iv.
1335 1113 1363 1181 5,

157 1188 186 1256 6,
201 1188 282 1258 dicit,
297 1195 315 1220 “
327 1188 435 1259 Deum,
451 1189 503 1263 qui
524 1189 609 1260 dixit,
624 1198 659 1247 ut
678 1191 732 1246 11111
753 1191 971 1264 splendesceret
990 1209 1007 1248 e
1027 1191 1165 1260 tenebris,
1180 1192 1364 1266 splenduisse

158 1265 189 1321 in
201 1266 341 1323 cordibus
365 1267 472 1324 nostris
493 1270 532 1326 ad
553 1269 687 1324 dandum
709 1269 793 1325 nobis
817 1267 1018 1343 cognitionem
1031 1269 1135 1343 gloriae
1150 1269 1207 1326 Dei
1232 1270 1262 1324 iu
1287 1269 1362 1326 facie

157 1343 233 1402 Jesu
249 1343 388 1414 Christi‚”
429 1344 477 1416 Et,
504 1346 581 1420 Eph.
602 1346 621 1402 i.
649 1347 693 1415 19,
706 1346 753 1416 20,
773 1365 868 1421 quum
890 1347 1015 1402 eandem
1038 1347 1203 1421 potentiam
1222 1365 1313 1422 quam
1332 1348 1363 1402 iu

159 1421 268 1480 01111111
281 1440 300 1479 a
312 1423 437 1480 mortuis
457 1423 634 1482 excitatione
658 1424 804 1494 adhibuit,
818 1423 959 1482 adhibere
983 1426 1088 1483 asserit
1110 1425 1142 1482 in
1167 1425 1362 1482 conversione

157 1505 268 1570 nostra,
282 1501 354 1558 “Ut
368 1502 564 1574 agnoscatis‚''
579 1501 686 1576 inquit,
702 1510 720 1535 ‘⁶
736 1522 802 1577 quae
816 1502 855 1560 sit
867 1502 1015 1560 excellens
1037 1503 1091 1560 illa
1110 1502 1290 1577 magnitudo
1305 1503 1362 1560 Dei

156 1579 297 1652 potentiae
311 1580 343 1635 in
364 1597 419 1636 uos
441 1580 493 1654 qui
513 1579 670 1651 credimus,
686 1583 851 1638 secundum
871 1579 1030 1637 efficaciam
1043 1581 1157 1638 roboris
1177 1581 1251 1654 ejus,
1269 1598 1361 1654 quum

156 1663 297 1730 operatus
310 1657 400 1715 estin
415 1657 531 1716 Christo
550 1658 708 1716 excitando
730 1677 798 1715 eum
821 1677 840 1715 a
863 1658 1019 1715 mortuis.'’
1062 1658 1100 1715 In
1123 1658 1232 1732 quibus
1248 1657 1362 1714 Paulus

79 1792 91 1810 ,
156 1735 200 1792 ita
218 1735 336 1793 extollit
349 1735 491 1793 virtutem
512 1735 578 1806 Dei,
594 1743 629 1793 ut
649 1755 807 1811 nunquam
829 1736 884 1793 sihi
906 1736 1074 1794 satisfacere
1099 1737 1245 1793 videatur.
1287 1735 1319 1792 N
1321 1755 1360 1792 on

156 1813 293 1871 meminit
306 1819 431 1871 tantum·
439 1815 587 1888 potentiae,
603 1815 655 1872 sed
669 1833 707 1872 ue
727 1833 915 1872 communem
936 1814 1028 1873 hicet
1042 1813 1223 1871 ordinariam
1237 1813 1361 1870 arbitra-

156 1909 265 1962 remur,
279 1892 364 1950 addit
386 1901 477 1960 satyros
498 1892 725 1969 magnitudinem
743 1893 886 1968 potentia,
901 1900 931 1950 et
951 1893 1073 1967 quidem
1096 1901 1249 1966 irretitae,
1261 1891 1293 1948 id
1307 1899 1359 1962 cst,

157 1989 225 2044 quae
239 1978 358 2045 superet
367 1978 488 2046 captum
502 1980 649 2040 nostrum,
661 1979 691 2028 et
701 1972 787 2045 quasi
801 1972 858 2028 hoc
868 1987 929 2028 nou
939 1972 1093 2041 sufficeret,
1105 1969 1225 2044 subjicit
1236 1971 1361 2026 modum

157 2047 391 2122 omnipotentem
406 2055 436 2105 et
449 2048 602 2119 invictum,
617 2067 678 2123 quo
699 2049 845 2107 immensa
868 2049 922 2106 illa
941 2049 1076 2123 potentia
1096 2056 1218 2124 operata
1230 2053 1283 2119 est,
1298 2065 1359 2104 non

157 2125 219 2184 leni
246 2133 363 2183 1111111111
390 2127 597 2186 81111δὶ01188οἆ
623 2137 688 2182 aava
720 2137 759 2186 riv
793 2137 898 2201 isigonus
934 2137 974 2182 rori
997 2137 1093 2200 κράτους
1117 2157 1157 2188 rm
1181 2134 1260 2197 ἰσχύος
1290 2135 1362 2182 αὐτοῦ

150 2207 243 2280 juata
267 2205 416 2280 efficaciam
446 2208 582 2280 potentiae
609 2207 719 2264 roboris
743 2209 813 2281 ejas,
836 2207 876 2263 id.
909 2207 1024 2264 11111111
1044 2205 1249 2280 potentissimi,
1274 2206 1360 2280 eujus

156 2283 304 2358 specimen
325 2284 356 2338 in
382 2281 491 2340 Christi
515 2285 728 2342 resurrectione
741 2285 838 2341 visum
862 2291 915 2353 est,
941 2292 976 2341 111
997 2286 1102 2342 eadem
1126 2285 1220 2342 virtus
1234 2283 1360 2354 infinita,

156 2381 224 2435 qua
239 2361 269 2416 in
285 2359 401 2418 Christo
415 2362 587 2420 suscitando
611 2381 673 2420 sese
686 2362 810 2431 exeruit,
825 2363 856 2419 in
881 2362 1052 2419 hominihus
1065 2363 1176 2438 pariter
1190 2381 1228 2419 ex
1248 2361 1360 2436 peccati

158 2438 277 2496 tumulo
290 2439 452 2496 excitandis
465 2441 601 2498 debuerit
620 2441 743 2516 operari.
786 2439 895 2500 Jamsi
907 2440 989 2498 Deus
1011 2459 1071 2497 nou
1095 2441 1221 2498 ulterius
1245 2440 1308 2515 agit
1329 2440 1359 2496 in

157 2516 245 2574 nobis
259 2517 473 2587 convertendis,
488 2537 580 2592 quam
594 2527 629 2576 ut
643 2519 793 2594 relinquet
806 2519 960 2575 hominem
969 2520 1002 2575 in
1016 2519 1147 2593 ancipiti,
1163 2525 1198 2575 ut
1211 2537 1301 2594 penes
1315 2519 1357 2592 ip·

156 2614 224 2652 sum
235 2594 273 2652 sit
280 2595 407 2668 gratiam
412 2596 576 2666 admittere,
583 2598 632 2653 vel
638 2597 765 2671 rejicere,
772 2596 846 2672 quid
855 2596 994 2670 opusfuit
1001 2597 1058 2654 isto
1065 2597 1359 2664 verborumcumulo,

155 2681 257 2748 etqua
270 2673 332 2729 veri
345 2673 440 2746 specie
451 2675 550 2748 potuit
557 2674 653 2732 dicere
662 2675 804 2732 invictam
815 2674 901 2732 istam
911 2674 1075 2748 potentiam
1086 2674 1116 2730 in
1128 2673 1213 2730 nohis
1227 2674 1307 2730 exeri
1321 2675 1359 2729 ad

155 2753 279 2808 modum
294 2751 515 2810 resurrectionis
531 2753 657 2812 Christi?
680 2753 757 2810 Saue
771 2753 827 2810 ista
842 2753 949 2818 omnia,
962 2753 1010 2808 vel
1023 2752 1143 2807 nullum
1157 2768 1278 2808 sensum
1290 2749 1360 2805 fun·

154 2830 294 2899 duntvel
304 2829 408 2902 gratiae
417 2830 693 2902 imesistibilitatem,
699 2838 729 2888 et
737 2829 895 2888 efficaciam
904 2829 1133 2904 insuperabilem
1145 2830 1358 2885 demonstrant.

195 2907 234 2963 X.
257 2905 322 2964 Nec
346 2907 404 2964 dici
428 2915 526 2981 potest
539 2910 621 2983 quod
639 2910 748 2966 volunt
761 2908 1026 2965 Remoustrantes:
1044 2906 1069 2963 1.
1093 2913 1109 2939 “
1123 2905 1186 2979 Agi
1210 2906 1247 2962 de
1261 2922 1359 2961 resur-

155 2985 285 3043 rectione
304 2985 443 3058 corporis,
458 3004 518 3042 non
540 2989 578 3044 de
599 2987 791 3044 conversione
812 2985 947 3042 auimae.'’
990 2983 1070 3052 Quia
1092 3001 1198 3058 scopus
1222 2989 1252 3039 et
1271 2983 1360 3040 series

154 3063 313 3120 verborum
328 3063 457 3120 ostendit
469 3065 623 3122 manifeste
637 3065 687 3138 agi
697 3066 734 3122 de
745 3063 934 3121 conversione
945 3070 1054 3131 nostra,
1063 3078 1255 3135 nequequam
1263 3061 1301 3116 de
1314 3078 1360 3116 re-

152 3141 345 3211 surrectione,
359 3149 389 3198 et
410 3143 467 3198 hoc
480 3144 673 3199 confirmatur
688 3161 724 3198 ex
738 3160 801 3215 cap.
817 3141 846 3196 ii.
861 3140 889 3210 5,
899 3141 928 3210 6,
943 3141 995 3197 uhi
1010 3139 1176 3214 Apostolus
1190 3138 1306 3194 rediens
1320 3139 1360 3194 ad

151 3219 331 3291 institutum,
355 3225 372 3252 “
386 3218 426 3276 Et
449 3238 503 3277 nos
525 3222 689 3291 mortuos,''
702 3219 801 3294 inquit
824 3226 841 3251 “
851 3219 883 3274 in
902 3218 1036 3292 peccatis,
1050 3215 1267 3274 convivificavit
1290 3233 1359 3272 cum

153 3297 300 3368 Christo,”
315 3296 396 3372 quod
408 3299 445 3355 de
458 3297 671 3356 resurrectione
684 3296 812 3370 intelligi
827 3295 938 3371 nequit,
951 3304 986 3353 ut
1000 3315 1053 3353 nec
1066 3293 1230 3368 sequentia,
1240 3311 1299 3350 111.
1313 3293 1359 3363 10,

151 3382 171 3410 “
184 3375 273 3432 Illius
284 3393 359 3450 opus
372 3393 484 3446 sumus,
499 3377 589 3434 creati
601 3375 633 3432 in
647 3376 764 3434 Christo
777 3374 882 3433 Jesu.”
924 3375 1061 3450 Denique
1075 3373 1100 3429 si
1114 3371 1361 3429 resurrectionem

152 3453 297 3511 voluisset
310 3459 414 3510 notare
428 3471 488 3510 uon
503 3453 626 3512 dixisset
639 3454 803 3528 potentiam
817 3453 901 3510 illam
915 3452 996 3510 exeri
1008 3451 1039 3508 in
1054 3450 1191 3528 praesenti
1205 3467 1277 3524 erga
1297 3468 1360 3520 nos,

151 3533 204 3589 sed
220 3532 252 3587 in
265 3531 369 3588 futuro
384 3537 504 3589 tanturn
518 3549 581 3590 esse
592 3533 781 3590 exerendam.

192 3609 251 3666 XI.
273 3611 301 3666 2.
324 3616 341 3642 ‘⁴
354 3609 416 3683 Agt
430 3628 491 3666 non
505 3611 542 3666 de
556 3611 625 3667 fidei
638 3609 843 3684 productione,
853 3609 925 3684 quia
935 3609 1101 3684 alloquitur
1113 3609 1224 3678 fideles,
1236 3605 1362 3682 quijam

150 3687 352 3758 crediderunt,
368 3688 419 3744 sed
433 3688 471 3744 de
484 3688 554 3745 fidei
568 3687 791 3746 conservatione
805 3695 835 3745 et
845 3687 1056 3758 incremento,”
1071 3693 1107 3744 ut
1125 3687 1144 3743 2
1163 3685 1264 3742 Thess.
1279 3685 1297 3740 i.
1315 3683 1361 3741 11.

155 3765 214 3822 Sed
228 3764 298 3822 licet
310 3767 484 3839 alloquatur
497 3767 600 3824 fideles
610 3766 676 3839 jam
690 3767 850 3836 credentes,
865 3783 926 3822 non
948 3765 1047 3823 obstat
1068 3765 1228 3840 quominus
1247 3761 1279 3817 in
1300 3779 1362 3816 mc-

153 3841 281 3897 moriam
294 3842 353 3898 illis
367 3851 484 3900 revocet
497 3845 622 3901 modum
637 3861 698 3918 quo
718 3843 916 3912 crediderunt,
932 3849 962 3900 et
974 3844 1116 3900 virtutem
1137 3841 1278 3897 invictam
1302 3837 1361 3892 Dei

154 3935 207 3992 per
220 3935 310 3990 quam
323 3920 520 3992 crediderunt,
536 3929 570 3978 ut
588 3939 624 3980 eo
644 3921 739 3995 magis
758 3921 923 3978 excitentur
940 3922 979 3978 ad
1003 3918 1231 3994 glorificaudum
1252 3913 1359 3984 Deum

155 3993 272 4052 Deinde
283 3996 307 4052 si
318 4002 401 4052 tauta
414 4000 547 4071 potentia
561 4000 732 4074 requiratur
743 3999 773 4055 in
795 3998 1018 4056 conservatione
1039 4004 1069 4053 et
1089 3995 1280 4059 incremento,
1300 4009 1361 4047 uon

154 4071 261 4141 minor,
273 4072 333 4130 imo
344 4077 437 4146 major
450 4077 548 4152 longe,
560 4077 722 4152 requiritur
733 4078 771 4134 ad
782 4077 848 4150 ejus
858 4074 1092 4151 productionem.
1124 4071 1151 4126 3.
1164 4077 1181 4103 “
1193 4068 1224 4126 N
1227 4086 1266 4124 on
1277 4085 1362 4141 posse

147 4149 355 4207 conversionis
366 4159 465 4209 ectum
479 4172 498 4211 a
506 4156 570 4212 solo
581 4155 647 4213 Deo
661 4157 790 4229 pendere
804 4161 839 4210 ut
852 4151 1036 4210 resuscitatio
1046 4147 1184 4208 mortuis
1197 4146 1261 4203 solo
1272 4147 1362 4203 susci-

154 4234 239 4284 tante
258 4229 377 4302 pendet,
398 4229 470 4303 quia
488 4232 601 4290 homini
621 4233 678 4308 ipsi
698 4232 868 4307 praecipitur
881 4237 912 4287 11
933 4247 991 4286 nou
1007 4244 1074 4284 raro
1089 4225 1259 4283 tribuitur.'’
1303 4224 1362 4282 Sed

154 4307 225 4363 licei
236 4305 348 4362 homini
363 4307 559 4380 praeeipiatur,
568 4317 603 4367 111
616 4311 746 4368 officium
759 4309 903 4377 debitum,
917 4309 974 4363 hoe
987 4323 1048 4362 nou
1062 4303 1188 4378 impedit
1201 4302 1362 4375 quominus

155 4384 221 4442 Deo
235 4383 405 4441 vindicetur
418 4391 562 4461 tanquam
578 4407 653 4462 opus
666 4389 732 4462 ejus
745 4387 909 4465 proprium.
951 4384 1033 4442 Deus
1046 4382 1183 4456 jubendo
1198 4379 1279 4448 talia,
1294 4398 1362 4453 quae

153 4463 217 4538 ipse
230 4463 357 4519 daturus
372 4469 418 4520 est
434 4465 563 4522 ostendit
576 4465 774 4524 obedientiam
795 4465 937 4532 debitam,
952 4469 982 4520 et
994 4461 1101 4536 partim
1118 4459 1209 4516 etiam
1225 4457 1363 4531 jubendo

154 4543 216 4599 dat.
260 4539 302 4598 Et
325 4540 463 4615 quamvis
482 4544 633 4601 conversio
656 4545 782 4602 actualis
795 4541 909 4600 homini
924 4540 1075 4598 tribuatur
1089 4538 1120 4594 iu
1141 4545 1209 4594 actu
1224 4537 1362 4606 secundo,

154 4619 228 4694 quia
242 4624 327 4676 aetus
341 4619 411 4693 agit,
433 4638 589 4696 nunquam
603 4630 704 4680 tamen
724 4621 885 4680 habitualis
898 4620 930 4676 in
945 4627 1013 4676 actu
1027 4617 1133 4691 primo.
