3146 5210
137 411 248 463 eumer.
265 389 321 470 1v.]
565 408 603 447 nn
625 407 795 449 voearroan
824 409 861 447 nr
883 410 960 451 sine.
1286 397 1344 454 469

138 557 211 628 Deo,
224 551 271 610 vel
286 548 533 626 regenerationem
561 549 690 609 inchoari
718 550 755 608 ab
780 571 865 627 opere
888 550 967 628 quod
996 552 1076 610 Dens
1099 551 1184 628 jubet
1198 553 1343 613 hominem

135 637 239 707 iacere,
255 639 284 688 et
298 627 376 706 quod
390 649 456 687 cum
477 629 563 687 bomo
577 630 645 690 lacit
665 631 804 708 paulatim
826 632 984 706 reviviscit,
997 641 1029 689 ut
1043 631 1201 706 loquuntur
1216 633 1342 692 Remen-

135 722 269 774 strantes.
312 707 386 784 Quia
399 707 566 768 mandatum
581 710 659 768 istud
681 720 762 769 notat
776 709 847 787 quid
866 711 977 786 debeat,
1004 731 1061 768 non
1086 712 1156 787 quid
1171 713 1283 789 possit,
1313 723 1342 774 et

136 793 264 870 exigitur
278 790 315 847 ab
329 790 454 863 bomine,
469 789 538 847 dum
552 799 682 848 mortuus
697 799 749 865 est,
766 789 844 867 quod
864 811 922 848 non
936 789 1005 849 facit
1019 791 1075 849 nisi
1089 792 1262 869 vivificatus
1279 794 1342 852 Deo

136 878 199 952 ipso
214 870 291 949 quod
302 869 387 946 jubet
401 869 431 926 in
444 869 529 927 nobis
543 868 675 929 faciente.

176 949 336 1012 XXXIV.
359 948 420 1006 Nec
434 969 535 1026 parum
548 950 605 1008 huo
630 950 699 1008 facit
716 949 911 1010 (lacerationis
926 950 1094 1026 similitudo,
1110 970 1175 1027 quae
1190 953 1276 1011 toties
1291 953 1341 1012 ad-

134 1034 250 1091 hibetur
263 1031 293 1087 in
307 1029 362 1087 hoc
377 1039 555 1106 argumento.
578 1031 652 1088 Nam
666 1039 699 1088 nt
713 1030 743 1088 in
757 1031 942 1107 generatione
953 1031 1085 1106 hominis
1102 1031 1150 1088 vel
1163 1051 1258 1090 rerum
1273 1033 1342 1092 alia·

134 1133 198 1172 rum
212 1131 277 1188 quae
291 1108 374 1185 gigni
388 1110 490 1184 solent,
506 1110 565 1167 duo
588 1110 750 1168 necessario
771 1111 973 1187 requiruntur,
996 1131 1094 1169 semen
1108 1111 1185 1186 quod
1201 1111 1342 1172 extrinse-

134 1213 186 1252 cus
200 1190 328 1263 advenit,
344 1197 374 1246 et
388 1189 481 1247 virtus
495 1190 607 1248 interna
622 1191 695 1248 uteri
709 1190 758 1248 vel
768 1198 860 1264 terrae,
876 1209 941 1266 quse
952 1190 1025 1264 illud
1034 1190 1135 1268 recipit
1149 1198 1178 1249 et
1191 1192 1341 1252 vivificum

132 1272 235 1346 reddit,
260 1289 347 1346 quam
372 1287 470 1326 semen
492 1289 550 1328 non
580 1269 637 1344 dat,
664 1269 716 1328 sed
740 1271 896 1347 supponit:
917 1269 1024 1328 frustra
1038 1271 1114 1328 enirn
1141 1272 1288 1347 jaceretur
1311 1274 1341 1332 in

133 1363 239 1412 terram
264 1350 313 1407 vel
326 1356 448 1423 uterum,
465 1350 519 1407 nisi
535 1351 580 1408 vis
602 1351 714 1409 interna
735 1358 764 1409 et
777 1350 876 1408 vitalis
890 1350 1012 1425 adesset,
1029 1371 1094 1426 qnae
1108 1350 1182 1409 illud
1195 1353 1342 1430 exciperet

132 1443 161 1492 et
175 1433 335 1490 radicaret:
362 1429 408 1486 lta
422 1429 451 1486 in
472 1429 711 1506 Regeneratione,
735 1450 801 1488 cum
816 1430 923 1502 Verbo,
939 1430 1018 1506 quod
1031 1431 1119 1489 habet
1133 1431 1271 1490 rationem
1290 1433 1340 1492 Se-

133 1513 227 1584 minis,
243 1509 399 1586 requiritur
412 1509 458 1567 vis
484 1509 595 1568 interna
609 1521 638 1569 et
661 1510 780 1567 vivifiea
795 1510 928 1587 Spiritus,
944 1511 993 1586 qui
1005 1529 1055 1568 eor
1069 1510 1202 1586 disponat
1216 1511 1254 1570 ad
1268 1513 1342 1572 illud

133 1590 348 1670 recipiendum
371 1597 474 1646 utnon
497 1590 582 1648 cadat
595 1591 670 1648 inter
691 1591 797 1667 spinas,
813 1590 860 1648 vel
874 1589 938 1648 loca
952 1599 1075 1667 petrosa,
1091 1599 1120 1648 et
1141 1591 1219 1648 viam
1234 1593 1339 1667 tritam,

133 1673 184 1732 ubi
198 1672 245 1731 vel
258 1669 420 1743 suffocetur,
437 1669 485 1727 vel
496 1671 592 1728 statim
608 1679 765 1744 exarescat,
782 1670 832 1728 sed
858 1671 886 1727 in
907 1671 1007 1728 bonam
1030 1679 1144 1742 terram,
1161 1692 1211 1728 cor
1230 1672 1341 1731 scilicet

133 1753 232 1811 bonum
247 1761 273 1810 et
283 1751 432 1823 honestum,
451 1749 520 1808 Luc.
536 1750 596 1808 viii.
614 1753 659 1824 15,
675 1770 733 1808 non
747 1750 847 1826 ntique
861 1749 918 1808 tale
940 1758 1041 1809 natura
1057 1770 1116 1825 sue,
1133 1750 1215 1808 seda
1232 1751 1341 1828 Spiritu

133 1831 320 1909 pergratiam
344 1828 538 1887 immediatam
564 1829 680 1888 iactum.
723 1829 762 1887 Et
786 1829 1029 1906 quemadmodum
1058 1839 1156 1888 uterus
1171 1831 1277 1890 sterilis
1291 1832 1339 1890 vel

134 1911 256 1986 effeetus,
272 1908 365 1988 qualis
379 1907 433 1967 suit
447 1917 546 1968 uterus
563 1911 649 1984 Sarae,
665 1929 812 1986 nunquam
826 1918 924 1986 posset
935 1911 1084 1986 concipere
1100 1930 1136 1967 ex
1152 1911 1268 1986 semine,
1284 1913 1340 1970 nisi

133 2012 199 2051 eum
214 1990 321 2050 semine
335 1987 453 2046 daretur
466 1991 511 2048 vis
533 1990 666 2067 quiedam
691 1990 812 2063 interna,
828 2009 893 2066 quae
906 1989 981 2048 uteri
996 1989 1174 2048 debilitatem
1189 1991 1338 2050 confimra·

132 2081 185 2148 ret,
201 2080 230 2130 et
244 2089 377 2146 capacem
391 2067 474 2126 illurn
487 2071 621 2128 redderet
635 2069 672 2126 ed
686 2070 881 2146 recipiendum
904 2089 1009 2144 semen,
1033 2077 1061 2127 et
1076 2089 1113 2126 ex
1128 2089 1162 2127 eo
1176 2071 1336 2147 concipien-

131 2153 200 2212 dum
212 2152 321 2224 foetum,
337 2149 458 2224 pervim
473 2159 605 2208 enarranti
625 2169 689 2226 quae
705 2150 734 2206 in
746 2169 779 2207 eo
794 2159 847 2224 est,
859 2148 938 2226 quod
948 2149 1055 2207 Paulus
1070 2149 1106 2207 de
1123 2149 1194 2207 Sam
1208 2159 1337 2228 testatur,

131 2253 221 2310 quum
244 2231 285 2289 ait
310 2229 386 2286 Heb.
398 2227 438 2285 xi.
466 2231 511 2301 11,
537 2229 554 2260 “
565 2227 643 2286 illam
658 2249 710 2305 per
729 2229 815 2286 fidem
830 2230 976 2305 accepisse
990 2229 1050 2286 vim
1065 2228 1102 2286 ad
1117 2230 1337 2307 concipiendum

132 2333 231 2372 senten
247 2312 273 2370 :'’
291 2310 337 2368 Ita
351 2327 400 2366 cor
413 2308 545 2380 bominis,
562 2309 640 2384 qnod
654 2329 712 2366 non
727 2309 813 2366 modo
828 2311 924 2368 sterile
939 2317 983 2368 est
997 2318 1025 2369 et
1039 2307 1176 2384 effoetum,
1192 2311 1242 2368 scd
1254 2311 1339 2387 plane

131 2399 285 2464 mortuum,
311 2398 340 2447 et
363 2387 473 2446 viribus
495 2387 665 2446 destitutum
688 2388 726 2446 ad
739 2389 807 2447 boni
828 2389 916 2448 ullius
927 2389 1152 2466 conceptionem,
1168 2409 1227 2447 non
1241 2401 1339 2467 posset

131 2490 261 2548 unquam
276 2490 313 2528 ex
328 2467 434 2526 semine
449 2467 541 2526 Verbi
555 2488 638 2526 novae
653 2479 791 2528 creaturae
805 2469 905 2527 foetnm
921 2470 1079 2546 concipere,
1091 2469 1148 2527 nisi
1162 2470 1208 2528 via
1222 2470 1339 2529 vivifica

133 2551 259 2628 Spiritus
273 2550 316 2608 illi
330 2547 561 2625 suppeditaretur
574 2549 611 2606 ad
626 2549 855 2626 concipiendum.

126 2671 144 2716 3
181 2673 219 2718 Ex
246 2671 306 2715 ,Μὴ
332 2670 373 2713 ubi
434 2627 577 2686 XXXV.
599 2629 706 2704 Tertio,
718 2630 785 2688 Huc
800 2630 944 2706 pertinent
957 2631 1022 2688 loca
1033 2629 1187 2706 Scripturas
1202 2631 1291 2705 varia,
1307 2631 1338 2689 in

146 2704 239 2788 'pacis
259 2729 373 2786 proponi·
393 2708 499 2783 quibus
522 2708 623 2767 Gratia
647 2711 816 2787 proponitur
837 2717 870 2767 ut
897 2709 1059 2768 necessaria
1083 2709 1120 2766 ad
1144 2710 1337 2786 receptionem

160 2799 202 2834 cnr
217 2794 247 2834 ue
263 2801 370 2832 necessa·
393 2787 492 2862 Verbi,
507 2796 540 2847 ut
554 2809 642 2865 quum
669 2790 790 2864 Psaltes,
808 2790 885 2847 Psal.
910 2790 989 2846 cxix.
1006 2790 1052 2862 18,
1067 2788 1142 2866 petit
1152 2788 1215 2862 eibi,
1240 2791 1258 2822 “
1269 2809 1336 2866 ape-

159 2849 371 2951 bidaeffvellitlp
391 2867 440 2924 riri
454 2868 555 2926 oculos
569 2867 606 2926 ad
621 2868 842 2946 contemplanda
855 2868 998 2926 mirabilia
1023 2868 1111 2944 Legis
1123 2868 1151 2943 ;''
1173 2875 1202 2925 et
1218 2867 1335 2944 Paulus,

392 2947 466 3024 Eph.
482 2949 501 3006 i.
518 2951 563 3022 17,
582 2951 627 3023 18,
643 2959 776 3026 precatur
790 2949 934 3025 Ephesiis,
958 2950 976 2982 ‘⁴
993 2947 1130 3024 Spiritum
1146 2948 1293 3023 sapientire
1307 2957 1337 3006 et

128 3025 322 3096 revelationis,
335 3026 434 3084 oculos
454 3027 564 3086 scilicet
584 3029 689 3087 mentis
711 3029 897 3102 illuminatos,
913 3035 1130 3104 utcognoseant
1145 3047 1224 3103 spem
1239 3028 1335 3086 Voca-

125 3106 222 3180 tioniS,
231 3115 260 3163 et
269 3105 678 3183 divitiasgloriaeinSanctis.”
687 3109 826 3182 Christus,
836 3107 1050 3179 Luexximtb,
1059 3107 1171 3180 dicitnr,
1186 3111 1335 3166 “mentem

126 3185 277 3262 discipulis
286 3187 431 3262 aperuisse
443 3186 480 3244 ad
491 3187 695 3264 intelligendas
708 3187 899 3265 Scripturas.”
916 3187 982 3244 Non
993 3187 1098 3244 dieitur
1109 3194 1219 3245 tantum
1231 3192 1335 3254 tangar

127 3275 170 3326 etr
184 3275 282 3340 epacte,
296 3268 449 3342 explicasse
463 3268 636 3343 Scripturas,
656 3276 690 3327 ut
703 3268 809 3326 fecerat
828 3267 977 3345 discipulis
1001 3266 1188 3342 Emauntieis,
1209 3287 1270 3325 ver.
1286 3271 1334 3342 32,

125 3345 204 3422 quod
220 3345 256 3402 ad
268 3355 416 3404 externam
431 3347 663 3424 praedicationem
679 3347 856 3425 pertinebat3
881 3347 932 3405 sed
946 3347 1090 3422 apernisse
1104 3356 1219 3405 mentem
1234 3348 1333 3422 ipsam,

125 3425 205 3502 quod
220 3425 313 3484 innuit
327 3428 387 3484 vim
402 3435 431 3485 et
445 3427 599 3486 efficaciam
616 3429 740 3504 Spiritus
755 3428 832 3486 intus
842 3427 994 3504 operantis,
1007 3435 1036 3485 et
1049 3436 1174 3485 mentem
1189 3427 1334 3486 illustran-

125 3507 173 3580 tis,
200 3505 344 3582 quomodo
368 3507 437 3564 alibi
462 3506 543 3566 Deus
568 3507 674 3566 dicitur
697 3529 796 3566 aurem
810 3508 932 3583 aperire,
951 3507 1007 3565 Isa.
1023 3507 1117 3570 xlviii.
1133 3509 1160 3582 8,
1177 3516 1206 3566 et
1219 3507 1239 3566 l.
1255 3509 1282 3582 5,
1299 3507 1334 3566 iis

125 3606 199 3664 quos
215 3585 251 3642 ad
266 3586 441 3644 audiendum
455 3587 585 3646 Verbum
601 3588 735 3664 disponit,
751 3589 819 3663 quia
834 3587 963 3645 Verbum
985 3586 1090 3645 frustra
1108 3587 1290 3664 praedicatur,
1306 3597 1335 3646 et

125 3667 211 3743 signa
225 3665 368 3742 videntur,
382 3667 436 3725 nisi
453 3667 533 3725 Deus
544 3667 593 3726 dot
608 3667 707 3726 oculos
729 3667 767 3725 ad
782 3666 949 3740 videndum,
979 3687 1062 3726 aures
1090 3667 1128 3724 ed
1149 3667 1333 3742 audiendum,

125 3755 155 3804 et
183 3765 234 3803 cor
254 3746 291 3803 ad
319 3746 547 3824 intelligendum,
579 3748 666 3806 Deut.
691 3748 775 3805 xxix.
805 3751 832 3823 3,
859 3751 887 3804 4.
930 3747 1042 3805 Eodem
1070 3767 1165 3822 sensu,
1188 3747 1256 3804 Act.
1272 3748 1333 3804 xvi.

132 3827 178 3897 14,
215 3825 294 3882 Deus
322 3826 428 3885 dicitur
459 3831 541 3886 “cor
566 3827 667 3905 Lydiae
706 3828 861 3904 aperuisse,
897 3834 1336 3900 aepatxuma‘raarovpolntrlut

130 3909 232 3976 natare,
247 3913 279 3959 ut
293 3906 452 3966 attenderet
466 3907 501 3966 iis
515 3928 579 3984 quae
595 3907 764 3966 dicebantur
788 3928 805 3964 a
828 3908 949 3964 Paulo.''
992 3906 1039 3963 Ex
1051 3904 1156 3981 quibus
1167 3904 1274 3961 clemm
1290 3918 1334 3963 est

128 3981 278 4038 oculorum
292 3990 321 4041 et
335 3985 430 4042 cordis
454 3988 630 4063 apertionem
645 3987 713 4064 poni
724 3996 757 4045 ut
771 3987 897 4044 medium
912 3985 948 4043 ad
964 3985 1149 4042 attentionem
1166 3983 1216 4038 se'u
1228 3982 1332 4040 intelli·

129 4059 259 4137 gentiam
273 4061 373 4137 Verbi,
389 4072 418 4122 et
429 4065 619 4125 obedientiam
635 4067 711 4141 fidei,
728 4067 836 4143 absque
851 4084 976 4143 qnancn
991 4070 1089 4139 posset
1102 4061 1234 4119 obtineri.
1258 4063 1332 4120 Nam
1357 4135 1359 4140 Ι

128 4142 153 4198 si
168 4140 272 4217 aperiri
286 4140 386 4201 debuit
400 4163 449 4202 cor
472 4146 509 4203 ad
537 4146 745 4205 attendendum
760 4146 866 4220 Verbo,
884 4145 963 4220 Ergo
977 4161 1034 4199 non
1049 4141 1143 4218 potuit
1157 4141 1261 4216 aperiri
1282 4161 1334 4219 per
1402 4153 1407 4162 '

128 4219 268 4296 Verbum,
285 4222 336 4279 sed
350 4224 552 4284 antecedenter
566 4227 602 4284 ad
613 4226 703 4284 Verbi
717 4226 910 4302 receptionem
933 4231 1061 4298 apertum
1074 4239 1136 4278 esse
1152 4219 1259 4279 debuit.
1294 4223 1333 4280 Et

125 4299 169 4360 rei
184 4299 274 4376 ipsius
285 4309 388 4360 natura
399 4303 453 4362 boc
467 4305 612 4382 postulat;
636 4307 708 4364 Cum
724 4307 799 4364 enim
810 4303 929 4364 attentio
945 4300 1035 4359 Verbi
1047 4319 1104 4358 non
1118 4301 1210 4377 possit
1224 4320 1287 4359 esse
1302 4302 1332 4358 in

125 4379 213 4440 eorde
228 4379 336 4455 clauso,
351 4381 403 4440 sed
428 4393 535 4461 aperto,
551 4387 711 4444 necessario
727 4385 850 4463 supponi
872 4382 973 4441 debuit
987 4389 1116 4458 apertum
1130 4379 1168 4438 ad
1182 4381 1332 4439 attenden-

125 4462 205 4520 dum.
249 4459 310 4520 Nec
331 4471 427 4539 potest
450 4465 501 4523 illa
525 4467 633 4542 apertio
649 4468 741 4524 solum
755 4467 817 4524 fieri
830 4484 882 4543 per
896 4462 1034 4535 Verbum,
1050 4468 1149 4538 utpote
1164 4460 1241 4537 quod
1253 4461 1333 4518 illam

124 4560 279 4621 procurare
304 4563 362 4600 non
380 4545 480 4620 possit,
504 4545 639 4622 nisique
663 4554 809 4624 receptam
833 4545 862 4602 in
886 4542 972 4602 corde
991 4561 1041 4618 per
1055 4541 1252 4614 attentionem,
1268 4562 1332 4617 quae

122 4621 301 4700 apertionem
319 4623 380 4700 jam
396 4625 540 4701 supponit.
583 4625 654 4684 (lum
669 4645 738 4703 ergo
758 4625 867 4702 apertio
882 4625 938 4682 ista
962 4621 1106 4698 significet
1120 4619 1333 4679 obstaculorum

122 4703 261 4776 omnium,
277 4723 341 4779 quse
355 4703 447 4762 Verbi
462 4705 623 4781 ingressum
639 4713 667 4763 et
681 4705 805 4763 fructum
827 4702 1029 4780 impediebant,
1050 4701 1245 4775 remotionem,
1268 4720 1333 4776 quea
