3146 5210
267 401 325 458 394
664 414 755 455 rocus
771 413 900 453 necinus
915 413 1058 460 curreres.
1264 393 1386 473 [osmer.
1404 413 1464 452 xrar.

264 567 383 616 amorte
398 556 482 614 uobis
496 555 602 630 debita,
614 575 673 612 non
692 549 843 612 differeab
858 553 1047 631 acquisitione
1059 553 1168 630 gloriae.
1212 553 1287 628 Quia
1300 553 1386 612 multi
1401 564 1464 612 suut

264 637 371 714 gradus
385 638 462 708 vitre,
478 647 511 694 ut
531 645 560 694 et
577 635 708 712 justitiae.
734 633 946 692 Liberationem
969 633 1084 709 quidem
1099 653 1116 690 a
1130 641 1221 691 morte
1244 634 1375 711 sequitur
1399 635 1464 692 vita

263 716 409 796 possessio
422 739 428 789 ;
451 715 502 774 sed
516 735 574 772 nou
599 713 696 773 statim
710 713 778 772 vitae
792 713 884 772 beatae
899 721 928 771 et
949 713 1090 788 gloriosae,
1105 722 1139 771 ut
1160 713 1358 773 liberationem
1374 733 1391 770 a
1406 733 1464 772 car·

264 817 327 855 cere
351 795 610 872 sequiturquidem
633 794 759 869 libertas,
783 793 835 852 sed
858 813 916 851 non
939 793 1035 852 statim
1057 792 1190 851 diadema
1212 803 1243 853 et
1268 795 1410 853 thronus:
1435 803 1465 850 ut

263 877 285 936 J
287 877 411 952 osephns
425 875 520 952 potuit
533 875 649 952 quidem
664 893 701 932 ex
716 873 840 931 vinculis
855 873 939 944 solvi,
955 874 1077 931 sednon
1092 874 1189 931 statim
1200 873 1306 950 praefici
1322 875 1464 950 AEgypto

265 958 346 1014 Inter
361 965 479 1014 mortem
494 965 523 1014 ct
537 955 626 1012 vitam
642 951 818 1031 simpliciter,
834 951 945 1012 nullum
959 951 1074 1030 quidem
1087 951 1171 1011 datur
1185 953 1312 1012 medium
1327 977 1334 1029 3
1358 953 1410 1010 scd
1424 954 1464 1010 in·

263 1045 308 1095 ter
320 1045 441 1094 mortem
453 1045 598 1108 aetemam,
614 1041 643 1092 et
658 1033 747 1092 vitam
761 1032 876 1092 beatam
890 1043 919 1092 et
938 1033 1101 1108 gloriosum,
1118 1033 1203 1090 datur
1215 1034 1277 1092 vita
1291 1033 1414 1105 servilis,
1437 1033 1465 1089 in

264 1125 341 1176 statu
355 1116 410 1173 viae
424 1134 482 1173 non
504 1112 613 1192 patriae,
636 1113 738 1190 inqua
758 1113 844 1170 homo
864 1112 901 1170 ad
915 1112 1001 1171 officii
1015 1112 1210 1190 impletionem
1225 1113 1319 1172 adbuc
1342 1113 1465 1171 obstrin-

286 1204 389 1254 eretur.

264 1217 285 1274 g
303 1273 380 1333 XII.
403 1275 485 1332 Licet
511 1293 580 1331 vero
595 1271 652 1330 duo
667 1273 723 1330 ista
737 1269 876 1330 beneficia
894 1269 1099 1348 distinguenda
1112 1291 1174 1330 esse
1190 1292 1376 1346 censeamus;
1400 1271 1465 1330 Non

261 1363 396 1434 putamus
410 1363 507 1413 tamen
521 1354 607 1411 anxie
621 1351 815 1428 quarendum,
831 1351 937 1430 quibus
957 1351 1069 1410 actibus
1084 1351 1261 1428 satisfecerit,
1284 1352 1333 1410 vel
1346 1353 1466 1410 meritus

261 1435 307 1510 sit,
320 1444 352 1493 ut
366 1433 475 1493 faciunt
488 1433 629 1507 nonnulli,
645 1432 694 1508 qui
716 1431 940 1490 satisfactionem
953 1431 1144 1524 passionibus,
1160 1433 1293 1490 meritum
1311 1451 1381 1490 vero
1396 1431 1466 1490 solis

261 1515 422 1574 actionibus
437 1514 574 1586 tribuunt,
590 1523 623 1572 ut
638 1531 688 1588 per
701 1511 766 1570 illas
781 1529 833 1570 nos
853 1510 982 1569 liberant
1001 1532 1018 1568 a
1032 1519 1132 1586 morte,
1147 1531 1199 1588 per
1212 1511 1283 1570 istas
1297 1531 1367 1571 vero
1381 1511 1466 1570 nobis

260 1593 448 1672 acquisiverit
460 1595 509 1671 jus
524 1591 561 1650 ad
575 1591 682 1666 vitam3
698 1591 767 1667 quia
779 1589 927 1668 Scriptura
941 1609 1083 1668 nusquam
1097 1589 1290 1650 obedientiam
1306 1591 1413 1650 Christi
1425 1591 1467 1649 ita

260 1675 377 1733 videtur
395 1672 616 1749 distinguerem
636 1677 741 1748 partes,
767 1670 818 1729 sed
842 1669 921 1728 illam
946 1680 1081 1748 tanquam
1104 1671 1218 1729 unicam
1241 1671 1383 1748 proponit,
1408 1691 1468 1747 qua

260 1755 392 1812 Christus
407 1753 503 1812 omnia
517 1751 567 1810 illa
581 1750 753 1828 praestiterit,
770 1769 834 1828 quae
849 1769 866 1807 a
880 1749 963 1808 nobis
976 1750 1070 1827 potuit
1086 1749 1149 1808 Lex
1163 1752 1316 1828 requirere.
1340 1749 1464 1824 Rursus,

259 1853 325 1892 cum
341 1833 472 1892 Christus
486 1851 538 1909 per
551 1830 744 1890 obedientiam
760 1830 826 1887 vitae
837 1829 1002 1906 praestiterit
1014 1830 1092 1908 quod
1112 1850 1129 1888 a
1148 1831 1232 1889 nobis
1247 1831 1414 1903 debebatur,
1435 1837 1467 1889 et

258 1914 296 1972 ad
317 1913 395 1990 quod
409 1913 480 1970 alias
498 1910 687 1988 personaliter
700 1909 876 1984 tenebamur,
898 1929 931 1967 eo
956 1909 1019 1986 ipso
1039 1909 1190 1987 pronubis
1213 1910 1351 1969 satisfacit
1375 1909 1466 1987 Legis

258 1993 422 2070 postulato:
438 1993 475 2050 Et
491 2011 554 2048 oum
571 1989 735 2048 obedientia
754 1989 871 2066 passiva
884 1988 1056 2066 processerit
1080 2009 1116 2047 ex
1132 2007 1244 2048 summa
1258 1990 1288 2047 in
1302 2009 1355 2048 nos
1370 1991 1465 2048 clrari·

257 2081 325 2147 tate,
341 2091 405 2149 quse
420 2080 464 2130 est
486 2070 574 2146 Legis
599 2069 849 2145 complementum,
870 2089 929 2126 non
948 2077 1044 2146 potest
1064 2069 1197 2128 meritum
1212 2069 1254 2127 illi
1269 2069 1415 2146 denegari,
1431 2079 1467 2128 ut

257 2153 359 2210 habuit
373 2151 512 2209 rationem
527 2148 619 2230 λὺψυ
633 2157 662 2208 et
682 2153 755 2224 τιμῆς
779 2167 830 2207 seu
851 2148 944 2224 pretii,
960 2169 1017 2225 quo
1028 2149 1078 2226 jus
1093 2147 1234 2208 advitam
1248 2149 1332 2208 nobis
1347 2157 1391 2207 est
1416 2169 1465 2208 ac-

256 2231 403 2308 quisitum.
428 2230 600 2305 Scrupulose
623 2249 692 2306 ergo
708 2229 763 2286 ista
777 2227 981 2304 distinguenda
995 2249 1052 2286 non
1068 2237 1142 2303 sunt,
1158 2229 1226 2305 quia
1241 2237 1393 2305 utrumque
1408 2227 1467 2288 hoc

256 2309 428 2369 beneficium
448 2307 624 2384 conjunctim
639 2307 746 2384 pendet
760 2307 797 2365 ab
812 2307 924 2384 integra
946 2328 1040 2366 causae
1055 2307 1171 2381 virtute,
1187 2317 1257 2386 puta
1271 2307 1379 2367 Christi
1393 2309 1464 2367 obe·
1564 2311 1565 2364 Q

255 2388 384 2446 dientia:
407 2387 468 2446 Nec
482 2387 559 2444 enim
573 2395 723 2463 peccatum
738 2395 804 2446 ante
819 2387 929 2464 expiari
950 2388 1053 2464 potuit,
1078 2407 1164 2464 quarn
1180 2389 1243 2446 Lex
1257 2387 1383 2466 perfecte
1408 2388 1465 2445 im·

255 2467 334 2545 pleta
356 2475 439 2541 esset,
456 2486 510 2524 uec
527 2464 577 2542 jus
598 2465 739 2524 advitam
754 2465 872 2542 acquiri,
889 2485 974 2543 quarn
996 2467 1106 2543 peccati
1120 2475 1216 2526 reatus
1231 2475 1307 2526 esset
1331 2467 1465 2541 deletus;

257 2548 365 2606 Monuit
379 2567 448 2623 ergo
471 2545 682 2618 satisfaciendo,
698 2555 727 2603 et
745 2543 881 2604 merendo
902 2545 1050 2605 satisfecit.
1084 2547 1127 2604 Eo
1142 2548 1218 2606 enim
1232 2547 1386 2625 plurimum
1403 2567 1465 2606 me·

256 2629 326 2702 ruit,
336 2625 414 2704 quod
429 2625 548 2684 arduum
560 2633 589 2683 et
602 2623 812 2700 difficillimum,
829 2623 907 2702 quod
918 2625 1095 2702 impossibile
1107 2627 1249 2702 omnibus,
1265 2627 1302 2686 ad
1316 2626 1394 2704 quod
1409 2628 1465 2685 mi-

254 2708 330 2766 nime
344 2705 504 2780 tenebatur,
520 2703 728 2782 perfectissima
742 2703 913 2780 obedientia,
930 2705 960 2762 in
974 2715 1069 2782 quaet
1084 2707 1189 2765 amoris
1204 2727 1272 2784 erga
1286 2727 1340 2764 nos
1360 2705 1467 2766 effudit
1563 2729 1564 2736 ¹

253 2787 357 2864 iugens
378 2795 588 2863 argumentum,
604 2794 633 2843 et
647 2805 704 2862 qua
727 2785 806 2844 Patri
821 2805 851 2843 se
866 2785 1040 2862 morigerum
1053 2785 1185 2864 praebuit,
1201 2797 1230 2845 et
1246 2785 1317 2863 Legi
1333 2785 1464 2863 speciali,

255 2867 468 2944 Vocationique
483 2885 542 2924 suae
557 2883 608 2942 per
630 2863 726 2922 omnia
741 2865 887 2939 satisfecit,
903 2885 968 2941 quae
982 2865 1053 2924 alias
1067 2865 1175 2924 nullius
1184 2887 1254 2925 usus
1269 2867 1352 2925 nobis
1366 2865 1467 2925 futura

254 2947 364 3022 fuisset,
377 2946 433 3004 nisi
447 2955 538 3004 morte
553 2944 705 3021 obsignata
720 2955 749 3005 et
762 2951 959 3003 consummata
974 2943 1082 3004 fuisset.
1113 2945 1152 3003 Et
1166 2945 1323 3006 satisfactio
1337 2965 1394 3004 non
1410 2965 1465 3004 ex·

255 3037 343 3086 ternae
372 3033 484 3085 tautum
507 3025 656 3102 sanguinis
680 3025 820 3083 oblationi
854 3023 1044 3082 adscribenda
1071 3033 1123 3100 est,
1147 3023 1199 3084 aed
1219 3026 1362 3102 praecipue
1384 3027 1465 3084 actui

254 3105 376 3180 interno,
390 3107 523 3164 nimirum
539 3113 704 3182 spontaneas
720 3105 782 3181 ejus
798 3113 827 3163 et
841 3103 1079 3162 constantissimae
1095 3105 1246 3180 voluntati,
1263 3125 1320 3182 qua
1335 3105 1464 3163 sanctifiu

255 3187 315 3244 cari
336 3187 466 3260 dicimur,
490 3185 566 3242 Heb.
590 3205 620 3241 x.
638 3187 691 3260 143
715 3203 773 3241 non
787 3191 898 3242 tantum
927 3181 1017 3263 abrgov
1045 3184 1181 3242 solutioni
1206 3185 1256 3244 sed
1284 3193 1345 3243 toto
1371 3183 1463 3266 λίψ,

255 3265 333 3343 quod
348 3273 392 3322 est
407 3265 467 3341 ipse
483 3259 614 3322 Christus
629 3283 659 3321 se
674 3263 790 3321 tradens
805 3271 834 3322 et
843 3262 999 3340 subjiciens
1019 3283 1070 3340 pro
1085 3263 1178 3322 nobis.

297 3343 392 3400 Xlll.
415 3345 476 3401 Nec
497 3343 543 3399 hic
567 3341 728 3400 audiendus
749 3343 879 3416 Somnus,
896 3342 946 3419 qui
961 3343 1185 3402 satisfactionem
1200 3352 1228 3403 ct
1242 3344 1375 3402 meritum
1397 3345 1464 3404 vult

255 3441 318 3479 esse
333 3421 474 3496 acinace,
497 3422 565 3496 quia
587 3421 743 3478 satisfactio
758 3429 802 3479 est
816 3421 921 3480 solutio
942 3421 1032 3480 debiti
1054 3423 1089 3481 de
1107 3424 1183 3500 jure,
1199 3433 1227 3482 et
1241 3424 1374 3482 meritum
1389 3444 1464 3500 opus

255 3499 424 3558 indebitum.
447 3498 586 3574 Quamvis
601 3499 676 3557 enim
685 3501 740 3558 hoe
749 3507 825 3558 recte
840 3501 953 3560 dicatur
966 3511 1098 3580 respectu
1112 3503 1316 3562 satisfactionis
1330 3505 1463 3580 propriae,

255 3599 313 3636 non
328 3579 397 3638 itam
406 3579 503 3637 locum
516 3578 604 3636 habet
618 3587 750 3655 respectu
765 3579 968 3639 satisfaetroms
983 3601 1105 3657 vrcensc,
1123 3603 1152 3640 m
1163 3603 1221 3660 qua
1237 3583 1364 3660 Sponsor
1378 3584 1464 3641 satis-

255 3659 363 3716 faciens
374 3666 469 3734 potest
483 3659 569 3715 etiarn
584 3659 695 3732 mereri,
712 3667 772 3717 tum
787 3671 918 3736 respectu
941 3659 1096 3736 Debitoris,
1111 3659 1239 3720 indebite
1255 3662 1394 3720 solvendo
1409 3683 1464 3740 pro

256 3757 290 3796 eo
314 3737 454 3812 debiturn,
480 3745 509 3795 et
531 3755 616 3812 opere
641 3735 769 3797 indebito
791 3739 965 3817 acquirendo
990 3741 1017 3798 ei
1044 3741 1253 3800 immunitatem
1275 3741 1414 3816 adebito,
1433 3751 1464 3800 et

256 3817 364 3876 faciens
376 3816 402 3875 ei
417 3837 454 3876 ex
468 3815 597 3874 indebita
611 3816 737 3878 debitam
753 3817 789 3877 de
801 3821 886 3896 jure3
909 3829 970 3878 tum
981 3829 1114 3897 respectu
1130 3819 1293 3880 Creditcris
1317 3821 1463 3897 praecipue

257 3899 282 3956 si
296 3905 412 3976 pactum
434 3895 552 3973 aliquod
572 3895 742 3972 intercessit,
765 3899 860 3977 posita
880 3898 932 3958 tali
951 3899 1102 3974 solutione,
1129 3900 1299 3959 admittendi
1314 3919 1386 3975 eam,
1403 3919 1463 3958 non

256 3986 368 4037 tantum
382 3979 413 4036 in
427 3975 650 4036 satisfactionem
665 3987 857 4056 peccatorum,
880 3977 1032 4038 sedetiam
1047 3979 1076 4037 in
1097 3981 1315 4056 acquisitionem
1328 3979 1404 4055 juris
1419 3981 1462 4036 in-

256 4057 355 4132 debiti,
371 4058 450 4136 quod
476 4057 523 4114 hic
544 4056 640 4114 locum
654 4057 789 4117 habuisse
803 4058 896 4135 liquet
910 4079 947 4116 ax
971 4057 1027 4118 Isa.
1044 4079 1106 4136 cap.
1125 4059 1177 4118 liii.
1196 4062 1241 4135 10,
1259 4059 1335 4117 Heb.
1355 4059 1396 4117 ix.
1414 4061 1462 4133 15,

258 4137 319 4196 Col.
334 4138 353 4195 i.
371 4141 417 4212 19,
433 4141 481 4211 20,
498 4145 527 4194 et
541 4135 683 4195 similibus
694 4137 775 4196 locis.

296 4215 386 4274 XIV.
410 4217 526 4291 Quarto,
545 4215 739 4292 Supponimus
752 4217 785 4278 in
798 4217 877 4293 Lege
897 4215 955 4275 duo
977 4237 1057 4292 esse;
1083 4219 1240 4294 Itoerepta,
1256 4237 1321 4295 quae
1336 4215 1462 4277 officium

254 4295 453 4373 praescribunt,
466 4303 495 4353 et
508 4295 679 4369 δαησιίοηεε,
692 4315 756 4372 quaa
771 4315 885 4372 poenam
897 4296 944 4354 vel
955 4297 1104 4373 praemium
1119 4299 1297 4357 observaturi
1311 4297 1358 4356 rol
1368 4309 1462 4356 trans·

256 4374 380 4452 gressori
393 4373 568 4433 decernunt:
583 4383 612 4432 et
628 4375 792 4449 Hominem,
808 4375 858 4450 qui
873 4370 971 4446 subest
987 4375 1069 4452 Legi,
1085 4395 1169 4452 posse
1185 4377 1271 4436 simul
1282 4377 1405 4453 obligari
1426 4377 1462 4435 ad

255 4453 448 4512 obedientiam
463 4461 492 4512 et
512 4473 632 4529 poenam,
648 4473 706 4512 non
720 4453 836 4530 quidem
851 4453 880 4510 in
895 4462 971 4512 statu
996 4465 1106 4514 naturas
1120 4457 1250 4534 integrae,
1274 4455 1325 4515 sed
1340 4457 1369 4514 in
1385 4465 1464 4515 statu

254 4533 373 4610 peccati,
389 4540 422 4592 ut
435 4533 585 4610 probatum
600 4532 654 4591 fuit
669 4531 747 4592 Loco
770 4531 829 4607 XI,
845 4531 880 4594 de
903 4533 991 4611 Lege,
1008 4535 1062 4608 Qu.
1075 4539 1122 4612 22,
1139 4535 1192 4595 Th.
1218 4539 1263 4610 12,
1282 4539 1327 4608 13,
1344 4535 1398 4594 &a
1422 4537 1464 4596 Ut

255 4613 332 4670 enim
346 4611 489 4688 duplicem
505 4611 587 4684 exter·
608 4612 702 4672 induit
722 4621 854 4706 respectu
876 4611 940 4688 Dei,
964 4622 1027 4672 tum
1053 4615 1206 4691 Creaturae,
1229 4625 1289 4674 tum
1315 4617 1463 4675 Creatnrae

254 4689 422 4764 peccatricis
443 4700 471 4750 et
485 4711 549 4758 rere,
571 4691 677 4751 ratione
692 4691 795 4769 prioris
810 4692 1002 4752 obedientiam
1018 4713 1130 4771 semper
1146 4695 1208 4754 Deo
1223 4696 1317 4770 debet,
1340 4715 1394 4754 neo
1410 4715 1462 4754 nn-
