3186 5210
245 340 305 398 474
651 357 742 400 rocus
757 357 886 400 nseruus
900 353 1039 406 curares.
1269 335 1394 417 [auser.
1410 356 1449 398 rv.

241 519 306 576 quus
321 507 480 576 opportune
497 519 514 558 a
534 499 675 576 sapientia
698 499 753 559 Dei
774 499 984 576 dispensentur,
1000 505 1086 574 prout
1099 496 1180 556 videt
1194 498 1348 556 convenire
1363 499 1449 575 hujus

240 580 290 637 vel
303 579 382 637 illius
396 580 492 654 statui,
507 579 634 656 ingenie,
651 589 680 638 et
693 579 782 638 animi
796 579 995 656 dispositioni;
1019 579 1108 636 Recte
1125 577 1327 654 Bellarminus,
1343 586 1374 637 et
1387 578 1448 654 ple·

242 659 323 735 rique
347 659 492 718 Pontifieii
517 679 583 718 cum
606 659 678 736 ipse,
703 659 873 718 Vocationis
896 657 1051 716 efficaciam
1073 657 1177 716 velunt
1195 658 1320 734 pendere
1335 658 1372 716 ab
1387 658 1449 734 ejus

242 739 423 814 ceap-ruitura,
439 740 508 812 quia
523 740 603 798 Deus
615 739 761 798 hominem
770 739 910 813 vocando,
924 739 1028 796 “Eam
1043 737 1205 796 suasionem
1220 736 1347 812 adhibet,
1363 757 1447 814 quam

242 819 323 876 videt
338 839 496 895 congruere
511 819 628 896 ingenio
643 839 742 877 eorum
757 839 830 896 ques
848 819 1002 878 efficaciter
1015 819 1128 876 trahere
1142 817 1280 892 decrevit,
1296 815 1360 891 dcc,
1376 824 1406 876 et
1420 825 1450 876 ut

242 897 323 957 videt
344 899 523 957 voluntatem
547 908 643 975 aptam
666 919 729 958 csse
752 899 789 956 ad
811 897 1078 972 consentiendum,’'
1093 906 1126 957 ut
1140 917 1227 974 supra
1240 897 1393 974 probatum
1408 905 1451 955 est

243 997 280 1036 ex
291 978 364 1036 Bell.
378 976 432 1036 Th.
449 983 476 1038 3.
500 980 570 1038 Cum
583 999 653 1037 vere
664 987 857 1038 commentum
869 979 948 1036 istud
958 986 1124 1037 constanter
1134 977 1273 1036 hactenus
1282 987 1315 1036 ut
1328 977 1448 1036 salsissi-

244 1078 323 1116 mum
339 1059 376 1116 sit
390 1060 529 1135 rejectum
542 1081 549 1135 3
572 1058 663 1133 Quam
681 1067 815 1136 suspecta
823 1059 928 1117 debeat
937 1077 1000 1117 esse
1015 1058 1066 1116 illa
1078 1058 1257 1134 hypothesis,
1274 1078 1339 1133 qua
1354 1058 1377 1116 si
1393 1075 1451 1115 nen

245 1158 310 1196 cum
333 1139 396 1214 ipse
419 1139 503 1214 plane
526 1139 670 1214 convenit,
691 1139 822 1216 proxime
845 1147 942 1196 tamen
964 1138 1003 1196 ad
1023 1137 1098 1196 illud
1120 1137 1239 1212 accedit,
1255 1137 1339 1196 facile
1354 1136 1451 1214 quivis

242 1217 378 1295 judicare
393 1226 497 1295 potest.

285 1297 401 1356 XLIV.
424 1301 452 1356 4.
477 1299 508 1357 Si
522 1306 583 1357 teta
600 1299 723 1375 Spiritus
738 1299 813 1357 actio
828 1297 866 1357 sit
882 1297 1068 1375 perverbum
1083 1317 1148 1356 cum
1163 1297 1248 1355 certis
1263 1297 1452 1356 circumstan-

243 1376 292 1436 tiis
307 1377 522 1454 dispensatum
546 1379 611 1436 Non
626 1378 683 1435 alia
697 1380 807 1436 ratione
823 1378 893 1436 fient
909 1377 1064 1436 Christiani
1078 1377 1107 1434 in
1124 1377 1263 1450 Ecclesia,
1278 1395 1366 1452 quarn
1381 1377 1451 1434 Phi·

243 1459 357 1534 losophi
366 1458 397 1515 in
409 1459 514 1516 Schola
526 1479 533 1533 ;
557 1459 702 1516 Nesactio
714 1459 768 1517 Dei
778 1467 943 1534 peccatores
952 1457 1156 1531 convertentis,
1168 1455 1279 1514 differet
1290 1456 1327 1514 ab
1338 1456 1453 1515 actione

245 1537 375 1596 Oratoris
385 1538 517 1596 homines
528 1537 692 1614 eloquentia
704 1557 756 1596 sua
767 1537 804 1595 ad
814 1557 964 1596 assensum
976 1538 1176 1614 pertrahentis,
1188 1535 1235 1594 vel
1248 1536 1383 1594 Decteris
1393 1536 1453 1594 dis·

245 1617 372 1694 cipulum
387 1637 471 1676 suum
485 1617 624 1676 docentis.
669 1617 831 1694 Utrobique
846 1618 921 1675 euim
934 1617 1018 1675 datur
1032 1617 1107 1674 actio
1121 1616 1238 1674 moralis
1252 1625 1281 1675 et
1296 1616 1453 1693 objectiva,

244 1717 297 1775 per
311 1717 395 1774 quam
412 1698 542 1756 doctrina
556 1697 733 1774 preponitur,
749 1706 778 1756 et
799 1697 959 1755 rationibus
978 1697 1066 1754 variis
1080 1695 1118 1754 ad
1131 1695 1363 1772 persuadendum
1378 1696 1455 1772 aptis

245 1777 439 1837 confirmetur.
472 1777 634 1854 Utrobique
650 1778 871 1836 circumstantie
882 1785 1050 1853 quaeruntur
1063 1785 1092 1834 et
1106 1784 1257 1853 captantur
1272 1776 1333 1834 sive
1348 1796 1366 1832 a
1380 1785 1455 1834 tem·

245 1877 323 1934 pere,
339 1857 401 1915 sive
415 1878 433 1916 a
446 1858 519 1932 leco,
536 1857 597 1916 sive
612 1877 629 1915 a
644 1865 720 1917 statu
735 1866 764 1916 et
775 1857 965 1932 dispositione
986 1876 1181 1933 personarum,
1198 1876 1262 1932 quas
1276 1856 1370 1931 magis
1385 1875 1456 1914 con-

246 1957 326 2014 gruae
351 1938 409 1996 sint
433 1947 462 1996 et
486 1945 654 2014 opportunae
679 1937 717 1996 ad
741 1937 835 2014 operis
860 1936 1086 2014 productionem.
1140 1935 1302 2012 Utrobique
1327 1937 1457 1994 rationes

247 2016 415 2076 deferuntur
429 2037 486 2075 nen
501 2015 538 2076 sd
559 2037 643 2076 aures
664 2017 791 2094 eorporis
811 2025 931 2091 tantum,
948 2016 999 2074 sed
1013 2015 1050 2074 ad
1064 2015 1188 2074 animam
1203 2016 1295 2091 ipsam
1309 2035 1361 2091 per
1375 2016 1457 2074 viam

246 2095 503 2173 cognitionisque
526 2096 694 2174 praejudicia
718 2117 735 2155 a
757 2105 852 2155 mente
867 2096 1012 2172 fugantur,
1028 2104 1058 2154 et
1078 2095 1186 2154 veritas
1206 2095 1250 2152 illi
1271 2095 1457 2172 imprimitur.

249 2175 309 2234 Nec
324 2177 372 2234 hic
386 2176 540 2234 discrimen
555 2177 647 2235 facere
666 2185 768 2254 petest,
786 2176 843 2234 Vel
864 2187 970 2235 eatena
994 2177 1105 2251 Objccti,
1121 2175 1199 2252 qued
1213 2175 1300 2251 longe
1313 2183 1458 2252 praestan·v

248 2256 306 2313 tius
322 2256 359 2313 sit
372 2256 401 2311 in
417 2256 570 2332 disciplina
584 2257 755 2330 Christiana,
772 2276 858 2332 quarn
876 2257 906 2313 in
928 2257 1079 2314 humanis:
1106 2255 1180 2329 Quia
1193 2275 1252 2313 neu
1265 2255 1404 2331 quaeritur
1421 2254 1457 2314 de

248 2343 352 2392 natura
366 2333 481 2410 objecti,
498 2335 549 2392 sed
568 2336 604 2393 de
626 2335 711 2393 mode
732 2356 791 2411 que
812 2337 949 2412 recipitur
969 2336 1006 2393 ab
1020 2335 1144 2407 homine,
1161 2344 1190 2394 et
1208 2335 1239 2392 in
1253 2355 1287 2393 eo
1302 2343 1457 2412 operatur;

250 2412 308 2470 Vel
323 2415 446 2471 uarietas
460 2415 604 2472 rationum
619 2423 648 2472 ct
662 2416 845 2488 motiverum,
861 2416 967 2492 quibus
981 2416 1072 2474 utitur
1088 2415 1211 2492 Spiritus
1224 2415 1253 2473 S.
1268 2415 1299 2472 in
1313 2415 1403 2472 verbe
1421 2415 1458 2473 ad

249 2491 488 2570 persuadendum,
505 2513 569 2570 quae
583 2494 671 2570 longe
689 2495 747 2552 sint
766 2493 926 2552 efficaciora
941 2496 970 2552 in
987 2496 1157 2572 Evangelio,
1173 2514 1260 2573 quam
1274 2493 1304 2552 in
1320 2495 1456 2554 Philoso-

248 2573 325 2650 phia,
341 2573 431 2651 petita
444 2581 515 2650 puta
525 2574 561 2632 ab
573 2573 746 2632 authoritate
765 2574 821 2632 Dei
832 2574 994 2650 loquentis:
1009 2575 1077 2652 quia
1086 2577 1141 2634 ista
1153 2583 1219 2633 sunt
1233 2593 1309 2633 mere
1324 2583 1459 2648 externa,

249 2674 314 2729 quae
329 2653 466 2730 graduale
482 2653 598 2730 quidem
613 2662 642 2712 et
656 2653 832 2712 accidentale
848 2655 1002 2713 discrimen
1019 2655 1137 2732 aliquod
1150 2655 1243 2713 faeere
1257 2665 1387 2732 pessunt,
1404 2654 1459 2713 sed

249 2754 309 2792 nen
323 2735 475 2792 essentiale
498 2742 527 2793 et
550 2733 724 2812 specificum,
741 2754 806 2792 curn
829 2735 932 2793 medus
954 2735 1145 2811 persuadendi
1170 2755 1221 2812 per
1239 2736 1364 2793 rationes
1378 2734 1459 2793 idem

250 2814 403 2890 utrobique
418 2824 552 2890 maneat;
575 2815 632 2872 Vel
655 2835 804 2872 concursus
826 2815 1106 2890 circumstantiarum,
1123 2835 1187 2891 quse
1210 2815 1305 2873 aDeo
1320 2833 1378 2872 non
1392 2823 1459 2873 tan·

250 2903 312 2954 tum
327 2895 525 2970 observentur,
542 2894 593 2953 sed
608 2895 648 2952 ita
661 2904 727 2971 apte
742 2895 952 2971 dispensentur,
969 2904 1000 2954 ut
1021 2895 1153 2953 effectum
1168 2896 1331 2954 necessarie
1345 2903 1413 2971 post
1429 2915 1459 2954 se

250 2975 374 3050 trahant,
391 2975 468 3051 qued
483 2975 519 3032 ab
535 2975 649 3034 homine
664 2975 726 3033 fieri
737 2976 845 3052 nequit,
858 2994 1041 3051 penesquem
1051 2995 1109 3034 uon
1124 2984 1191 3033 sunt
1201 2974 1311 3052 positas,
1327 2983 1356 3032 et
1371 2995 1459 3052 aque

251 3073 309 3112 non
324 3055 469 3131 pendent:
493 3054 568 3128 Quia
581 3055 649 3114 licet
665 3055 729 3128 Dei,
745 3065 778 3114 ut
792 3056 897 3114 summi
909 3055 1079 3114 Rectoriset
1095 3056 1221 3130 Domini,
1238 3055 1275 3113 sit
1289 3055 1460 3131 dispensare

251 3135 322 3192 istas
340 3134 578 3211 circumstantias,
603 3135 739 3193 Hominis
753 3155 822 3194 vere
843 3155 892 3194 eas
914 3143 1025 3194 tantum
1047 3136 1209 3209 observare,
1226 3143 1254 3192 et
1275 3135 1380 3194 oblatis
1394 3137 1460 3210 uti3

254 3213 341 3273 Unde
355 3215 388 3272 fit
399 3223 432 3273 ut
442 3234 500 3272 non
512 3235 624 3291 semper
634 3215 813 3292 persuadeat,
826 3215 966 3292 quianon
979 3223 1074 3292 petest
1085 3235 1254 3273 concursum
1270 3215 1389 3273 istarum
1405 3215 1461 3274 cir·
1571 3269 1572 3276 ,

252 3295 490 3352 cumstantiarum
501 3295 616 3370 assequi
629 3317 636 3354 ε
659 3297 775 3353 Certum
790 3303 887 3353 tamen
898 3305 942 3354 est
953 3315 1042 3372 quum
1052 3294 1214 3372 persuadet,
1228 3295 1257 3352 id
1268 3315 1327 3354 non
1341 3295 1461 3354 aliunde

251 3372 322 3445 fieri,
335 3392 422 3447 quam
433 3393 470 3430 ex
482 3393 622 3432 concursu
634 3374 752 3432 istarum
764 3375 1051 3449 circumstantiarum,
1063 3375 1168 3450 quibus
1179 3375 1284 3433 oblatis
1298 3384 1461 3452 opportune

253 3470 323 3509 usus
337 3459 390 3509 est.
433 3451 504 3524 Quis
519 3471 587 3510 vere
611 3453 717 3511 dixerit
740 3453 877 3512 invictam
902 3456 956 3512 Dei
982 3457 1103 3530 gratiam
1129 3475 1185 3513 non
1208 3455 1291 3513 aliter
1313 3453 1462 3514 differres

253 3529 339 3586 mede
365 3531 471 3605 agendi
493 3531 638 3588 ordinario
662 3533 811 3591 hominum
836 3533 1038 3594 infirmorum?
1080 3537 1137 3593 Cur
1161 3554 1231 3611 ergo
1255 3543 1313 3592 tarn
1336 3534 1461 3594 sollicite

256 3608 380 3685 Spiritus
403 3610 432 3668 S.
455 3610 555 3684 gratiae
580 3612 695 3686 petitur,
711 3621 743 3670 ut
765 3612 827 3670 fieri
850 3615 931 3688 solet,
948 3615 1061 3690 quoties
1083 3616 1213 3674 Verbum
1232 3614 1413 3692 praedicatur,
1429 3624 1462 3674 ut

254 3689 332 3747 intus
346 3688 433 3748 cerda
447 3687 581 3764 disponat
602 3699 631 3748 et
652 3692 768 3768 aperiat,
785 3690 854 3750 dum
877 3693 980 3752 Pastor
1000 3715 1083 3754 aures
1098 3695 1225 3773 corperis
1238 3696 1343 3772 pulsat,
1360 3696 1385 3753 si
1399 3703 1463 3754 tota

254 3769 318 3846 ejus
333 3769 460 3845 operatio
475 3767 689 3846 dispensatione
704 3771 982 3831 circumstantiarum
997 3775 1179 3834 absolvitur?

294 3849 394 3908 XLV.
416 3851 444 3908 5.
469 3848 499 3906 Si
514 3850 665 3908 cenversio
679 3850 804 3909 heminis
827 3852 898 3928 Deo,
914 3853 1101 3930 nonhomini,
1117 3853 1308 3914 adscribenda
1322 3863 1375 3928 est,
1392 3855 1462 3931 quia

255 3951 320 3988 curn
332 3929 477 3988 oblatione
490 3929 579 3988 Verbi
594 3930 742 4007 dispensat
761 3932 998 4010 circumstantias,
1011 3955 1048 3994 ex
1062 3955 1183 4012 quarum
1198 3953 1340 3993 concursu
1355 3933 1463 3992 infalli-

254 4011 322 4069 hilis
336 4019 458 4068 eventus
480 4010 626 4086 sequitur;
654 4011 761 4085 Quidni
782 4013 912 4073 dicamus
935 4016 1041 4091 pariter
1064 4015 1158 4074 Deum
1182 4035 1245 4073 esse
1266 4015 1416 4073 authorem
1432 4022 1461 4072 et

255 4109 371 4148 causam
386 4090 463 4166 mali,
479 4091 547 4166 quia
561 4111 619 4148 nen
630 4092 725 4151 minus
736 4101 815 4152 certo
826 4093 976 4170 dispensat
987 4095 1109 4171 objecta,
1122 4095 1227 4172 quibus
1238 4095 1320 4170 impii
1330 4092 1368 4154 ad
1379 4093 1460 4168 vitia,

254 4179 284 4228 et
293 4179 370 4228 certa
378 4171 465 4229 etiam
474 4172 553 4245 vitia,
567 4171 739 4248 alliciuntur,
753 4183 782 4232 et
790 4174 1027 4250 circumstantias,
1039 4195 1076 4234 ex
1086 4176 1191 4251 quibus
1199 4183 1349 4251 peecatum
1361 4193 1462 4234 neees-

255 4251 330 4308 sario
342 4251 456 4309 oritur?
478 4250 570 4309 Nemo
581 4253 674 4311 nescit
683 4273 739 4311 non
752 4254 813 4311 sine
825 4254 879 4312 Dei
888 4255 1071 4330 previdentia
1080 4265 1108 4313 et
1119 4254 1333 4332 dispensatione
1343 4252 1462 4330 speciali

254 4329 371 4403 factum,
387 4330 465 4406 quod
479 4330 501 4389 J
503 4331 575 4389 udas
589 4340 716 4391 tentatus
727 4331 813 4391 fuerit
823 4334 952 4409 pecunia,
971 4333 1069 4394 .Judaei
1084 4335 1194 4393 invidia
1208 4335 1348 4393 adversus
1363 4333 1462 4392 Chris·
1569 4361 1570 4372 κ

253 4417 315 4466 tum
330 4409 474 4484 commoti,
491 4419 520 4468 ct
542 4411 675 4470 Heredes
697 4431 731 4471 ac
755 4413 876 4471 Pontius
898 4413 1009 4474 Pilatus
1023 4415 1059 4473 de
1075 4416 1189 4475 Christe
1204 4415 1269 4473 neci
1282 4413 1377 4473 dando
1391 4433 1463 4471 con-

254 4488 405 4562 senserint,
421 4508 486 4546 cum
501 4497 623 4550 testetur
638 4492 742 4550 Petrus
755 4491 829 4548 nihil
849 4493 928 4569 ipses
943 4494 1054 4569 fecisse,
1070 4495 1125 4553 nisi
1140 4495 1217 4572 qued
1233 4513 1336 4553 manns
1350 4502 1378 4552 et
1391 4513 1463 4551 een·

253 4566 350 4623 aihum
366 4567 430 4643 Dei,
446 4568 484 4626 id.
511 4571 662 4628 consilium
688 4570 744 4630 Dei
767 4569 878 4646 efficax,
894 4582 979 4632 antea
1003 4575 1170 4634 decreverat
1193 4574 1265 4650 fieri,
1283 4573 1342 4632 Act
1354 4574 1393 4630 iv.
1411 4575 1462 4632 28.

254 4643 315 4700 Nec
330 4645 451 4704 dubium
466 4655 518 4720 est,
542 4649 613 4723 quin
635 4649 765 4709 venditio
790 4650 914 4730 Josephi
937 4673 954 4712 a
977 4655 1121 4730 fratribus,
1137 4665 1166 4714 et
1188 4655 1252 4731 ejus
1274 4651 1410 4712 deductio
1435 4653 1464 4710 in
