3150 5206
242 345 300 400 216
694 359 785 400 cocus
799 357 999 400 nuouscruus.
1263 335 1388 417 [auser.
1402 357 1443 396 rr.

243 499 366 559 cendum
389 499 480 574 foret,
495 519 546 558 eos
566 500 705 560 liberatos
727 499 825 574 fuisse,
848 506 878 557 et
899 507 996 558 tamen
1017 497 1157 556 marisisse
1178 496 1332 574 obligatos,
1352 497 1446 574 justos

243 579 359 638 habitos
373 579 461 638 fuisse
476 577 572 638 ceiam
585 579 657 656 Deo,
673 587 808 638 ettamen
822 577 916 637 suisse'
923 597 1036 656 semper
1049 577 1103 636 sub
1113 584 1204 651 reatu,
1219 577 1298 654 quod
1311 586 1357 635 est
1369 577 1445 635 dat*

242 683 325 718 ww·

285 739 345 798 XI.
367 737 485 813 Quarto,
500 739 663 816 Sponsionis
676 739 753 797 udus
767 746 873 796 namra
885 739 941 796 hoo
956 737 1057 796 innuit.
1084 735 1158 811 Quia
1172 735 1311 812 quicquid
1322 735 1446 794 absoluti

244 826 274 877 et
287 818 476 877 immutabilis
490 818 520 875 in
535 819 762 896 expromissione
777 817 948 891 continetur,
964 817 995 874 id
1007 817 1095 894 longe
1108 816 1263 892 perfectius
1277 824 1307 874 et
1321 815 1444 873 emiuen-

245 898 303 957 tius
317 898 347 956 in
362 898 469 957 Christi
486 899 646 976 Sponsione
661 896 893 976 deprehenditur.
936 897 1010 954 Nam
1026 897 1094 954 siin
1108 895 1195 954 illaS
1233 913 1304 952 nsor
1317 893 1446 953 solussd

245 977 416 1036 solutionem
432 977 585 1054 obligatur,
607 978 743 1055 primario
757 976 886 1034 debitore
900 994 958 1033 non
972 984 1106 1034 manente
1127 995 1193 1052 amp
1207 975 1251 1032 'us
1266 974 1403 1051 obligato,
1418 983 1447 1032 et

245 1058 270 1115 si
292 1057 329 1115 ab
351 1057 402 1115 illo
425 1057 487 1115 solo
517 1056 680 1134 postulatur
702 1055 840 1128 debitum,
864 1062 894 1114 et
924 1055 1029 1114 solutio
1052 1061 1237 1131 expectatur3
1260 1053 1320 1111 Hic
1342 1054 1448 1132 penitet

247 1136 370 1212 Sponsio
385 1136 492 1194 Christi
506 1136 636 1195 excludit
649 1135 793 1214 propriam
808 1135 975 1193 Electorum
996 1134 1177 1210 solutionem,
1193 1135 1261 1211 quia
1274 1132 1313 1191 ad
1330 1133 1447 1192 solutio·
1558 1161 1559 1164 ¹

245 1233 311 1272 nem
326 1214 367 1273 its
380 1214 511 1274 absolute
526 1235 557 1275 se
571 1216 721 1292 obligavit,
734 1222 767 1274 ut
780 1235 815 1272 eo
829 1215 892 1291 ipso
902 1213 1018 1273 liberati
1032 1214 1090 1272 sint
1103 1213 1140 1272 ab
1151 1213 1230 1271 omni
1243 1211 1388 1291 personali
1398 1213 1448 1271 ob·

245 1293 393 1368 ligatione,
410 1301 439 1351 et
452 1294 489 1351 ab
504 1293 555 1352 illo
568 1302 681 1353 tantum
696 1294 801 1353 solutio
816 1294 876 1370 peti
889 1303 918 1352 et
932 1293 1078 1371 expectari
1099 1293 1233 1370 potuerit.
1275 1291 1361 1366 Qu⁰d
1374 1292 1446 1351 ulte·

246 1371 306 1430 rius
320 1389 358 1430 ex
371 1371 429 1429 fine
443 1372 534 1448 ipsius
550 1374 719 1450 Sponsionis
740 1373 931 1448 continuatur,
948 1372 998 1451 qui
1011 1373 1109 1432 nullus
1124 1373 1198 1431 elius
1211 1372 1274 1445 luit,
1289 1390 1376 1450 quam
1398 1371 1447 1430 ah·

246 1450 341 1508 soluta
355 1451 522 1509 Electorum
534 1453 676 1527 liberatio,
692 1472 749 1530 quo
763 1472 829 1511 cum
848 1452 982 1512 excidere
996 1472 1054 1512 non
1067 1452 1212 1530 potuerit;
1235 1451 1337 1511 debuit
1349 1469 1453 1530 neccs-¹

246 1529 321 1588 sario
335 1529 717 1608 expromissionisneturam
731 1531 859 1606 induere,
874 1551 932 1590 non
946 1540 1058 1591 tantum
1072 1531 1276 1608 fidejussionis.

548 1611 626 1669 XII.
649 1611 710 1671 Nec
724 1611 782 1670 dici
795 1619 899 1690 potest,
914 1613 1009 1670 Deum
1022 1612 1176 1670 labertatem
1188 1631 1237 1670 sesa
1249 1612 1300 1687 jus
1313 1611 1367 1669 abi
1377 1629 1446 1668 sen-

281 1667 451 1771 ropipepuzolu-
502 1711 560 1768 per
569 1710 695 1774 serame
705 1693 836 1768 eaipeadi
847 1691 1010 1750 solutionem
1020 1693 1056 1750 ab
1066 1691 1172 1749 Electis
1181 1709 1230 1749 sess
1240 1690 1390 1766 muris
1400 1693 1446 1748 de·

506 1771 645 1831 hilardus.
687 1771 763 1846 Quia
784 1791 849 1830 cnm
871 1771 1004 1829 absoluta
1025 1770 1111 1829 fuerit
1133 1769 1240 1830 Christi
1266 1769 1390 1847 Sponsio
1413 1789 1448 1828 cr

245 1851 419 1911 immutabili
434 1853 490 1911 Dei
504 1849 628 1926 decreto,
645 1870 702 1928 quo
716 1852 747 1909 in
767 1859 949 1928 pcccatorum
963 1849 1059 1909 locum
1073 1849 1247 1910 substitutus
1261 1857 1314 1924 est,
1329 1858 1359 1909 et
1372 1849 1449 1908 solus

245 1949 346 2008 poenas
363 1931 434 2009 ipsis
455 1931 567 1991 debitas
588 1930 689 1990 debuit
708 1930 800 2006 ferre,
823 1930 887 2006 capi
906 1949 964 1989 non
983 1937 1087 2006 potest,
1108 1929 1262 2006 quomodo,
1284 1928 1379 2006 posito
1398 1928 1447 1986 illo

246 2008 362 2068 decreto
376 2010 412 2068 de
432 2011 526 2087 poenis
539 2018 651 2070 aarum
666 2030 683 2068 e
699 2010 843 2087 Sponsore
864 2009 1037 2085 repetendis,
1059 2009 1191 2069 homiues
1211 2007 1307 2067 adhinc
1328 2007 1445 2085 obligati

245 2099 420 2164 remaneant,
436 2097 466 2149 et
477 2089 558 2149 Deus
567 2089 730 2148 libertatem
746 2088 800 2148 sibi
816 2089 975 2147 servaverit
985 2088 1122 2166 exigendi
1136 2088 1308 2148 solutionem
1320 2089 1358 2147 ab
1367 2088 1444 2166 ipsis.

245 2167 356 2226 Verum
371 2167 487 2245 quidem
502 2178 547 2228 est
559 2171 590 2228 iu
608 2169 669 2227 loro
684 2167 763 2227 civili
777 2167 835 2227 Jus
854 2185 917 2226 esse
932 2166 1074 2243 creditori,
1090 2188 1126 2227 ex
1145 2167 1258 2228 duobus
1277 2167 1385 2226 correis
1397 2166 1445 2226 de·

246 2246 340 2305 bitum
354 2249 511 2325 repetendi,
526 2249 575 2307 vel
589 2268 607 2306 a
619 2248 755 2325 primerio
769 2246 907 2323 debitore,
923 2247 972 2306 vel
985 2265 1003 2306 a
1015 2247 1193 2324 fidejussore.
1238 2247 1296 2307 Sed
1312 2247 1364 2306 ubi
1383 2255 1446 2324 post

248 2333 427 2385 contractum
441 2327 579 2403 debiturn,
595 2335 624 2386 et
637 2327 797 2385 debitorem
817 2325 923 2384 fectum
942 2347 1001 2385 uon
1015 2325 1164 2402 solvendo,
1182 2327 1311 2404 Sponsor
1323 2327 1445 2386 interre-

247 2405 299 2480 nit,
316 2405 366 2482 qui
380 2406 470 2466 debiti
485 2405 679 2484 dispungendi
694 2425 766 2464 onus
781 2425 865 2463 omne
879 2405 909 2462 iu
924 2425 954 2465 se
972 2406 1100 2484 suscipit,
1116 2415 1146 2465 et
1159 2407 1243 2484 cujus
1256 2405 1343 2465 fidem
1358 2406 1445 2464 credi-

246 2492 293 2544 tor
307 2486 444 2563 sequitur,
460 2506 494 2545 eo
508 2485 572 2562 ipso
585 2485 695 2563 primus
709 2484 823 2543 debitor
836 2485 915 2542 omni
931 2487 1076 2544 exactioni
1090 2485 1278 2563 subducitur3
1301 2485 1373 2544 elias
1387 2505 1445 2544 cre·

248 2564 325 2623 ditor
338 2574 438 2642 ageret
457 2575 558 2624 contra
576 2564 739 2644 sponsionis
759 2563 971 2637 admissionem,
987 2573 1016 2624 et
1029 2565 1177 2624 rideretur
1194 2565 1281 2624 fidem
1298 2564 1447 2642 Sponsoris

247 2644 277 2702 in
291 2643 411 2704 dubium
425 2665 538 2704 vocare.
580 2645 628 2703 Ita
641 2643 689 2702 hic
702 2643 771 2720 quia
785 2643 917 2702 Christus
931 2644 1084 2721 sponsione
1099 2663 1152 2704 sua
1164 2645 1273 2723 recepit
1286 2645 1316 2702 in
1331 2663 1362 2703 se
1377 2665 1446 2704 onus

245 2743 298 2801 pro
311 2724 511 2802 peccatoribus
527 2723 668 2796 solvendi,
685 2724 766 2782 Deus
779 2743 815 2782 eo
828 2723 891 2800 ipsc
913 2723 1047 2801 deposuit
1059 2724 1239 2784 voluntatem
1253 2723 1392 2804 exigendi
1411 2725 1446 2782 ab

246 2803 318 2880 ipsis
332 2803 461 2863 debitum
473 2825 481 2878 3
503 2804 557 2862 hoc
576 2803 652 2862 enim
667 2823 721 2862 neo
734 2803 869 2880 AEqmtm
882 2803 981 2862 divina
994 2803 1067 2862 serre
1081 2812 1187 2882 posset,
1209 2813 1243 2864 ut
1255 2804 1314 2862 duo
1329 2803 1447 2882 obligati

247 2891 390 2960 maneant,
414 2901 479 2942 oum
502 2882 588 2942 unius
611 2883 814 2970 satisfactione,
835 2891 865 2942 et
882 2882 1015 2942 absolute
1034 2883 1071 2941 a'd
1090 2884 1169 2942 illam
1188 2883 1366 2962 obligatione
1383 2903 1446 2942 cou-

247 2970 335 3039 teuta,
351 2963 381 3021 in
396 2983 430 3022 ea
442 2964 527 3041 plene
537 2963 733 3042 acquieverit;
754 2984 808 3023 nec
821 2963 969 3040 Sapientia
987 2971 1017 3023 et
1035 2963 1153 3040 Veritas,
1169 2971 1202 3022 ut
1220 2965 1355 3040 exigatm
1369 2963 1445 3023 debi·
1471 2985 1482 3012 ι

246 3050 307 3101 tum
322 3043 359 3101 ab
373 3043 431 3102 illis
444 3063 497 3121 pro
511 3045 617 3122 quibus
634 3043 767 3104 absoluto
780 3043 896 3103 decreto
913 3043 1040 3121 Sponsor
1050 3043 1223 3103 constitutus
1237 3052 1289 3119 est,
1305 3051 1335 3102 et
1348 3043 1380 3101 in
1393 3063 1447 3122 qno

243 3121 396 3198 justificati
410 3123 521 3182 sunt'ct
534 3125 571 3182 ab
586 3125 663 3183 omni
678 3143 764 3200 poena
783 3123 928 3200 exempti3
951 3143 1005 3182 nec
1019 3123 1139 3182 Bonitas
1152 3123 1403 3197 camoenarum,
1418 3131 1449 3182 ut

247 3199 353 3334 ζιαὲιθειι
366 3221 419 3277 pro
432 3203 490 3261 reis
504 3211 534 3261 et
547 3201 735 3277 debitoribus,
751 3221 803 3279 pro
814 3203 920 3280 quibus
930 3201 1088 3262 liberandis
1100 3221 1222 3278 sponsor
1233 3221 1297 3262 sese
1312 3203 1387 3262 stitit
1397 3201 1448 3260 Dei

260 3297 279 3335 u
301 3297 365 3336 rcro.

244 3297 257 3354 J
289 3355 384 3413 XIII.
406 3355 606 3432 Nequicquem
615 3359 765 3434 regeritur,
777 3361 903 3417 Potuisse
910 3379 1019 3434 semper
1027 3363 1062 3419 ud
1073 3361 1179 3420 Electus
1189 3361 1266 3437 eripi
1276 3362 1445 3438 caledones,

248 3432 436 3508 satisfactione
456 3437 579 3492 nondum
594 3438 734 3512 praestita,
751 3438 844 3512 posito
858 3441 936 3514 qnod
950 3439 1077 3498 Christus
1092 3459 1148 3499 uon
1168 3442 1282 3499 creasset
1301 3459 1354 3499 aaa
1367 3461 1448 3519 spcu-

247 3513 323 3572 sione
337 3521 364 3570 et
376 3512 534 3588 promissis,
556 3517 607 3572 sed
617 3515 806 3573 vadimonium
820 3517 991 3576 desemisset.
1034 3519 1108 3594 Quia
1121 3522 1177 3578 hoc
1191 3528 1235 3579 est
1248 3519 1359 3597 fingere
1372 3520 1448 3598 qnod

248 3599 294 3650 est
307 3591 392 3668 plane
406 3589 555 3650 ὶσΰπιτοι.
598 3591 673 3652 Sane
688 3593 738 3652 ubi
752 3595 848 3671 agitur
862 3595 897 3654 de
912 3597 1066 3673 sponsione
1080 3617 1132 3659 seu
1145 3598 1311 3658 vadimonio
1325 3601 1449 3658 hominis
1558 3607 1559 3612 ’

247 3669 396 3730 mendacis
415 3677 445 3728 et
464 3671 662 3749 inconstantis,
685 3672 809 3734 desertio
824 3675 887 3752 ejus
907 3695 965 3733 non
979 3677 1031 3736 abs
1045 3697 1076 3738 re
1096 3679 1242 3738 metuitur.
1285 3679 1324 3738 Et
1338 3679 1406 3738 hinc
1419 3679 1450 3738 fit

248 3750 327 3828 quod
340 3749 497 3810 creditores
509 3750 724 3828 fidejussionem
738 3753 780 3812 ite
793 3753 954 3829 admittent,
969 3763 1002 3814 ut
1012 3756 1078 3833 jure
1089 3777 1142 3817 suo
1152 3758 1293 3818 adversus
1306 3758 1450 3818 debitores

248 3849 279 3890 se
300 3849 359 3890 non
379 3829 523 3908 abdicent,
546 3830 598 3890 sed
617 3831 691 3891 illud
712 3833 862 3908 retineant,
885 3834 957 3892 etin
971 3835 1085 3895 delectu
1107 3837 1259 3897 solutionis
1273 3859 1290 3897 a
1306 3839 1449 3916 Sponsore

247 3911 396 3989 promissae
410 3909 483 3970 illud
497 3919 659 3970 exerceant.
703 3912 761 3972 Sed
775 3913 919 3990 quodnam
933 3921 1029 3990 potest
1049 3917 1160 3994 concipi
1180 3918 1339 3994 periculum
1354 3917 1449 3978 deser·

247 3991 334 4050 tionis
347 3990 507 4050 vadimonii
520 3991 551 4049 iu
562 3991 677 4051 Christo
687 3992 881 4068 veracissimo,
897 3995 1105 4072 potentissimo,
1118 4005 1147 4056 et
1157 3997 1290 4073 optimo?
1303 3998 1363 4056 imo
1374 4017 1449 4074 quae·

247 4089 315 4128 nam
336 4070 537 4147 possibilitas?
577 4070 728 4144 Quomodo
748 4073 900 4148 promissio
921 4073 984 4150 ejus
1004 4073 1137 4134 absoluta
1150 4076 1180 4134 in
1202 4086 1309 4135 aeterno
1325 4077 1382 4136 Dei
1403 4077 1450 4135 de-

248 4156 336 4224 creto,
352 4157 382 4208 et
395 4170 433 4208 ex
447 4167 482 4208 eo
493 4151 524 4208 iu
535 4149 665 4209 Oraculis
676 4151 792 4210 Veteris
803 4152 980 4211 Testamenti
991 4152 1074 4228 secta,
1091 4155 1109 4188 “
1121 4155 1197 4214 Ecce
1208 4156 1295 4214 venio
1305 4165 1338 4214 ut
1348 4155 1450 4214 faciam

247 4228 427 4287 voluntatem
441 4231 551 4304 tuam,'’
567 4227 621 4288 &c
635 4229 675 4288 id.
690 4239 723 4289 ut
744 4229 916 4290 satisfaciam
930 4251 982 4309 pro
996 4232 1033 4291 iis
1049 4253 1122 4311 quos
1136 4234 1208 4292 mihi
1221 4234 1335 4308 dedisti,
1358 4235 1451 4312 potuit

247 4308 386 4382 revocari,
399 4308 469 4384 quin
483 4328 519 4366 eo
528 4307 591 4386 ipso
602 4309 781 4368 immutabile
794 4310 851 4368 Dei
864 4309 1011 4370 decretum
1025 4313 1243 4388 rescinderetur,
1259 4323 1288 4372 et
1301 4314 1406 4373 electio
1414 4313 1451 4372 ad

248 4387 371 4446 salutem
385 4395 551 4463 mutaretur,
566 4389 615 4447 vel
629 4389 799 4449 consisteret
813 4409 878 4448 cum
892 4391 1041 4468 punitione
1056 4391 1247 4451 Electorum?
1287 4393 1371 4467 Quod
1386 4411 1450 4452 cum

248 4466 333 4544 plane
356 4466 394 4525 sit
412 4463 537 4542 ὶδυιέτοι,
560 4465 714 4528 absurdam
737 4468 825 4528 etiam
847 4489 910 4530 esse
931 4471 1116 4548 hypothesim
1132 4471 1210 4530 unde
1231 4471 1385 4532 deducitur
1402 4491 1450 4530 ne·

246 4563 327 4604 cesse
341 4552 394 4604 est.

289 4621 379 4682 XIV.
403 4623 485 4684 Licet
499 4625 553 4684 sub
568 4626 668 4686 Veteri
683 4627 868 4687 Testamenta
890 4627 995 4689 solutio
1016 4629 1143 4689 nondum
1159 4630 1226 4690 data
1243 4630 1362 4704 fuisset3
1385 4629 1450 4689 Non
