3146 5210
79 391 206 440 Qusrsr.
223 371 280 454 ιιι]
502 391 541 432 nu
555 391 726 436 vocacione
742 389 779 433 er
794 389 872 433 sinu.
1238 378 1298 437 463

76 541 169 602 σχίσιν
183 533 293 592 Gratiae
307 531 430 592 efficacis
444 533 607 608 attenderit,
624 532 707 593 facile
729 533 875 612 percipiet
891 533 954 592 haec
978 553 1036 592 non
1061 533 1117 593 sibi
1140 534 1296 612 adversari,
1353 572 1357 582 ·

77 612 137 670 sod
154 613 265 692 optime
279 613 354 672 inter
368 633 399 672 se
414 615 569 673 consistere
582 635 589 688 ς
622 613 813 674 Vocationem
827 622 953 672 nostram
969 634 1031 672 esse
1046 613 1152 672 divina
1167 615 1298 693 omnipo-

77 694 187 752 tentiae
202 713 282 771 opus,
298 713 335 750 ne
350 693 415 770 quis
429 693 613 752 resistibilem
626 692 725 770 tingat,
741 701 771 753 et
794 693 911 752 amabili
925 702 954 752 et
968 693 1141 752 suavissima
1154 697 1297 772 persuasi-

77 772 151 832 onis
167 772 340 832 necessitate
354 793 407 832 nos
421 773 477 832 sibi
490 773 654 846 vendicare,
668 793 705 832 ne
719 773 784 850 quis
799 781 926 832 coaeum
937 773 985 832 ch
994 774 1217 834 involuntariam
1225 775 1296 834 ima·
1308 783 1312 792 ’

77 853 213 928 ginetur.
238 853 281 910 Ea
295 853 405 912 scilicet
419 861 463 912 est
477 863 579 912 natura
593 873 688 912 rerum
702 873 767 930 quae
782 852 871 930 objici
885 852 978 912 solent
992 851 1096 929 suisne,
1106 863 1139 912 ut
1149 874 1183 914 eo
1194 855 1298 916 fortius

77 942 185 1008 agant,
201 952 259 1010 quo
273 933 391 992 suavius
406 933 436 992 in
450 934 576 992 anImum
590 931 723 993 influunt.
767 933 809 992 Ut
831 933 912 990 nulla
933 933 979 991 vis
1001 934 1093 1010 major
1113 953 1219 1010 amore,
1245 955 1299 995 nee

76 1012 189 1072 fortior
202 1012 359 1072 necessitas
373 1013 521 1090 charitate,
537 1033 601 1089 quse
616 1021 645 1072 et
658 1013 749 1072 instar
763 1013 820 1072 olei
841 1011 932 1071 effusa
956 1013 986 1070 in
1007 1012 1100 1088 nobis,
1125 1014 1298 1074 suavissima

76 1090 277 1151 delectatione
292 1111 346 1150 nos
359 1093 514 1170 perfundit,
529 1101 559 1152 et
572 1093 664 1152 instar
684 1102 793 1152 catenae
817 1091 981 1152 fortissimae
1005 1113 1058 1152 nos
1081 1093 1261 1171 constringit,
1278 1100 1296 1154 2

77 1173 150 1230 Cor.
169 1192 197 1232 v.
214 1174 261 1231 14.
304 1172 352 1232 Ita
365 1192 418 1232 uec
432 1173 525 1250 prima
539 1173 647 1232 veritas
661 1173 806 1250 cognosci,
822 1193 875 1231 nec
897 1172 1022 1232 selieitus
1035 1173 1177 1250 possideri
1190 1183 1295 1252 potest,

75 1251 140 1310 nisi
155 1261 186 1311 et
200 1271 312 1311 summa
326 1272 392 1311 oum
405 1251 543 1328 lubentia,
559 1263 588 1312 et
603 1273 715 1312 summa
729 1273 795 1312 cum
819 1251 998 1311 necessitate.
1043 1253 1092 1312 Sic
1106 1253 1296 1332 omnipotenti

77 1341 111 1389 et
126 1331 238 1390 efficaci
255 1331 379 1408 Spiritus
393 1332 553 1425 operationi
565 1353 624 1390 non
638 1332 809 1392 adversatur
822 1331 920 1391 suavis
942 1332 992 1390 illa
1015 1332 1071 1391 Dei
1093 1333 1200 1409 agendi
1223 1335 1297 1394 ratio

77 1431 135 1488 per
148 1421 302 1490 precepta,
318 1412 504 1485 hortationes,
519 1421 549 1472 et
562 1413 620 1470 alia
633 1411 784 1490 ejusmodi,
800 1411 906 1490 quibus
927 1411 1008 1470 Deus
1031 1412 1069 1470 ad
1091 1413 1209 1472 modum
1230 1435 1296 1474 noe·

78 1500 160 1550 trum
175 1492 311 1569 loquitur,
327 1512 492 1570 quanquam
505 1513 570 1552 cum
584 1493 643 1552 illis
658 1493 791 1552 omnibus
805 1501 875 1568 agat
887 1491 925 1549 ad
939 1511 1033 1551 suum.

125 1572 240 1632 XXII.
263 1572 478 1650 Qualiseunque
492 1581 588 1634 autem
604 1573 641 1632 sit
655 1572 706 1632 illa
726 1572 827 1649 gratia
850 1571 973 1630 efficacis
987 1569 1084 1643 motio,
1108 1571 1175 1630 talis
1200 1581 1296 1633 tamen

81 1659 128 1710 est
143 1672 178 1710 ac
192 1660 281 1726 tanta,
296 1660 329 1711 ut
342 1652 427 1730 plane
439 1653 476 1712 sit
491 1653 600 1712 invicta
614 1661 643 1712 et
657 1651 876 1730 insuperabilis3
898 1671 951 1710 nec
980 1651 1043 1710 Deo
1068 1651 1212 1710 hominem
1228 1674 1295 1712 con-

80 1740 197 1791 vertere
212 1731 331 1808 volenti,
346 1731 437 1791 ullum
451 1733 584 1792 resistere
599 1733 690 1810 possit
703 1732 829 1791 hominis
849 1731 1007 1790 arbitrium.
1051 1731 1124 1789 Haec
1147 1741 1191 1791 est
1205 1735 1291 1810 potis·

83 1811 160 1870 sirus
173 1821 242 1872 nota
255 1821 285 1871 et
297 1813 429 1890 proprius
443 1814 592 1872 character
605 1813 705 1889 gratita
720 1811 851 1886 efficacis,
867 1831 925 1888 quo
938 1811 975 1869 ab
989 1810 1054 1869 aliis
1065 1811 1198 1871 omnibus
1212 1813 1297 1874 donis

84 1911 152 1967 quac
167 1891 253 1950 etiam
268 1893 409 1970 Reprobis
423 1892 776 1970 nonnunquam'indulget
790 1893 879 1965 Deus,
892 1890 1115 1950 discriminatur.
1143 1891 1218 1952 Nam
1229 1913 1295 1952 cum

85 1979 192 2030 caetera
205 1971 348 2030 hominem
362 1973 475 2049 possint
488 1973 683 2032 diversimode
698 1971 811 2032 afficere
836 1980 865 2031 et
890 1991 1072 2030 commovere
1095 1971 1296 2050 illuminando,

87 2052 258 2126 coercendo,
274 2062 303 2112 et
317 2061 463 2130 utcunque
488 2052 574 2112 etiam
597 2052 784 2128 immutando,
811 2051 913 2110 saltem
935 2051 1031 2128 quoad
1055 2059 1204 2110 externam
1227 2054 1296 2114 vitae

85 2131 276 2206 honestatem,
292 2133 355 2192 hac
370 2134 432 2194 sola
445 2133 591 2192 hominem
606 2133 757 2208 convertit,
773 2140 802 2191 ct
816 2130 852 2190 de
866 2149 943 2189 novo
954 2138 1041 2206 creat,
1057 2138 1086 2190 et
1101 2131 1217 2208 quidem
1231 2141 1295 2192 tan-

84 2220 116 2269 ta
140 2211 275 2286 efficacia,
291 2221 323 2272 ut
337 2212 528 2272 infallibiliter
541 2212 675 2272 effectum
690 2231 773 2272 suum
789 2211 932 2284 sortiatur,
948 2219 978 2269 et
990 2211 1150 2288 quamlibet
1160 2213 1293 2274 volunta·

83 2293 123 2350 tis
137 2292 330 2352 resistentiam
345 2301 468 2371 superet,
484 2291 563 2370 quod
576 2293 606 2350 in
621 2293 808 2370 sequentibus
818 2291 911 2349 fusius
922 2291 1173 2352 demonstrabitur.

126 2371 258 2430 XXIII.
280 2372 386 2446 Quinta
400 2373 563 2450 Propositio
579 2396 586 2432 ι
601 2373 681 2431 Licet
692 2373 815 2448 Spiritu
825 2372 854 2429 ia
874 2372 1022 2432 Vocatione
1035 2373 1141 2443 efficaci
1156 2393 1213 2432 non
1226 2383 1298 2449 apat

85 2451 146 2510 sine
166 2453 263 2526 Verbo,
279 2473 335 2510 non
348 2453 407 2530 cpit
420 2463 512 2512 ιαηιειι
526 2462 634 2512 tuatim
647 2453 766 2512 mediate
773 2473 829 2528 per
848 2451 976 2526 Verbum,
990 2455 1042 2512 sed
1060 2472 1121 2510 cum
1142 2454 1230 2512 Verbo
1244 2454 1294 2512 im-

86 2532 1294 2608 nrcdioteetiomoperaturinanimam,utVocatioeffectumsuemnecamriosortictur.

88 2611 162 2671 Dico
170 2611 307 2688 Spiritum
313 2633 370 2671 non
376 2633 461 2690 agere
467 2614 529 2672 sine
535 2614 643 2672 Verbo.
674 2613 747 2672 Crun
761 2613 846 2686 enim,
861 2621 895 2671 ut
905 2612 969 2688 jaro
981 2612 1201 2687 insinuavaus,
1214 2612 1296 2674 Deus

85 2713 171 2768 agere
185 2693 232 2750 hic
244 2693 315 2752 velit
335 2691 422 2752 modo
446 2702 556 2752 natura
577 2693 711 2752 rationali
735 2691 927 2766 convenienti,
951 2700 981 2751 et
998 2693 1086 2768 juxta
1111 2691 1295 2768 Apostolum,

88 2773 169 2830 Rom.
185 2793 215 2831 x.
232 2775 278 2848 17,
296 2773 414 2832 “Fides
428 2773 466 2834 sit
490 2773 651 2847 exauditu,
667 2772 782 2832 auditus
796 2780 892 2830 autem
907 2791 945 2829 ex
963 2771 1063 2829 Verbo
1086 2771 1142 2830 Dei
1154 2772 1182 2846 ;''
1225 2771 1292 2831 Cer·

86 2861 148 2912 tum
161 2861 206 2912 est
220 2853 351 2912 Verbum
365 2853 527 2912 necessario
541 2873 709 2912 concurrere
724 2853 828 2912 debere
843 2871 908 2910 cum
929 2851 1038 2927 Spiritu
1062 2850 1100 2908 ad
1121 2849 1212 2910 nostri
1226 2871 1294 2910 con-

86 2933 248 2991 versionem
263 2953 301 2992 ex
315 2933 417 2992 ordine
433 2933 497 3006 DeI,
513 2942 543 2992 et
557 2933 690 2992 Foederis
705 2933 805 3009 gratiae
825 2931 1039 3006 constitutione,
1052 2931 1110 2988 lsa.
1125 2930 1177 2988 lix.
1201 2933 1249 3006 21,
1264 2940 1295 2991 et

88 3012 149 3071 sine
163 3033 197 3070 eo
214 3013 351 3090 Spiritum
374 3013 404 3072 in
426 3013 534 3072 adultis
548 3014 628 3074 illam
642 3033 701 3072 non
716 3012 837 3090 operari.
880 3011 941 3069 Nec
951 3010 1133 3084 dubiumst,
1143 3010 1214 3086 quin
1227 3019 1296 3088 apta

87 3101 116 3150 et
131 3092 243 3169 sapiens
257 3094 321 3170 ejus
334 3093 521 3170 dispensatio,
536 3113 589 3171 per
602 3094 709 3152 claram
723 3100 752 3150 et
767 3090 889 3150 solidam
912 3089 1044 3149 veritatis
1067 3090 1294 3168 propositionem

87 3181 243 3249 opportune
257 3174 372 3247 saetam,
386 3173 510 3232 multum
524 3173 652 3232 conferat
662 3173 699 3232 ad
709 3172 779 3230 boni
793 3169 887 3248 operis
901 3189 1075 3228 successum.
1119 3169 1177 3228 Sed
1187 3171 1295 3247 qualis·

86 3272 197 3330 cunque
212 3253 250 3312 sit
263 3256 326 3330 ejus
340 3252 474 3328 efficacia,
490 3273 548 3314 nou
563 3253 668 3313 sufficit
680 3261 778 3312 umen
792 3251 854 3310 sine
867 3249 1034 3309 immediata
1049 3249 1174 3326 Spiritus
1194 3269 1294 3327 opera·

87 3332 172 3392 tione.
195 3333 256 3392 Nec
270 3333 400 3393 Verbum
407 3330 1158 3411 quantavisevidentiaetopportrmitatepropositum,
1165 3341 1194 3388 et
1202 3330 1294 3407 quali-

87 3412 253 3490 buscrmquc
267 3413 491 3473 circumstantiis
502 3421 531 3472 et
541 3413 724 3472 adminiculis
731 3413 877 3486 vestitum,
890 3417 988 3488 posset
999 3409 1132 3470 effectum
1143 3410 1230 3468 istum
1241 3431 1294 3469 un-

88 3512 171 3568 quam
186 3493 352 3572 prodncere,
367 3493 424 3552 nisi
438 3492 588 3552 accederet
602 3513 714 3566 meana,
731 3491 884 3552 ineffabilis
898 3501 928 3552 et
941 3489 1155 3568 hyperpbysIca
1168 3490 1293 3568 Spiritus

88 3573 221 3649 operatio,
237 3593 302 3651 quas
316 3573 481 3634 immediate
495 3573 619 3632 animam
635 3573 769 3648 afficeret,
785 3581 814 3631 et
828 3572 858 3629 vi
873 3571 1068 3648 omnipotente
1083 3569 1219 3630 flecteret.
1242 3571 1295 3630 Ni-

88 3652 197 3728 mirum,
210 3674 275 3712 oum
291 3654 349 3714 duo
363 3653 401 3712 ad
415 3653 633 3713 conversionem
648 3651 810 3712 necessario
824 3651 1024 3729 requirantur;
1048 3651 1127 3710 Hinc
1145 3653 1295 3728 objectum,

88 3732 165 3808 quod
175 3733 356 3794 extrinsecus
370 3731 507 3793 offeratur
520 3733 618 3808 menti,
636 3731 708 3792 Inde
722 3734 935 3807 verosacvltcs,
950 3753 1015 3810 quse
1036 3731 1115 3790 intus
1135 3731 1208 3790 illud
1222 3732 1294 3792 reci·

89 3811 162 3886 piat3
185 3813 224 3871 Et
238 3833 289 3890 per
302 3821 453 3891 peccatum
467 3813 534 3872 talis
548 3833 582 3872 ac
597 3813 720 3873 tantais
742 3812 867 3871 animam
892 3813 930 3872 sit
954 3811 1069 3870 invecta
1093 3811 1246 3887 corruptio,
1261 3820 1296 3870 ut

88 3889 155 3948 licet
167 3910 279 3967 semper
292 3893 323 3950 in
337 3913 371 3952 ea
384 3893 554 3952 remanserit
567 3894 696 3970 potentia
709 3891 848 3951 naturalis
862 3891 1045 3968 intelligendi
1058 3898 1088 3950 et
1101 3889 1227 3962 volendi,
1243 3890 1294 3948 ha·

90 3968 165 4028 bitus
178 3977 274 4028 tamen
289 3991 341 4031 seu
354 3971 505 4050 dispositio
518 3973 636 4032 moraIIs
650 3972 723 4032 bene
729 3971 882 4049 judicandi
890 3979 920 4030 et
930 3970 1046 4029 volendi
1056 3970 1097 4028 ita
1106 3967 1293 4044 interciderit,

91 4055 191 4106 utnon
205 4050 297 4126 possit
310 4051 433 4127 amplius
447 4054 557 4111 moveri
571 4053 609 4111 ad
623 4061 732 4112 rectum
747 4053 792 4112 sui
817 4051 985 4110 exercitium
1000 4068 1052 4126 per
1075 4047 1227 4124 appulsum
1242 4047 1292 4106 ob·

87 4128 164 4206 jacti,
180 4137 212 4187 ut
225 4127 288 4188 tisri
302 4130 414 4190 solebat
427 4131 458 4190 in
471 4132 572 4192 ordine
586 4133 719 4207 naturali,
735 4139 765 4191 et
785 4139 862 4192 statu
887 4129 1011 4188 hominis
1024 4127 1166 4201 instituto,
1182 4127 1238 4186 nisi
1252 4128 1293 4186 fa-

90 4208 179 4268 cultas
194 4207 257 4285 ipsa
270 4209 350 4286 prius
365 4217 527 4270 renovetur.
570 4211 642 4272 Ideo
656 4212 765 4290 duplici
779 4211 873 4290 gratia
886 4208 995 4270 homini
1010 4205 1204 4265 convertendo
1219 4225 1294 4266 sem-

89 4307 224 4366 peropus
238 4297 290 4362 est,
306 4289 397 4348 altera
420 4291 553 4365 abjectius
576 4300 605 4351 et
629 4293 799 4366 extrinseca,
825 4310 890 4366 quse
914 4289 944 4348 in
968 4287 1074 4364 objecti
1097 4287 1295 4364 propositione

90 4369 142 4428 sita
155 4375 208 4442 est,
224 4367 314 4428 altera
328 4387 397 4428 vero
411 4372 566 4447 subjectae,
581 4391 646 4449 qua
661 4381 729 4450 agat
742 4369 907 4430 immediate
931 4368 960 4426 in
985 4366 1159 4441 facultatem,
1183 4375 1216 4425 ut
1230 4387 1293 4426 eam

89 4449 192 4527 objecti
206 4467 341 4524 capacem
356 4448 465 4525 reddat,
482 4470 539 4510 non
560 4452 647 4512 modo
671 4460 704 4512 ut
727 4459 809 4510 actus
833 4469 901 4509 suos
915 4447 991 4507 circa
1004 4447 1077 4506 illud
1090 4455 1167 4506 recte
1189 4446 1294 4506 elicere

89 4529 184 4608 possit,
202 4527 254 4588 sed
268 4528 356 4587 etiam
369 4538 402 4589 ut
416 4549 466 4590 eos
480 4541 546 4590 actu
560 4531 665 4592 eliciat.
708 4531 839 4608 Utraque
853 4549 922 4588 vero
936 4549 954 4587 a
970 4528 1079 4604 Spiritu
1102 4527 1209 4586 Sancto
1222 4547 1292 4603 pen·

89 4610 135 4670 det
147 4608 281 4668 bifariam
295 4619 439 4687 operante,
456 4619 485 4670 et
498 4612 527 4670 in
542 4612 649 4686 Verbo,
674 4619 704 4672 et
726 4612 755 4671 In
779 4609 881 4672 Corde.
924 4609 959 4666 In
982 4609 1081 4668 Verbo
1106 4607 1159 4666 suh
1184 4607 1294 4667 ratione

89 4711 175 4752 catate
189 4689 336 4766 objectabis.
380 4690 415 4748 In
431 4689 523 4750 Oorde
537 4691 591 4752 sub
605 4701 683 4764 exim
697 4713 789 4752 caton
800 4691 938 4764 efficientis
948 4689 1024 4750 fidei.
1068 4689 1104 4746 Iu
1119 4686 1217 4746 Verbo
1231 4707 1293 4747 uto-
