3152 5198
262 359 319 418 578
676 373 768 415 rocus
783 371 912 414 nrcruus
927 371 1046 412 ssxrus.
1271 347 1385 429 [unser.
1403 368 1437 408 rv.
1539 377 1540 406 1

303 517 342 574 V.
365 517 467 592 Itaque
482 517 524 574 sic
537 534 597 573 rem
618 514 731 573 facilius
752 523 782 573 et
801 511 905 572 clarius
924 512 1036 590 concipi
1060 529 1143 589 posse
1166 509 1322 568 credimus:
1342 508 1440 567 Christo

267 597 411 674 Sponsore
426 603 455 654 et
470 595 569 673 Capite
593 594 709 653 nobisa
730 595 793 653 Deo
817 593 959 652 destinato
984 601 1012 652 et
1036 591 1111 665 dato,
1127 591 1211 650 istius
1230 589 1339 648 unionis
1350 589 1440 646 virtute

265 676 337 748 fieri,
362 683 394 734 ut
408 675 547 751 quicquid
570 675 691 752 abipso
714 674 872 752 praestitum
897 672 991 746 luerit,
1006 672 1055 730 vel
1074 671 1224 748 perlatum,
1246 669 1282 729 ad
1306 669 1441 746 perfectum
1539 717 1540 726 2

266 754 356 831 Legis
366 754 561 831 impletionem
570 763 628 813 tam
640 753 735 831 quoad
748 760 898 830 praecepta,
914 771 1001 829 quam
1014 751 1109 829 quoad
1123 750 1297 809 sanctionem
1310 747 1441 825 poenalem,

264 843 395 893 nostrum
410 842 568 908 censeatur,
584 841 616 892 ut
629 841 727 891 nostro
741 832 805 890 loco
819 832 987 909 prestitum,
1003 841 1032 891 et
1045 831 1129 889 nobis
1143 850 1161 888 a
1176 830 1238 888 Deo
1252 829 1403 906 Imputetur,
1415 846 1442 883 ac

267 915 293 973 si
307 934 324 972 a
338 914 421 973 nobis
435 915 505 990 ipsIs
528 920 603 971 esset
625 919 780 989 peractum.
823 911 871 968 Ex
884 911 940 969 hac
953 931 1024 969 vero
1044 911 1165 988 justitiae
1185 908 1388 987 perfectissime
1401 907 1443 963 iru-

267 994 415 1071 putctione
430 993 517 1051 fluere
536 991 593 1048 duo
607 990 755 1064 beneficis,
771 996 832 1048 tum
853 990 1050 1049 remissionem
1064 999 1254 1066 peccatorum,
1269 998 1326 1049 tum
1338 986 1403 1065 juris
1414 983 1445 1042 ad

268 1074 358 1131 vitam
373 1073 562 1144 collationem,
579 1070 642 1128 sive
655 1069 860 1147 Adoptioncm,
876 1070 981 1146 quibus
996 1069 1108 1129 duobus
1119 1078 1181 1128 tota
1194 1069 1365 1127 contineatur
1374 1063 1444 1140 justi·

268 1152 382 1225 ficatio,
405 1159 437 1208 ut
453 1149 571 1224 justitie
583 1151 728 1226 imputatio
744 1149 781 1208 sit
801 1148 1019 1208 fundamentum
1034 1158 1063 1208 et
1086 1168 1174 1207 cause
1195 1148 1336 1206 meritorie
1356 1142 1444 1223 justifi·
1539 1217 1540 1222 ἵ

269 1229 398 1302 cationis,
414 1229 629 1286 absolutiorem
650 1238 680 1287 et
703 1229 828 1307 adoptio,
849 1228 913 1286 dusc
927 1237 1024 1305 partes
1047 1228 1271 1305 justificationis,
1296 1235 1324 1286 et
1344 1224 1446 1283 totidem
1539 1251 1540 1256 κ

268 1307 387 1366 effectus
396 1308 519 1382 justitIee
533 1307 738 1385 imputationis,
754 1329 818 1385 quae
833 1307 869 1365 ab
883 1308 1008 1366 invicem
1022 1308 1080 1366 sint
1093 1307 1306 1384 inseparabiles.
1345 1305 1410 1362 Num
1421 1309 1447 1359 ut

268 1407 327 1446 uon
341 1395 436 1464 potest
449 1387 570 1446 concedi
582 1389 668 1446 venia
682 1388 800 1465 peccati,
816 1407 869 1446 nec
885 1389 936 1462 jus
950 1387 988 1444 ad
1003 1387 1092 1444 vitam
1107 1387 1239 1460 conferri,
1254 1387 1309 1443 nisi
1322 1382 1448 1460 supposita

264 1467 386 1544 justitiae
401 1466 597 1543 imputatione,
614 1467 695 1544 cujus
710 1468 873 1525 interventu
889 1467 968 1524 Deus
979 1474 1075 1542 potest
1089 1467 1150 1525 sine
1165 1465 1330 1543 praejudicio
1344 1461 1448 1539 justitie

269 1566 382 1622 apoena
395 1546 525 1620 liberere,
538 1554 567 1604 et
580 1547 642 1605 vita
652 1546 757 1604 donare
770 1568 777 1604 ε
799 1544 846 1603 Ita
858 1546 952 1621 posita
965 1547 1017 1604 tali
1030 1545 1220 1622 imputatione
1233 1543 1385 1603 necessario
1397 1539 1449 1598 duit

268 1634 422 1702 utrumque
435 1625 514 1685 istud
528 1625 706 1702 beneficium,
723 1645 760 1684 ex
774 1624 888 1701 gemina
899 1625 982 1683 istius
994 1626 1117 1700 justitiae
1132 1625 1313 1702 proprietate,
1328 1629 1450 1699 quatenus

267 1705 356 1764 hebet
379 1707 439 1764 va
461 1704 680 1764 satisfactorium
708 1712 737 1763 et
757 1703 931 1762 meritoriam
958 1705 1060 1778 simul;
1082 1705 1195 1763 ratione
1222 1704 1323 1781 prioris
1348 1697 1451 1760 Justtia

268 1785 409 1861 imputata
423 1791 467 1843 est
480 1783 697 1844 fundamentum
710 1783 887 1842 remissionis
901 1791 1101 1860 peccatorum
1123 1785 1236 1842 ratione
1250 1781 1404 1861 posterioris
1416 1783 1453 1835 est

269 1883 355 1922 cause
365 1863 441 1938 juris
455 1863 493 1921 ad
505 1863 605 1922 vitam.

270 1981 391 2027 Remissro
417 1986 442 2027 et
465 1981 513 2026 Jus
574 1943 629 2000 VI.
653 1941 718 2000 Duo
732 1950 828 2000 autem
840 1941 896 2000 ista
909 1941 1048 2000 beneficis
1058 1941 1106 2000 hic
1121 1941 1325 2019 conjungenda
1334 1957 1391 1998 csse
1404 1955 1453 1994 non

299 2041 330 2084 sd
359 2041 432 2084 vtum
458 2041 513 2084 due
534 2041 592 2080 una
606 2022 715 2080 ratione
733 2021 880 2097 probatur,
896 2021 957 2079 sive
973 2021 1081 2097 Legem
1096 2021 1191 2097 ipsam
1205 2021 1387 2092 attendamus,
1401 2034 1455 2092 quc

297 2104 382 2200 iffi*
392 2096 512 2155 justifica·
533 2101 679 2178 implenda
689 2101 751 2175 luit,
768 2101 830 2158 sive
840 2100 1040 2160 necessitatem
1054 2109 1193 2177 nostram,
1207 2102 1269 2159 sive
1283 2119 1373 2158 rerum
1385 2103 1454 2154 natu·

319 2170 333 2200 ⁰
361 2170 380 2201 ⁸'
533 2199 602 2254 ram,
618 2181 680 2238 sive
697 2179 851 2257 Scripturae
864 2199 966 2237 vocem
981 2187 1152 2256 spectemus.
1190 2180 1265 2238 Nam
1279 2189 1312 2238 ut
1324 2181 1383 2237 Lcae
1394 2176 1456 2233 dues

269 2259 426 2318 sanctionis
439 2265 536 2335 partes
550 2259 685 2334 continet,
700 2259 768 2318 bino
781 2279 895 2336 poenam
909 2259 1010 2318 mortis
1032 2260 1303 2336 transgressoribus,
1322 2257 1454 2331 indepre-

268 2339 359 2394 mium
370 2338 439 2395 vitae
454 2335 674 2397 obedientibus:
704 2339 750 2396 Ita
764 2339 821 2398 Jus
843 2339 931 2416 Legis
956 2338 1033 2415 quod
1047 2358 1098 2416 per
1115 2340 1350 2416 justificationem
1364 2331 1457 2395 Christi

268 2417 298 2474 in
318 2415 402 2473 nobis
424 2415 567 2491 Impletus,
589 2435 646 2472 non
672 2424 767 2492 potest
781 2417 911 2490 obtineri,
934 2417 991 2476 nisi
1009 2437 1074 2476 cum
1089 2418 1259 2478 remissione
1282 2425 1455 2496 peccatorum,

269 2514 333 2570 quse
355 2513 448 2571 poenes
472 2492 669 2552 liberationem
693 2495 838 2570 importat,
860 2496 1018 2556 habeamus
1036 2497 1088 2573 jus
1108 2497 1261 2576 advitam,
1277 2491 1456 2576 quodperiec·

269 2573 380 2634 tissime
395 2571 560 2631 obedientia
575 2592 627 2630 sus
641 2572 772 2632 Christus
786 2574 871 2632 nobis
885 2576 1049 2651 acquisivit.

310 2653 384 2712 VII.
408 2651 550 2726 Secundo,
565 2654 663 2732 salutis
673 2653 818 2710 necessitas
831 2653 862 2709 id
876 2654 969 2730 ipsum
985 2656 1130 2731 exigebat.
1171 2656 1214 2715 Ut
1237 2657 1313 2714 enim
1327 2653 1381 2712 duo
1393 2649 1458 2708 mule

271 2754 323 2811 per
336 2741 485 2810 peccatum
499 2733 530 2790 in
550 2751 603 2790 nos
625 2731 755 2790 derivata
774 2741 849 2806 sunt,
874 2737 899 2791 l.
922 2733 1007 2807 Quod
1020 2735 1065 2792 rei
1084 2735 1152 2792 facti
1173 2755 1276 2794 sumus
1290 2753 1381 2794 coram
1395 2732 1458 2789 Deo.

270 2819 298 2872 2.
321 2813 405 2887 Quod
416 2812 521 2870 inimici
530 2819 558 2870 et
577 2832 595 2869 a
606 2811 669 2870 Dec
683 2811 761 2870 fonte
774 2811 844 2871 vitae
858 2812 961 2871 elieni:
977 2821 1072 2872 reatus
1093 2814 1193 2872 mortis
1206 2814 1240 2872 in
1255 2833 1338 2891 quem
1353 2808 1457 2869 incurri·

267 2912 340 2967 mus,
357 2900 386 2950 et
405 2892 530 2969 privatio
549 2891 617 2949 vitae
631 2911 715 2967 quam
731 2891 898 2951 emisimus:
920 2891 967 2950 Ita
987 2913 1046 2951 non
1065 2893 1211 2970 potuimus
1226 2895 1258 2951 in
1271 2894 1408 2969 integrum
1422 2907 1458 2945 re·

269 2972 358 3046 stitui,
381 2971 438 3029 nisi
461 2991 512 3048 per
531 2971 727 3029 remissionem
751 2979 933 3048 peccatorum
955 2972 1104 3030 tolleretur
1123 2980 1219 3031 reatus
1242 2973 1350 3047 mortis,
1365 2980 1392 3028 ct
1416 2985 1460 3044 per

268 3051 451 3130 adoptionem
467 3050 583 3108 duretur
589 3051 639 3128 jus
653 3049 691 3108 ed
704 3050 804 3109 vitum.
836 3051 877 3109 Et
889 3057 922 3110 ut
935 3050 1057 3110 felicitas
1067 3071 1125 3109 non
1140 3052 1170 3109 in
1183 3052 1346 3128 privatione
1359 3057 1459 3109 tantum

269 3131 339 3190 muli
351 3131 446 3208 posits
466 3139 518 3204 cst,
535 3129 586 3188 scd
600 3129 780 3206 potissimum
801 3130 831 3187 in
845 3131 1027 3206 possessione
1040 3130 1117 3206 boni,
1142 3149 1202 3188 non
1216 3133 1288 3192 satis
1302 3131 1354 3190 suit
1363 3150 1381 3187 a
1392 3125 1459 3184 malo

269 3229 322 3270 seu
346 3219 438 3268 morte
453 3209 550 3283 eximi,
563 3209 619 3268 nisi
633 3209 720 3266 ctiam
731 3210 781 3286 jus
801 3208 838 3266 ad
852 3209 960 3268 bonum
975 3229 1026 3268 seu
1040 3210 1129 3268 vitem
1144 3211 1283 3269 collatum
1297 3211 1403 3268 luisset.

311 3289 402 3348 VIII.
426 3293 454 3346 3.
476 3289 533 3348 Rei
545 3298 650 3346 notura
664 3289 720 3346 boe
741 3289 835 3365 ipsum
863 3289 979 3347 evincit.
1022 3289 1097 3363 Quia
1122 3288 1202 3347 aliud
1227 3299 1273 3349 est
1292 3289 1460 3348 redimeres

268 3389 361 3444 poena,
378 3366 457 3426 eliud
481 3369 630 3444 premium
645 3367 731 3426 etiam
755 3367 904 3443 addicere,
926 3368 1037 3426 aliuda
1056 3377 1147 3426 morte
1171 3368 1303 3442 liberere,
1319 3367 1396 3427 aliud
1407 3363 1460 3421 vita

269 3456 300 3505 et
313 3445 449 3504 felicitate
472 3445 598 3522 donare;
621 3465 658 3505 ex
677 3467 789 3504 carcere
803 3447 933 3522 educere,
948 3455 978 3506 et
990 3467 1078 3524 super
1091 3447 1225 3506 thronum
1241 3449 1371 3507 evehere.
1383 3437 1460 3502 'Illud

269 3524 346 3584 tollit
366 3523 482 3597 malum,
499 3525 553 3583 hoc
568 3545 636 3583 vcro
650 3525 758 3584 bonum
773 3527 859 3584 ctiam
884 3527 1069 3604 superaddit,
1094 3526 1136 3585 Ut
1160 3527 1184 3585 si
1208 3546 1310 3586 servus
1332 3524 1460 3602 fugitivus

267 3622 327 3662 non
340 3601 426 3660 modo
437 3601 605 3662 absolvatur
619 3624 636 3660 s
649 3623 735 3680 poena
753 3605 858 3680 debita,
875 3605 926 3664 aed
935 3611 964 3668 et
977 3607 1118 3666 evehatur
1127 3606 1163 3664 ad
1185 3605 1356 3682 dignitatem
1370 3611 1398 3662 et
1418 3601 1461 3676 jus

268 3682 330 3742 filii.
373 3680 456 3739 Licet
470 3681 546 3738 enim
570 3681 633 3739 haec
660 3681 718 3740 duo
742 3683 926 3760 inseparabili
940 3705 1018 3744 nexu
1040 3687 1115 3744 inter
1138 3705 1168 3744 se
1183 3685 1338 3762 conjuncta
1358 3684 1412 3742 sint
1429 3697 1461 3738 ex

269 3761 392 3822 Foedcre
414 3759 532 3834 Gratise,
556 3761 603 3817 Ex
627 3769 730 3818 natura
748 3763 789 3820 rei
812 3771 909 3822 tamen
930 3773 1085 3841 potuerunt
1109 3766 1254 3842 separari3
1285 3765 1327 3825 Ut
1341 3761 1460 3821 adamus

268 3844 324 3903 etsi
337 3843 475 3902 innocens
490 3839 526 3898 ab
541 3839 623 3898 initio
638 3839 805 3916 creationis,
821 3849 850 3899 et
870 3843 951 3900 nulla
964 3863 1050 3920 poena
1063 3843 1178 3920 dignus,
1192 3865 1251 3902 ncn
1266 3854 1361 3903 tamen
1375 3838 1461 3899 statim

267 3923 374 4000 dignus
398 3921 453 3981 fuit
479 3921 605 4060 praemio,
634 3919 726 3978 donec
750 3920 923 3979 curriculum
947 3922 1117 3983 obedientius
1141 3923 1327 4001 perfecisset:
1349 3923 1461 3978 Itanon
1539 3957 1540 3974 ι

268 4021 386 4062 necesse
401 4001 483 4061 suita
504 4001 604 4076 solute,
621 4007 653 4058 ut
667 3998 772 4059 illecui
785 4009 904 4078 peccata
918 4010 984 4062 sunt
997 4003 1125 4077 remissa,
1147 4003 1237 4080 etqui
1250 4024 1269 4061 a
1281 4001 1381 4060 mortis
1390 4003 1462 4056 reatu
1539 3995 1540 4032 l

267 4081 415 4157 liberetur,
431 4080 509 4140 illico
523 4079 746 4140 immortalitatis
757 4100 862 4139 corone
876 4080 1038 4158 donaretur,
1054 4082 1153 4142 cumei
1165 4082 1350 4141 Declibitum
1361 4077 1461 4145 suunt,

307 4162 411 4222 tuisset
424 4161 570 4220 hominem
585 4159 680 4218 denuo
694 4159 732 4217 ed
746 4179 818 4237 opus
832 4160 994 4234 amandare,
1008 4181 1064 4237 quo
1078 4161 1227 4236 praemium
1242 4163 1461 4236 consequeretur·

307 4241 515 4301 berationeme
543 4259 656 4297 carcere
684 4240 813 4315 sequitur
849 4239 966 4317 quidem
993 4241 1155 4299 necessario
1181 4241 1306 4315 libertas,
1336 4237 1386 4297 sed
1411 4251 1461 4291 non

270 4322 366 4380 stetim
388 4319 538 4393 Diadema,
561 4327 590 4377 et
599 4318 742 4376 Thronus.
783 4318 895 4396 Jcsepb
910 4319 1022 4379 solutus
1035 4339 1053 4377 a
1066 4319 1199 4395 vinculis,
1214 4340 1273 4380 non
1286 4317 1350 4377 ideo
1364 4309 1462 4393 prefici
1539 4365 1540 4386 ,

270 4397 370 4460 debuit
392 4399 533 4476 AEgypto.
576 4397 780 4474 Mephiboseth
803 4418 820 4456 e
845 4399 977 4474 squalore
999 4407 1029 4457 et
1051 4398 1108 4458 situ
1132 4399 1272 4474 eductus;
1293 4417 1349 4456 non
1372 4391 1461 4452 surim
1539 4389 1540 4402 ¹

269 4477 435 4538 evehendus
458 4476 562 4536 suited
582 4477 824 4553 Regismanssm.
867 4478 913 4534 ltc
927 4476 985 4536 duo
999 4477 1134 4537 distincte
1148 4475 1334 4556 concipienda
1352 4479 1417 4532 sunt
1434 4468 1461 4525 in

268 4556 324 4614 hoc
338 4555 484 4628 beneficio,
509 4556 604 4614 Venia
627 4557 737 4632 pecceti
762 4556 916 4629 commissi,
945 4576 1011 4616 cum
1031 4558 1200 4618 liberatione
1227 4579 1245 4617 a
1271 4550 1460 4615 musdcuoue

270 4631 366 4708 Legis,
380 4641 409 4691 et
421 4633 530 4709 proemii
544 4653 596 4692 seu
609 4634 819 4693 benedictIonis
833 4634 965 4694 Collatio.
