<?xml version="1.0" encoding="UTF-8"?>
<!DOCTYPE html PUBLIC "-//W3C//DTD XHTML 1.0 Transitional//EN"
    "http://www.w3.org/TR/xhtml1/DTD/xhtml1-transitional.dtd">
<html xmlns="http://www.w3.org/1999/xhtml" xml:lang="en" lang="en">
 <head>
  <title>
</title>
<meta http-equiv="Content-Type" content="text/html;charset=utf-8" />
  <meta name='ocr-system' content='tesseract 3.04.00' />
  <meta name='ocr-capabilities' content='ocr_page ocr_carea ocr_par ocr_line ocrx_word'/>
</head>
<body>
  <div class='ocr_page' id='page_1' title='image "./francisciturret00pictgoog_0405.png"; bbox 0 0 3146 5210; ppageno 0'>
   <div class='ocr_carea' id='block_1_1' title="bbox 200 283 1412 367">
    <p class='ocr_par' dir='ltr' id='par_1_1' title="bbox 200 283 1412 367">
     <span class='ocr_line' id='line_1_1' title="bbox 200 283 1412 367; baseline -0.003 -19"><span class='ocrx_word' id='word_1_1' title='bbox 200 291 257 348; x_wconf 80' lang='lat'>374</span> <span class='ocrx_word' id='word_1_2' title='bbox 578 305 669 346; x_wconf 78' lang='lat' dir='ltr'>rocus</span> <span class='ocrx_word' id='word_1_3' title='bbox 684 305 813 345; x_wconf 77' lang='lat' dir='ltr'>nacturus</span> <span class='ocrx_word' id='word_1_4' title='bbox 828 303 972 353; x_wconf 80' lang='lat' dir='ltr'>enarras.</span> <span class='ocrx_word' id='word_1_5' title='bbox 1230 283 1361 367; x_wconf 74' lang='lat' dir='ltr'>[eumer.</span> <span class='ocrx_word' id='word_1_6' title='bbox 1377 305 1412 344; x_wconf 85' lang='lat'>1.</span> 
     </span>
    </p>
   </div>
   <div class='ocr_carea' id='block_1_2' title="bbox 199 443 1419 2440">
    <p class='ocr_par' dir='ltr' id='par_1_2' title="bbox 199 443 1417 1004">
     <span class='ocr_line' id='line_1_2' title="bbox 199 443 1415 523; baseline -0.001 -18"><span class='ocrx_word' id='word_1_7' title='bbox 199 455 314 521; x_wconf 78' lang='lat' dir='ltr'>nostra,</span> <span class='ocrx_word' id='word_1_8' title='bbox 331 445 424 523; x_wconf 88' lang='lat' dir='ltr'>gratia</span> <span class='ocrx_word' id='word_1_9' title='bbox 445 445 562 522; x_wconf 91' lang='lat' dir='ltr'>quidem</span> <span class='ocrx_word' id='word_1_10' title='bbox 575 445 675 504; x_wconf 88' lang='lat' dir='ltr'>fuisset</span> <span class='ocrx_word' id='word_1_11' title='bbox 700 445 811 520; x_wconf 85' lang='lat' dir='ltr'>ingens,</span> <span class='ocrx_word' id='word_1_12' title='bbox 837 445 863 504; x_wconf 91' lang='lat' dir='ltr'>si</span> <span class='ocrx_word' id='word_1_13' title='bbox 886 445 966 503; x_wconf 88' lang='lat' dir='ltr'>Dens</span> <span class='ocrx_word' id='word_1_14' title='bbox 991 443 1153 502; x_wconf 89' lang='lat' dir='ltr'>condonare</span> <span class='ocrx_word' id='word_1_15' title='bbox 1167 443 1310 504; x_wconf 85' lang='lat' dir='ltr'>voluisset</span> <span class='ocrx_word' id='word_1_16' title='bbox 1323 446 1415 504; x_wconf 85' lang='lat' dir='ltr'>nohis</span> 
     </span>
     <span class='ocr_line' id='line_1_3' title="bbox 201 524 1415 606; baseline -0.002 -20"><span class='ocrx_word' id='word_1_17' title='bbox 201 536 338 606; x_wconf 74' lang='lat' dir='ltr'>peccata,</span> <span class='ocrx_word' id='word_1_18' title='bbox 361 526 412 584; x_wconf 87' lang='lat' dir='ltr'>sed</span> <span class='ocrx_word' id='word_1_19' title='bbox 426 525 513 602; x_wconf 87' lang='lat' dir='ltr'>longe</span> <span class='ocrx_word' id='word_1_20' title='bbox 527 533 624 584; x_wconf 87' lang='lat' dir='ltr'>tamen</span> <span class='ocrx_word' id='word_1_21' title='bbox 638 526 810 584; x_wconf 85' lang='lat' dir='ltr'>subsidisset</span> <span class='ocrx_word' id='word_1_22' title='bbox 830 525 905 583; x_wconf 88' lang='lat' dir='ltr'>infra</span> <span class='ocrx_word' id='word_1_23' title='bbox 929 526 1062 604; x_wconf 60' lang='lat' dir='ltr'>tergeatis</span> <span class='ocrx_word' id='word_1_24' title='bbox 1077 524 1233 598; x_wconf 88' lang='lat' dir='ltr'>charitatis,</span> <span class='ocrx_word' id='word_1_25' title='bbox 1248 543 1302 600; x_wconf 89' lang='lat' dir='ltr'>per</span> <span class='ocrx_word' id='word_1_26' title='bbox 1322 545 1415 602; x_wconf 85' lang='lat' dir='ltr'>quam</span> 
     </span>
     <span class='ocr_line' id='line_1_4' title="bbox 202 603 1414 683; baseline -0.003 -17"><span class='ocrx_word' id='word_1_27' title='bbox 202 607 321 682; x_wconf 88' lang='lat' dir='ltr'>factum,</span> <span class='ocrx_word' id='word_1_28' title='bbox 337 613 370 666; x_wconf 89' lang='lat' dir='ltr'>ut</span> <span class='ocrx_word' id='word_1_29' title='bbox 391 606 506 682; x_wconf 88' lang='lat' dir='ltr'>justitia</span> <span class='ocrx_word' id='word_1_30' title='bbox 520 625 634 682; x_wconf 88' lang='lat' dir='ltr'>poenam</span> <span class='ocrx_word' id='word_1_31' title='bbox 649 607 759 683; x_wconf 89' lang='lat' dir='ltr'>peccati</span> <span class='ocrx_word' id='word_1_32' title='bbox 774 605 991 664; x_wconf 84' lang='lat' dir='ltr'>inexorabiliter</span> <span class='ocrx_word' id='word_1_33' title='bbox 1005 604 1178 681; x_wconf 72' lang='lat' dir='ltr'><strong>postulante,</strong></span> <span class='ocrx_word' id='word_1_34' title='bbox 1195 603 1299 664; x_wconf 86' lang='lat' dir='ltr'>vicerit</span> <span class='ocrx_word' id='word_1_35' title='bbox 1312 615 1414 665; x_wconf 83' lang='lat' dir='ltr'>tamen</span> 
     </span>
     <span class='ocr_line' id='line_1_5' title="bbox 203 684 1414 763; baseline -0.002 -17"><span class='ocrx_word' id='word_1_36' title='bbox 203 686 305 746; x_wconf 87' lang='lat' dir='ltr'>salutis</span> <span class='ocrx_word' id='word_1_37' title='bbox 320 695 425 744; x_wconf 85' lang='lat' dir='ltr'>nostrae</span> <span class='ocrx_word' id='word_1_38' title='bbox 440 685 623 760; x_wconf 86' lang='lat' dir='ltr'>desiderium,</span> <span class='ocrx_word' id='word_1_39' title='bbox 646 696 759 763; x_wconf 89' lang='lat' dir='ltr'>reperto</span> <span class='ocrx_word' id='word_1_40' title='bbox 780 687 810 743; x_wconf 90' lang='lat' dir='ltr'>in</span> <span class='ocrx_word' id='word_1_41' title='bbox 824 705 889 743; x_wconf 89' lang='lat' dir='ltr'>eam</span> <span class='ocrx_word' id='word_1_42' title='bbox 911 705 971 743; x_wconf 87' lang='lat' dir='ltr'>rem</span> <span class='ocrx_word' id='word_1_43' title='bbox 986 684 1016 742; x_wconf 87' lang='lat' dir='ltr'>in</span> <span class='ocrx_word' id='word_1_44' title='bbox 1036 685 1172 742; x_wconf 87' lang='lat' dir='ltr'>thesauro</span> <span class='ocrx_word' id='word_1_45' title='bbox 1187 685 1338 761; x_wconf 68' lang='lat' dir='ltr'>sapientie</span> <span class='ocrx_word' id='word_1_46' title='bbox 1360 685 1414 744; x_wconf 88' lang='lat' dir='ltr'>ad-</span> 
     </span>
     <span class='ocr_line' id='line_1_6' title="bbox 203 763 1417 843; baseline 0 -19"><span class='ocrx_word' id='word_1_47' title='bbox 203 766 328 825; x_wconf 80' lang='lat' dir='ltr'>mirabili</span> <span class='ocrx_word' id='word_1_48' title='bbox 345 765 468 843; x_wconf 85' lang='lat' dir='ltr'>justitiae</span> <span class='ocrx_word' id='word_1_49' title='bbox 493 785 558 824; x_wconf 89' lang='lat' dir='ltr'>cum</span> <span class='ocrx_word' id='word_1_50' title='bbox 582 765 779 824; x_wconf 75' lang='lat' dir='ltr'>misericordia</span> <span class='ocrx_word' id='word_1_51' title='bbox 799 771 1033 842; x_wconf 86' lang='lat' dir='ltr'>temperamento.</span> <span class='ocrx_word' id='word_1_52' title='bbox 1077 763 1138 821; x_wconf 89' lang='lat' dir='ltr'>Nee</span> <span class='ocrx_word' id='word_1_53' title='bbox 1166 763 1300 822; x_wconf 80' lang='lat' dir='ltr'>Christus</span> <span class='ocrx_word' id='word_1_54' title='bbox 1313 776 1417 842; x_wconf 62' lang='lat' dir='ltr'>possm</span> 
     </span>
     <span class='ocr_line' id='line_1_7' title="bbox 203 843 1415 923; baseline -0.002 -18"><span class='ocrx_word' id='word_1_55' title='bbox 203 847 262 906; x_wconf 88' lang='lat' dir='ltr'>dici</span> <span class='ocrx_word' id='word_1_56' title='bbox 276 847 348 904; x_wconf 88' lang='lat' dir='ltr'>iram</span> <span class='ocrx_word' id='word_1_57' title='bbox 362 846 500 923; x_wconf 77' lang='lat' dir='ltr'><strong>placasse,</strong></span> <span class='ocrx_word' id='word_1_58' title='bbox 517 845 672 922; x_wconf 88' lang='lat' dir='ltr'>siquidem</span> <span class='ocrx_word' id='word_1_59' title='bbox 699 847 778 904; x_wconf 91' lang='lat' dir='ltr'>Deus</span> <span class='ocrx_word' id='word_1_60' title='bbox 804 846 866 922; x_wconf 89' lang='lat' dir='ltr'>ipse</span> <span class='ocrx_word' id='word_1_61' title='bbox 881 844 1106 904; x_wconf 82' lang='lat' dir='ltr'>satisfactionem</span> <span class='ocrx_word' id='word_1_62' title='bbox 1128 843 1238 902; x_wconf 87' lang='lat' dir='ltr'>nullam</span> <span class='ocrx_word' id='word_1_63' title='bbox 1253 844 1415 922; x_wconf 85' lang='lat' dir='ltr'>exigendo,</span> 
     </span>
     <span class='ocr_line' id='line_1_8' title="bbox 205 925 663 1004; baseline -0.004 -19"><span class='ocrx_word' id='word_1_64' title='bbox 205 927 278 985; x_wconf 86' lang='lat' dir='ltr'>iram</span> <span class='ocrx_word' id='word_1_65' title='bbox 292 945 345 1004; x_wconf 88' lang='lat' dir='ltr'>per</span> <span class='ocrx_word' id='word_1_66' title='bbox 358 945 389 985; x_wconf 86' lang='lat' dir='ltr'>se</span> <span class='ocrx_word' id='word_1_67' title='bbox 404 925 489 984; x_wconf 89' lang='lat' dir='ltr'>facile</span> <span class='ocrx_word' id='word_1_68' title='bbox 509 926 663 1002; x_wconf 82' lang='lat' dir='ltr'>posuisset.</span> 
     </span>
    </p>

    <p class='ocr_par' dir='ltr' id='par_1_3' title="bbox 207 1001 1419 2440">
     <span class='ocr_line' id='line_1_9' title="bbox 507 1001 1419 1081; baseline 0.002 -19"><span class='ocrx_word' id='word_1_69' title='bbox 507 1005 637 1064; x_wconf 84' lang='lat' dir='ltr'>XXIII.</span> <span class='ocrx_word' id='word_1_70' title='bbox 661 1004 801 1081; x_wconf 90' lang='lat' dir='ltr'>Denique,</span> <span class='ocrx_word' id='word_1_71' title='bbox 814 1009 840 1062; x_wconf 90' lang='lat' dir='ltr'>l.</span> <span class='ocrx_word' id='word_1_72' title='bbox 858 1003 1007 1064; x_wconf 83' lang='lat' dir='ltr'>Sententia</span> <span class='ocrx_word' id='word_1_73' title='bbox 1015 1002 1051 1061; x_wconf 89' lang='lat' dir='ltr'>de</span> <span class='ocrx_word' id='word_1_74' title='bbox 1062 1001 1266 1062; x_wconf 75' lang='lat' dir='ltr'>satisfactionis</span> <span class='ocrx_word' id='word_1_75' title='bbox 1288 1005 1419 1064; x_wconf 87' lang='lat' dir='ltr'>necessi-</span> 
     </span>
     <span class='ocr_line' id='line_1_10' title="bbox 466 1083 1419 1162; baseline -0.001 -19"><span class='ocrx_word' id='word_1_76' title='bbox 466 1093 524 1143; x_wconf 88' lang='lat' dir='ltr'>tate</span> <span class='ocrx_word' id='word_1_77' title='bbox 534 1105 590 1142; x_wconf 91' lang='lat' dir='ltr'>non</span> <span class='ocrx_word' id='word_1_78' title='bbox 606 1085 727 1161; x_wconf 86' lang='lat' dir='ltr'>derogat</span> <span class='ocrx_word' id='word_1_79' title='bbox 737 1085 790 1144; x_wconf 88' lang='lat' dir='ltr'>ulli</span> <span class='ocrx_word' id='word_1_80' title='bbox 800 1084 1007 1162; x_wconf 86' lang='lat' dir='ltr'>perfectionum</span> <span class='ocrx_word' id='word_1_81' title='bbox 1014 1083 1187 1141; x_wconf 85' lang='lat' dir='ltr'>divinarum.</span> <span class='ocrx_word' id='word_1_82' title='bbox 1203 1083 1269 1141; x_wconf 88' lang='lat' dir='ltr'>Non</span> <span class='ocrx_word' id='word_1_83' title='bbox 1279 1085 1419 1143; x_wconf 75' lang='grc' dir='ltr'><strong>αόιοιιιιαι</strong></span> 
     </span>
     <span class='ocr_line' id='line_1_11' title="bbox 467 1163 1418 1240; baseline 0.001 -18"><span class='ocrx_word' id='word_1_84' title='bbox 467 1166 603 1224; x_wconf 79' lang='lat' dir='ltr'>Potartati</span> <span class='ocrx_word' id='word_1_85' title='bbox 611 1190 623 1237; x_wconf 90' lang='lat'><em>;</em></span> <span class='ocrx_word' id='word_1_86' title='bbox 645 1164 719 1238; x_wconf 84' lang='lat' dir='ltr'>Quia</span> <span class='ocrx_word' id='word_1_87' title='bbox 742 1165 822 1222; x_wconf 90' lang='lat' dir='ltr'>Deus</span> <span class='ocrx_word' id='word_1_88' title='bbox 836 1184 895 1223; x_wconf 90' lang='lat' dir='ltr'>non</span> <span class='ocrx_word' id='word_1_89' title='bbox 908 1170 1003 1240; x_wconf 79' lang='lat' dir='ltr'>potest</span> <span class='ocrx_word' id='word_1_90' title='bbox 1018 1182 1048 1221; x_wconf 90' lang='lat' dir='ltr'>se</span> <span class='ocrx_word' id='word_1_91' title='bbox 1062 1171 1093 1222; x_wconf 91' lang='lat' dir='ltr'>et</span> <span class='ocrx_word' id='word_1_92' title='bbox 1105 1163 1229 1221; x_wconf 82' lang='lat' dir='ltr'>virtutes</span> <span class='ocrx_word' id='word_1_93' title='bbox 1243 1181 1311 1222; x_wconf 84' lang='lat' dir='ltr'>suas</span> <span class='ocrx_word' id='word_1_94' title='bbox 1324 1165 1418 1223; x_wconf 87' lang='lat' dir='ltr'>abne·</span> 
     </span>
     <span class='ocr_line' id='line_1_12' title="bbox 207 1242 1418 1324; baseline -0.001 -20"><span class='ocrx_word' id='word_1_95' title='bbox 207 1267 295 1324; x_wconf 67' lang='lat' dir='ltr'>gare,</span> <span class='ocrx_word' id='word_1_96' title='bbox 311 1265 363 1303; x_wconf 90' lang='lat' dir='ltr'>nec</span> <span class='ocrx_word' id='word_1_97' title='bbox 378 1245 419 1304; x_wconf 89' lang='lat' dir='ltr'>ita</span> <span class='ocrx_word' id='word_1_98' title='bbox 433 1265 464 1304; x_wconf 90' lang='lat' dir='ltr'>se</span> <span class='ocrx_word' id='word_1_99' title='bbox 479 1265 587 1321; x_wconf 89' lang='lat' dir='ltr'>gerere,</span> <span class='ocrx_word' id='word_1_100' title='bbox 603 1245 687 1322; x_wconf 87' lang='lat' dir='ltr'>quasi</span> <span class='ocrx_word' id='word_1_101' title='bbox 701 1253 819 1321; x_wconf 87' lang='lat' dir='ltr'>peccato</span> <span class='ocrx_word' id='word_1_102' title='bbox 833 1243 999 1317; x_wconf 86' lang='lat' dir='ltr'>delectetur,</span> <span class='ocrx_word' id='word_1_103' title='bbox 1024 1242 1202 1318; x_wconf 87' lang='lat' dir='ltr'>indulgendo</span> <span class='ocrx_word' id='word_1_104' title='bbox 1214 1245 1360 1320; x_wconf 86' lang='lat' dir='ltr'>peccatori</span> <span class='ocrx_word' id='word_1_105' title='bbox 1370 1245 1418 1304; x_wconf 88' lang='lat' dir='ltr'>sui</span> 
     </span>
     <span class='ocr_line' id='line_1_13' title="bbox 207 1322 1419 1400; baseline 0 -16"><span class='ocrx_word' id='word_1_106' title='bbox 207 1326 445 1386; x_wconf 87' lang='lat' dir='ltr'>communionem.</span> <span class='ocrx_word' id='word_1_107' title='bbox 488 1325 554 1382; x_wconf 91' lang='lat' dir='ltr'>Non</span> <span class='ocrx_word' id='word_1_108' title='bbox 568 1325 721 1383; x_wconf 83' lang='lat' dir='ltr'>liberrimae</span> <span class='ocrx_word' id='word_1_109' title='bbox 741 1325 891 1400; x_wconf 82' lang='lat' dir='ltr'>Voluntati,</span> <span class='ocrx_word' id='word_1_110' title='bbox 907 1323 976 1399; x_wconf 89' lang='lat' dir='ltr'>quia</span> <span class='ocrx_word' id='word_1_111' title='bbox 995 1322 1069 1380; x_wconf 87' lang='lat' dir='ltr'>nihil</span> <span class='ocrx_word' id='word_1_112' title='bbox 1079 1323 1144 1380; x_wconf 76' lang='lat' dir='ltr'>vult</span> <span class='ocrx_word' id='word_1_113' title='bbox 1163 1331 1214 1381; x_wconf 92' lang='lat' dir='ltr'>aut</span> <span class='ocrx_word' id='word_1_114' title='bbox 1227 1323 1304 1382; x_wconf 80' lang='lat' dir='ltr'>velle</span> <span class='ocrx_word' id='word_1_115' title='bbox 1318 1333 1419 1400; x_wconf 86' lang='lat' dir='ltr'>potest</span> 
     </span>
     <span class='ocr_line' id='line_1_14' title="bbox 207 1402 1416 1482; baseline -0.002 -18"><span class='ocrx_word' id='word_1_116' title='bbox 207 1415 307 1466; x_wconf 89' lang='lat' dir='ltr'>eontra</span> <span class='ocrx_word' id='word_1_117' title='bbox 321 1425 403 1463; x_wconf 87' lang='lat' dir='ltr'>suam</span> <span class='ocrx_word' id='word_1_118' title='bbox 413 1403 558 1482; x_wconf 87' lang='lat' dir='ltr'>justitiam</span> <span class='ocrx_word' id='word_1_119' title='bbox 572 1413 601 1462; x_wconf 88' lang='lat' dir='ltr'>et</span> <span class='ocrx_word' id='word_1_120' title='bbox 615 1404 805 1478; x_wconf 84' lang='lat' dir='ltr'>sanctitatem,</span> <span class='ocrx_word' id='word_1_121' title='bbox 822 1424 886 1480; x_wconf 84' lang='lat' dir='ltr'>quae</span> <span class='ocrx_word' id='word_1_122' title='bbox 900 1423 958 1460; x_wconf 90' lang='lat' dir='ltr'>non</span> <span class='ocrx_word' id='word_1_123' title='bbox 981 1421 1081 1478; x_wconf 85' lang='lat' dir='ltr'>pamm</span> <span class='ocrx_word' id='word_1_124' title='bbox 1096 1402 1256 1477; x_wconf 83' lang='lat' dir='ltr'>laederetur,</span> <span class='ocrx_word' id='word_1_125' title='bbox 1273 1404 1298 1460; x_wconf 88' lang='lat' dir='ltr'>si</span> <span class='ocrx_word' id='word_1_126' title='bbox 1312 1423 1416 1481; x_wconf 88' lang='lat' dir='ltr'>pecca-</span> 
     </span>
     <span class='ocr_line' id='line_1_15' title="bbox 208 1480 1418 1560; baseline -0.003 -15"><span class='ocrx_word' id='word_1_127' title='bbox 208 1496 269 1545; x_wconf 90' lang='lat' dir='ltr'>tum</span> <span class='ocrx_word' id='word_1_128' title='bbox 285 1493 413 1543; x_wconf 88' lang='lat' dir='ltr'>maneret</span> <span class='ocrx_word' id='word_1_129' title='bbox 427 1484 560 1543; x_wconf 89' lang='lat' dir='ltr'>inultum.</span> <span class='ocrx_word' id='word_1_130' title='bbox 597 1485 662 1542; x_wconf 89' lang='lat' dir='ltr'>Non</span> <span class='ocrx_word' id='word_1_131' title='bbox 677 1483 1048 1557; x_wconf 72' lang='lat' dir='ltr'>Misericordiaeimmcnsae,</span> <span class='ocrx_word' id='word_1_132' title='bbox 1064 1481 1133 1557; x_wconf 89' lang='lat' dir='ltr'>quia</span> <span class='ocrx_word' id='word_1_133' title='bbox 1146 1480 1190 1539; x_wconf 91' lang='lat' dir='ltr'>illi</span> <span class='ocrx_word' id='word_1_134' title='bbox 1204 1481 1285 1541; x_wconf 90' lang='lat' dir='ltr'>locus</span> <span class='ocrx_word' id='word_1_135' title='bbox 1300 1503 1418 1560; x_wconf 86' lang='lat' dir='ltr'>semper</span> 
     </span>
     <span class='ocr_line' id='line_1_16' title="bbox 208 1562 1417 1642; baseline -0.002 -18"><span class='ocrx_word' id='word_1_136' title='bbox 208 1566 293 1626; x_wconf 88' lang='lat' dir='ltr'>datur</span> <span class='ocrx_word' id='word_1_137' title='bbox 315 1585 384 1642; x_wconf 87' lang='lat' dir='ltr'>erga</span> <span class='ocrx_word' id='word_1_138' title='bbox 402 1573 590 1642; x_wconf 87' lang='lat' dir='ltr'>peccatorem,</span> <span class='ocrx_word' id='word_1_139' title='bbox 606 1565 674 1623; x_wconf 88' lang='lat' dir='ltr'>licet</span> <span class='ocrx_word' id='word_1_140' title='bbox 699 1564 855 1622; x_wconf 84' lang='lat' dir='ltr'>satisfactio</span> <span class='ocrx_word' id='word_1_141' title='bbox 880 1583 897 1620; x_wconf 88' lang='lat' dir='ltr'>a</span> <span class='ocrx_word' id='word_1_142' title='bbox 922 1562 1005 1619; x_wconf 87' lang='lat' dir='ltr'>Vade</span> <span class='ocrx_word' id='word_1_143' title='bbox 1026 1562 1170 1636; x_wconf 83' lang='lat' dir='ltr'>exigatur.</span> <span class='ocrx_word' id='word_1_144' title='bbox 1214 1563 1271 1620; x_wconf 83' lang='lat' dir='ltr'>Sed</span> <span class='ocrx_word' id='word_1_145' title='bbox 1292 1563 1364 1621; x_wconf 87' lang='lat' dir='ltr'>facit</span> <span class='ocrx_word' id='word_1_146' title='bbox 1377 1564 1417 1621; x_wconf 84' lang='lat' dir='ltr'>ad</span> 
     </span>
     <span class='ocr_line' id='line_1_17' title="bbox 207 1641 1417 1722; baseline -0.002 -18"><span class='ocrx_word' id='word_1_147' title='bbox 207 1645 429 1706; x_wconf 87' lang='lat' dir='ltr'>illustrationem</span> <span class='ocrx_word' id='word_1_148' title='bbox 453 1645 553 1721; x_wconf 84' lang='lat' dir='ltr'>gloriae</span> <span class='ocrx_word' id='word_1_149' title='bbox 575 1646 876 1722; x_wconf 84' lang='lat' dir='ltr'>praestantissimarum</span> <span class='ocrx_word' id='word_1_150' title='bbox 906 1642 961 1700; x_wconf 92' lang='lat' dir='ltr'>Dei</span> <span class='ocrx_word' id='word_1_151' title='bbox 986 1641 1150 1700; x_wconf 88' lang='lat' dir='ltr'>virtutum:</span> <span class='ocrx_word' id='word_1_152' title='bbox 1174 1641 1345 1718; x_wconf 68' lang='lat' dir='ltr'>sanctitatis,</span> <span class='ocrx_word' id='word_1_153' title='bbox 1362 1663 1417 1720; x_wconf 87' lang='lat' dir='ltr'>per</span> 
     </span>
     <span class='ocr_line' id='line_1_18' title="bbox 207 1720 1415 1803; baseline -0.002 -19"><span class='ocrx_word' id='word_1_154' title='bbox 207 1745 294 1803; x_wconf 90' lang='lat' dir='ltr'>quam</span> <span class='ocrx_word' id='word_1_155' title='bbox 308 1725 418 1783; x_wconf 90' lang='lat' dir='ltr'>nullam</span> <span class='ocrx_word' id='word_1_156' title='bbox 433 1745 497 1782; x_wconf 89' lang='lat' dir='ltr'>eum</span> <span class='ocrx_word' id='word_1_157' title='bbox 512 1733 661 1801; x_wconf 86' lang='lat' dir='ltr'>peccatore</span> <span class='ocrx_word' id='word_1_158' title='bbox 672 1725 901 1782; x_wconf 88' lang='lat' dir='ltr'>comumuiouem</span> <span class='ocrx_word' id='word_1_159' title='bbox 912 1722 1005 1780; x_wconf 87' lang='lat' dir='ltr'>colere</span> <span class='ocrx_word' id='word_1_160' title='bbox 1020 1730 1116 1798; x_wconf 90' lang='lat' dir='ltr'>potest</span> <span class='ocrx_word' id='word_1_161' title='bbox 1130 1720 1192 1780; x_wconf 87' lang='lat' dir='ltr'>sine</span> <span class='ocrx_word' id='word_1_162' title='bbox 1205 1724 1315 1799; x_wconf 85' lang='lat' dir='ltr'>praevia</span> <span class='ocrx_word' id='word_1_163' title='bbox 1329 1725 1415 1782; x_wconf 87' lang='lat' dir='ltr'>satis·</span> 
     </span>
     <span class='ocr_line' id='line_1_19' title="bbox 208 1801 1417 1882; baseline -0.001 -19"><span class='ocrx_word' id='word_1_164' title='bbox 208 1806 341 1880; x_wconf 84' lang='lat' dir='ltr'>faetione,</span> <span class='ocrx_word' id='word_1_165' title='bbox 356 1825 413 1882; x_wconf 89' lang='lat' dir='ltr'>qua</span> <span class='ocrx_word' id='word_1_166' title='bbox 428 1813 457 1863; x_wconf 88' lang='lat' dir='ltr'>et</span> <span class='ocrx_word' id='word_1_167' title='bbox 478 1813 574 1862; x_wconf 89' lang='lat' dir='ltr'>reatus</span> <span class='ocrx_word' id='word_1_168' title='bbox 589 1806 652 1881; x_wconf 87' lang='lat' dir='ltr'>ejus</span> <span class='ocrx_word' id='word_1_169' title='bbox 667 1805 803 1880; x_wconf 89' lang='lat' dir='ltr'>deleatur,</span> <span class='ocrx_word' id='word_1_170' title='bbox 821 1813 849 1863; x_wconf 91' lang='lat' dir='ltr'>et</span> <span class='ocrx_word' id='word_1_171' title='bbox 863 1802 983 1861; x_wconf 69' lang='lat' dir='ltr'>maculae</span> <span class='ocrx_word' id='word_1_172' title='bbox 1008 1801 1118 1859; x_wconf 89' lang='lat' dir='ltr'>ablutio</span> <span class='ocrx_word' id='word_1_173' title='bbox 1132 1811 1319 1878; x_wconf 80' lang='lat' dir='ltr'>procuretur3</span> <span class='ocrx_word' id='word_1_174' title='bbox 1343 1805 1417 1862; x_wconf 81' lang='lat' dir='ltr'>Jur-</span> 
     </span>
     <span class='ocr_line' id='line_1_20' title="bbox 208 1880 1416 1962; baseline -0.002 -19"><span class='ocrx_word' id='word_1_175' title='bbox 208 1887 282 1959; x_wconf 85' lang='lat' dir='ltr'>titiae,</span> <span class='ocrx_word' id='word_1_176' title='bbox 295 1905 360 1962; x_wconf 78' lang='lat' dir='ltr'>quae</span> <span class='ocrx_word' id='word_1_177' title='bbox 374 1885 414 1943; x_wconf 86' lang='lat' dir='ltr'>ita</span> <span class='ocrx_word' id='word_1_178' title='bbox 428 1884 645 1942; x_wconf 84' lang='lat' dir='ltr'>inexorabiliter</span> <span class='ocrx_word' id='word_1_179' title='bbox 658 1884 769 1960; x_wconf 89' lang='lat' dir='ltr'>peccati</span> <span class='ocrx_word' id='word_1_180' title='bbox 794 1903 913 1961; x_wconf 85' lang='lat' dir='ltr'>poenam</span> <span class='ocrx_word' id='word_1_181' title='bbox 934 1881 1070 1958; x_wconf 88' lang='lat' dir='ltr'>postulat,</span> <span class='ocrx_word' id='word_1_182' title='bbox 1086 1889 1119 1940; x_wconf 89' lang='lat' dir='ltr'>ut</span> <span class='ocrx_word' id='word_1_183' title='bbox 1140 1880 1226 1940; x_wconf 90' lang='lat' dir='ltr'>etiam</span> <span class='ocrx_word' id='word_1_184' title='bbox 1247 1883 1277 1940; x_wconf 88' lang='lat' dir='ltr'>in</span> <span class='ocrx_word' id='word_1_185' title='bbox 1297 1884 1416 1961; x_wconf 91' lang='lat' dir='ltr'>proprio</span> 
     </span>
     <span class='ocr_line' id='line_1_21' title="bbox 210 1962 1417 2040; baseline -0.001 -17"><span class='ocrx_word' id='word_1_186' title='bbox 210 1966 286 2023; x_wconf 86' lang='lat' dir='ltr'>Filio</span> <span class='ocrx_word' id='word_1_187' title='bbox 301 1985 353 2024; x_wconf 90' lang='lat' dir='ltr'>suo</span> <span class='ocrx_word' id='word_1_188' title='bbox 369 1965 449 2022; x_wconf 87' lang='lat' dir='ltr'>Deus</span> <span class='ocrx_word' id='word_1_189' title='bbox 464 1963 536 2020; x_wconf 94' lang='lat' dir='ltr'>illud</span> <span class='ocrx_word' id='word_1_190' title='bbox 550 1964 652 2040; x_wconf 87' lang='lat' dir='ltr'>punire</span> <span class='ocrx_word' id='word_1_191' title='bbox 665 1964 796 2038; x_wconf 84' lang='lat' dir='ltr'>voluerit,</span> <span class='ocrx_word' id='word_1_192' title='bbox 819 1984 855 2022; x_wconf 88' lang='lat' dir='ltr'>nc</span> <span class='ocrx_word' id='word_1_193' title='bbox 867 1963 990 2021; x_wconf 88' lang='lat' dir='ltr'>inultum</span> <span class='ocrx_word' id='word_1_194' title='bbox 1004 1968 1150 2036; x_wconf 71' lang='lat' dir='ltr'>maneret,</span> <span class='ocrx_word' id='word_1_195' title='bbox 1173 1962 1334 2038; x_wconf 76' lang='lat' dir='ltr'>Sapientia,</span> <span class='ocrx_word' id='word_1_196' title='bbox 1349 1983 1417 2040; x_wconf 77' lang='lat' dir='ltr'>quae</span> 
     </span>
     <span class='ocr_line' id='line_1_22' title="bbox 209 2040 1417 2121; baseline -0.001 -18"><span class='ocrx_word' id='word_1_197' title='bbox 209 2044 288 2121; x_wconf 88' lang='lat' dir='ltr'>qnod</span> <span class='ocrx_word' id='word_1_198' title='bbox 302 2044 381 2102; x_wconf 88' lang='lat' dir='ltr'>omni</span> <span class='ocrx_word' id='word_1_199' title='bbox 395 2052 491 2101; x_wconf 88' lang='lat' dir='ltr'>creato</span> <span class='ocrx_word' id='word_1_200' title='bbox 506 2043 665 2102; x_wconf 90' lang='lat' dir='ltr'>intellectui</span> <span class='ocrx_word' id='word_1_201' title='bbox 680 2043 858 2119; x_wconf 89' lang='lat' dir='ltr'>impossibile</span> <span class='ocrx_word' id='word_1_202' title='bbox 873 2041 935 2116; x_wconf 86' lang='lat' dir='ltr'>fuit,</span> <span class='ocrx_word' id='word_1_203' title='bbox 952 2040 1121 2099; x_wconf 86' lang='lat' dir='ltr'>admirabile</span> <span class='ocrx_word' id='word_1_204' title='bbox 1142 2042 1265 2118; x_wconf 72' lang='lat' dir='ltr'>justitia</span> <span class='ocrx_word' id='word_1_205' title='bbox 1286 2052 1316 2102; x_wconf 87' lang='lat' dir='ltr'>et</span> <span class='ocrx_word' id='word_1_206' title='bbox 1330 2045 1417 2102; x_wconf 83' lang='lat' dir='ltr'>mise-</span> 
     </span>
     <span class='ocr_line' id='line_1_23' title="bbox 209 2120 1418 2200; baseline -0.002 -18"><span class='ocrx_word' id='word_1_207' title='bbox 209 2124 340 2182; x_wconf 75' lang='lat' dir='ltr'>ricordiae</span> <span class='ocrx_word' id='word_1_208' title='bbox 365 2130 621 2198; x_wconf 88' lang='lat' dir='ltr'>temperamentum</span> <span class='ocrx_word' id='word_1_209' title='bbox 640 2122 761 2197; x_wconf 87' lang='lat' dir='ltr'>invenit,</span> <span class='ocrx_word' id='word_1_210' title='bbox 786 2141 844 2200; x_wconf 91' lang='lat' dir='ltr'>quo</span> <span class='ocrx_word' id='word_1_211' title='bbox 858 2120 1063 2180; x_wconf 74' lang='lat' dir='ltr'>misericordia</span> <span class='ocrx_word' id='word_1_212' title='bbox 1077 2120 1158 2178; x_wconf 90' lang='lat' dir='ltr'>locus</span> <span class='ocrx_word' id='word_1_213' title='bbox 1183 2142 1254 2199; x_wconf 86' lang='lat' dir='ltr'>erga</span> <span class='ocrx_word' id='word_1_214' title='bbox 1274 2143 1329 2182; x_wconf 89' lang='lat' dir='ltr'>nos</span> <span class='ocrx_word' id='word_1_215' title='bbox 1353 2123 1418 2181; x_wconf 86' lang='lat' dir='ltr'>dari</span> 
     </span>
     <span class='ocr_line' id='line_1_24' title="bbox 208 2201 1417 2281; baseline 0.002 -21"><span class='ocrx_word' id='word_1_216' title='bbox 208 2205 310 2281; x_wconf 88' lang='lat' dir='ltr'>potuit,</span> <span class='ocrx_word' id='word_1_217' title='bbox 338 2203 400 2260; x_wconf 88' lang='lat' dir='ltr'>sinc</span> <span class='ocrx_word' id='word_1_218' title='bbox 422 2202 483 2260; x_wconf 90' lang='lat' dir='ltr'>ullo</span> <span class='ocrx_word' id='word_1_219' title='bbox 506 2202 624 2277; x_wconf 84' lang='lat' dir='ltr'>justitiae</span> <span class='ocrx_word' id='word_1_220' title='bbox 639 2202 825 2279; x_wconf 76' lang='lat' dir='ltr'>praejudici03</span> <span class='ocrx_word' id='word_1_221' title='bbox 850 2201 1015 2275; x_wconf 76' lang='lat' dir='ltr'>Charitatia,</span> <span class='ocrx_word' id='word_1_222' title='bbox 1038 2219 1096 2277; x_wconf 88' lang='lat' dir='ltr'>qua</span> <span class='ocrx_word' id='word_1_223' title='bbox 1117 2203 1233 2278; x_wconf 89' lang='lat' dir='ltr'>proprio</span> <span class='ocrx_word' id='word_1_224' title='bbox 1259 2203 1336 2261; x_wconf 83' lang='lat' dir='ltr'>Filio</span> <span class='ocrx_word' id='word_1_225' title='bbox 1356 2223 1417 2262; x_wconf 91' lang='lat' dir='ltr'>non</span> 
     </span>
     <span class='ocr_line' id='line_1_25' title="bbox 208 2280 1418 2360; baseline 0.002 -21"><span class='ocrx_word' id='word_1_226' title='bbox 208 2282 344 2359; x_wconf 88' lang='lat' dir='ltr'>pepercit,</span> <span class='ocrx_word' id='word_1_227' title='bbox 361 2289 393 2338; x_wconf 92' lang='grc' dir='ltr'>ιιι</span> <span class='ocrx_word' id='word_1_228' title='bbox 407 2281 491 2338; x_wconf 87' lang='lat' dir='ltr'>nobis</span> <span class='ocrx_word' id='word_1_229' title='bbox 506 2289 644 2357; x_wconf 87' lang='lat' dir='ltr'>parceret.</span> <span class='ocrx_word' id='word_1_230' title='bbox 687 2287 715 2340; x_wconf 79' lang='grc'>2.</span> <span class='ocrx_word' id='word_1_231' title='bbox 739 2283 822 2340; x_wconf 86' lang='lat' dir='ltr'>Facit</span> <span class='ocrx_word' id='word_1_232' title='bbox 846 2282 883 2339; x_wconf 90' lang='lat' dir='ltr'>ad</span> <span class='ocrx_word' id='word_1_233' title='bbox 904 2282 1113 2340; x_wconf 88' lang='lat' dir='ltr'>incrementum</span> <span class='ocrx_word' id='word_1_234' title='bbox 1133 2280 1257 2358; x_wconf 86' lang='lat' dir='ltr'>pietatis,</span> <span class='ocrx_word' id='word_1_235' title='bbox 1280 2283 1418 2360; x_wconf 85' lang='lat' dir='ltr'>augendo</span> 
     </span>
     <span class='ocr_line' id='line_1_26' title="bbox 208 2360 1417 2440; baseline 0.003 -22"><span class='ocrx_word' id='word_1_236' title='bbox 208 2360 319 2439; x_wconf 87' lang='lat' dir='ltr'>peccati</span> <span class='ocrx_word' id='word_1_237' title='bbox 332 2361 488 2435; x_wconf 87' lang='lat' dir='ltr'>horrorem,</span> <span class='ocrx_word' id='word_1_238' title='bbox 511 2361 589 2437; x_wconf 92' lang='lat' dir='ltr'>quod</span> <span class='ocrx_word' id='word_1_239' title='bbox 610 2369 697 2419; x_wconf 84' lang='lat' dir='ltr'>tautae</span> <span class='ocrx_word' id='word_1_240' title='bbox 720 2362 879 2420; x_wconf 87' lang='lat' dir='ltr'>atrocitatis</span> <span class='ocrx_word' id='word_1_241' title='bbox 895 2361 958 2434; x_wconf 89' lang='lat' dir='ltr'>fuit,</span> <span class='ocrx_word' id='word_1_242' title='bbox 973 2369 1007 2419; x_wconf 90' lang='lat' dir='ltr'>ut</span> <span class='ocrx_word' id='word_1_243' title='bbox 1026 2379 1085 2418; x_wconf 87' lang='lat' dir='ltr'>non</span> <span class='ocrx_word' id='word_1_244' title='bbox 1106 2363 1232 2436; x_wconf 89' lang='lat' dir='ltr'>potuerit</span> <span class='ocrx_word' id='word_1_245' title='bbox 1245 2363 1312 2438; x_wconf 85' lang='lat' dir='ltr'>alio,</span> <span class='ocrx_word' id='word_1_246' title='bbox 1328 2383 1417 2440; x_wconf 89' lang='lat' dir='ltr'>quam</span> 
     </span>
    </p>
   </div>
   <div class='ocr_carea' id='block_1_3' title="bbox 203 1061 445 1166">
    <p class='ocr_par' dir='ltr' id='par_1_4' title="bbox 203 1061 445 1166">
     <span class='ocr_line' id='line_1_27' title="bbox 203 1061 445 1108; baseline -0.008 0"><span class='ocrx_word' id='word_1_247' title='bbox 203 1061 265 1108; x_wconf 63' lang='lat' dir='ltr'>&amp;Ex</span> <span class='ocrx_word' id='word_1_248' title='bbox 275 1061 445 1107; x_wconf 82' lang='lat' dir='ltr'>GlorIaVIrtu·</span> 
     </span>
     <span class='ocr_line' id='line_1_28' title="bbox 218 1121 433 1166; baseline -0.009 0"><span class='ocrx_word' id='word_1_249' title='bbox 218 1129 273 1166; x_wconf 92' lang='lat' dir='ltr'>tum</span> <span class='ocrx_word' id='word_1_250' title='bbox 282 1121 433 1165; x_wconf 82' lang='lat' dir='ltr'>Divinarum.</span> 
     </span>
    </p>
   </div>
   <div class='ocr_carea' id='block_1_4' title="bbox 210 2439 1533 2520">
    <p class='ocr_par' dir='ltr' id='par_1_5' title="bbox 210 2439 1533 2520">
     <span class='ocr_line' id='line_1_29' title="bbox 210 2439 1533 2520; baseline 0.002 -22"><span class='ocrx_word' id='word_1_251' title='bbox 210 2439 350 2517; x_wconf 87' lang='lat' dir='ltr'>sanguine</span> <span class='ocrx_word' id='word_1_252' title='bbox 364 2439 429 2496; x_wconf 89' lang='lat' dir='ltr'>Filii</span> <span class='ocrx_word' id='word_1_253' title='bbox 447 2440 502 2498; x_wconf 91' lang='lat' dir='ltr'>Dei</span> <span class='ocrx_word' id='word_1_254' title='bbox 517 2440 583 2515; x_wconf 78' lang='lat' dir='ltr'>elul,</span> <span class='ocrx_word' id='word_1_255' title='bbox 599 2448 629 2499; x_wconf 94' lang='lat' dir='ltr'>et</span> <span class='ocrx_word' id='word_1_256' title='bbox 648 2439 853 2499; x_wconf 81' lang='lat' dir='ltr'>Inflammando</span> <span class='ocrx_word' id='word_1_257' title='bbox 876 2441 963 2499; x_wconf 87' lang='lat' dir='ltr'>corda</span> <span class='ocrx_word' id='word_1_258' title='bbox 984 2448 1083 2498; x_wconf 77' lang='lat' dir='ltr'>nostra</span> <span class='ocrx_word' id='word_1_259' title='bbox 1105 2449 1204 2500; x_wconf 90' lang='lat' dir='ltr'>mutuo</span> <span class='ocrx_word' id='word_1_260' title='bbox 1226 2463 1322 2503; x_wconf 87' lang='lat' dir='ltr'>amore</span> <span class='ocrx_word' id='word_1_261' title='bbox 1347 2463 1420 2520; x_wconf 86' lang='lat' dir='ltr'>erga</span> <span class='ocrx_word' id='word_1_262' title='bbox 1529 2506 1533 2515; x_wconf 63' lang='grc'>,</span> 
     </span>
    </p>
   </div>
   <div class='ocr_carea' id='block_1_5' title="bbox 210 2519 1420 4678">
    <p class='ocr_par' dir='ltr' id='par_1_6' title="bbox 211 2519 1418 2680">
     <span class='ocr_line' id='line_1_30' title="bbox 211 2519 1221 2598; baseline 0.002 -20"><span class='ocrx_word' id='word_1_263' title='bbox 211 2519 316 2596; x_wconf 88' lang='lat' dir='ltr'>Deum,</span> <span class='ocrx_word' id='word_1_264' title='bbox 333 2528 365 2579; x_wconf 91' lang='lat' dir='ltr'>ut</span> <span class='ocrx_word' id='word_1_265' title='bbox 379 2539 507 2597; x_wconf 85' lang='lat' dir='ltr'>cumpro</span> <span class='ocrx_word' id='word_1_266' title='bbox 521 2520 598 2577; x_wconf 89' lang='lat' dir='ltr'>virili</span> <span class='ocrx_word' id='word_1_267' title='bbox 612 2521 794 2579; x_wconf 88' lang='lat' dir='ltr'>redamemus</span> <span class='ocrx_word' id='word_1_268' title='bbox 807 2521 858 2598; x_wconf 89' lang='lat' dir='ltr'>qui</span> <span class='ocrx_word' id='word_1_269' title='bbox 872 2529 1020 2598; x_wconf 89' lang='lat' dir='ltr'>tantopere</span> <span class='ocrx_word' id='word_1_270' title='bbox 1035 2539 1088 2577; x_wconf 90' lang='lat' dir='ltr'>nos</span> <span class='ocrx_word' id='word_1_271' title='bbox 1109 2519 1221 2581; x_wconf 87' lang='lat' dir='ltr'>dilexit.</span> 
     </span>
     <span class='ocr_line' id='line_1_31' title="bbox 515 2599 1418 2680; baseline 0.003 -22"><span class='ocrx_word' id='word_1_272' title='bbox 515 2599 639 2662; x_wconf 88' lang='lat' dir='ltr'>XXIV.</span> <span class='ocrx_word' id='word_1_273' title='bbox 663 2601 745 2659; x_wconf 89' lang='lat' dir='ltr'>Licet</span> <span class='ocrx_word' id='word_1_274' title='bbox 761 2601 841 2660; x_wconf 87' lang='lat' dir='ltr'>Dens</span> <span class='ocrx_word' id='word_1_275' title='bbox 861 2600 1023 2660; x_wconf 85' lang='lat' dir='ltr'>necessario</span> <span class='ocrx_word' id='word_1_276' title='bbox 1038 2599 1262 2660; x_wconf 88' lang='lat' dir='ltr'>satisfactionem</span> <span class='ocrx_word' id='word_1_277' title='bbox 1276 2603 1418 2680; x_wconf 85' lang='lat' dir='ltr'>exegerit,</span> 
     </span>
    </p>

    <p class='ocr_par' dir='ltr' id='par_1_7' title="bbox 238 2655 1420 2760">
     <span class='ocr_line' id='line_1_32' title="bbox 238 2655 1420 2760; baseline 0.004 -23"><span class='ocrx_word' id='word_1_278' title='bbox 238 2655 417 2760; x_wconf 42' lang='lat' dir='ltr'>Fonutppxfflu·</span> <span class='ocrx_word' id='word_1_279' title='bbox 476 2680 542 2738; x_wconf 87' lang='lat' dir='ltr'>Nou</span> <span class='ocrx_word' id='word_1_280' title='bbox 557 2681 693 2758; x_wconf 88' lang='lat' dir='ltr'>sequitur,</span> <span class='ocrx_word' id='word_1_281' title='bbox 709 2700 768 2740; x_wconf 90' lang='lat' dir='ltr'>non</span> <span class='ocrx_word' id='word_1_282' title='bbox 788 2682 878 2740; x_wconf 88' lang='lat' dir='ltr'>libere</span> <span class='ocrx_word' id='word_1_283' title='bbox 899 2683 954 2740; x_wconf 92' lang='lat' dir='ltr'>hoc</span> <span class='ocrx_word' id='word_1_284' title='bbox 970 2681 1079 2738; x_wconf 90' lang='lat' dir='ltr'>fecisse.</span> <span class='ocrx_word' id='word_1_285' title='bbox 1103 2679 1177 2753; x_wconf 82' lang='lat' dir='ltr'>Quia</span> <span class='ocrx_word' id='word_1_286' title='bbox 1191 2683 1347 2741; x_wconf 86' lang='lat' dir='ltr'>necessitas</span> <span class='ocrx_word' id='word_1_287' title='bbox 1362 2684 1420 2742; x_wconf 87' lang='lat' dir='ltr'>ista</span> 
     </span>
    </p>

    <p class='ocr_par' dir='ltr' id='par_1_8' title="bbox 210 2759 1419 3157">
     <span class='ocr_line' id='line_1_33' title="bbox 472 2759 1419 2839; baseline 0.004 -22"><span class='ocrx_word' id='word_1_288' title='bbox 472 2780 530 2818; x_wconf 90' lang='lat' dir='ltr'>non</span> <span class='ocrx_word' id='word_1_289' title='bbox 545 2760 599 2820; x_wconf 91' lang='lat' dir='ltr'>fuit</span> <span class='ocrx_word' id='word_1_290' title='bbox 613 2762 741 2838; x_wconf 86' lang='lat' dir='ltr'>physica,</span> <span class='ocrx_word' id='word_1_291' title='bbox 759 2762 810 2820; x_wconf 85' lang='lat' dir='ltr'>scd</span> <span class='ocrx_word' id='word_1_292' title='bbox 832 2763 927 2820; x_wconf 89' lang='lat' dir='ltr'>ethica</span> <span class='ocrx_word' id='word_1_293' title='bbox 941 2769 970 2819; x_wconf 88' lang='lat' dir='ltr'>et</span> <span class='ocrx_word' id='word_1_294' title='bbox 983 2759 1141 2834; x_wconf 87' lang='lat' dir='ltr'>rationalis,</span> <span class='ocrx_word' id='word_1_295' title='bbox 1157 2770 1189 2820; x_wconf 90' lang='lat' dir='ltr'>ut</span> <span class='ocrx_word' id='word_1_296' title='bbox 1202 2763 1328 2836; x_wconf 88' lang='lat' dir='ltr'>dietum;</span> <span class='ocrx_word' id='word_1_297' title='bbox 1351 2783 1419 2839; x_wconf 81' lang='lat' dir='ltr'>quae</span> 
     </span>
     <span class='ocr_line' id='line_1_34' title="bbox 210 2841 1419 2920; baseline 0.002 -22"><span class='ocrx_word' id='word_1_298' title='bbox 210 2849 279 2900; x_wconf 86' lang='lat' dir='ltr'>nata</span> <span class='ocrx_word' id='word_1_299' title='bbox 302 2848 347 2899; x_wconf 87' lang='lat' dir='ltr'>cst</span> <span class='ocrx_word' id='word_1_300' title='bbox 369 2861 407 2899; x_wconf 88' lang='lat' dir='ltr'>ex</span> <span class='ocrx_word' id='word_1_301' title='bbox 430 2841 593 2918; x_wconf 88' lang='lat' dir='ltr'>hypothesi,</span> <span class='ocrx_word' id='word_1_302' title='bbox 606 2850 668 2900; x_wconf 91' lang='lat' dir='ltr'>tum</span> <span class='ocrx_word' id='word_1_303' title='bbox 682 2842 801 2920; x_wconf 89' lang='lat' dir='ltr'>peccati,</span> <span class='ocrx_word' id='word_1_304' title='bbox 818 2842 896 2918; x_wconf 92' lang='lat' dir='ltr'>qnod</span> <span class='ocrx_word' id='word_1_305' title='bbox 919 2841 1012 2898; x_wconf 88' lang='lat' dir='ltr'>voluit</span> <span class='ocrx_word' id='word_1_306' title='bbox 1036 2842 1288 2917; x_wconf 62' lang='lat' dir='ltr'>permitteremur</span> <span class='ocrx_word' id='word_1_307' title='bbox 1309 2843 1419 2901; x_wconf 83' lang='lat' dir='ltr'>decreti</span> 
     </span>
     <span class='ocr_line' id='line_1_35' title="bbox 211 2920 1417 2999; baseline 0.001 -20"><span class='ocrx_word' id='word_1_308' title='bbox 211 2920 267 2979; x_wconf 89' lang='lat' dir='ltr'>Dei</span> <span class='ocrx_word' id='word_1_309' title='bbox 281 2920 317 2979; x_wconf 92' lang='lat' dir='ltr'>de</span> <span class='ocrx_word' id='word_1_310' title='bbox 337 2921 430 2979; x_wconf 87' lang='lat' dir='ltr'>salute</span> <span class='ocrx_word' id='word_1_311' title='bbox 445 2921 601 2996; x_wconf 87' lang='lat' dir='ltr'>hominum,</span> <span class='ocrx_word' id='word_1_312' title='bbox 623 2941 682 2999; x_wconf 90' lang='lat' dir='ltr'>quo</span> <span class='ocrx_word' id='word_1_313' title='bbox 702 2924 796 2998; x_wconf 88' lang='lat' dir='ltr'>posito</span> <span class='ocrx_word' id='word_1_314' title='bbox 811 2941 869 2980; x_wconf 89' lang='lat' dir='ltr'>non</span> <span class='ocrx_word' id='word_1_315' title='bbox 883 2922 978 2998; x_wconf 89' lang='lat' dir='ltr'>potuit</span> <span class='ocrx_word' id='word_1_316' title='bbox 991 2939 1049 2977; x_wconf 89' lang='grc' dir='ltr'><strong>ιιοιι</strong></span> <span class='ocrx_word' id='word_1_317' title='bbox 1071 2922 1277 2980; x_wconf 86' lang='lat' dir='ltr'>convenienter</span> <span class='ocrx_word' id='word_1_318' title='bbox 1293 2923 1417 2999; x_wconf 84' lang='lat' dir='ltr'>justitiae</span> 
     </span>
     <span class='ocr_line' id='line_1_36' title="bbox 211 3001 1417 3080; baseline 0.002 -22"><span class='ocrx_word' id='word_1_319' title='bbox 211 3021 270 3059; x_wconf 88' lang='lat' dir='ltr'>suas</span> <span class='ocrx_word' id='word_1_320' title='bbox 285 3021 384 3078; x_wconf 88' lang='lat' dir='ltr'>agere;</span> <span class='ocrx_word' id='word_1_321' title='bbox 407 3010 440 3060; x_wconf 91' lang='lat' dir='ltr'>ut</span> <span class='ocrx_word' id='word_1_322' title='bbox 455 3001 479 3059; x_wconf 90' lang='lat' dir='ltr'>si</span> <span class='ocrx_word' id='word_1_323' title='bbox 495 3002 575 3059; x_wconf 89' lang='lat' dir='ltr'>Deus</span> <span class='ocrx_word' id='word_1_324' title='bbox 589 3002 661 3061; x_wconf 91' lang='lat' dir='ltr'>velit</span> <span class='ocrx_word' id='word_1_325' title='bbox 675 3003 806 3060; x_wconf 87' lang='lat' dir='ltr'>homines</span> <span class='ocrx_word' id='word_1_326' title='bbox 821 3002 938 3078; x_wconf 90' lang='lat' dir='ltr'>alloqui,</span> <span class='ocrx_word' id='word_1_327' title='bbox 949 3019 1007 3059; x_wconf 89' lang='lat' dir='ltr'>non</span> <span class='ocrx_word' id='word_1_328' title='bbox 1021 3007 1117 3076; x_wconf 88' lang='lat' dir='ltr'>potest</span> <span class='ocrx_word' id='word_1_329' title='bbox 1132 3001 1205 3060; x_wconf 92' lang='lat' dir='ltr'>illud</span> <span class='ocrx_word' id='word_1_330' title='bbox 1219 3002 1304 3061; x_wconf 89' lang='lat' dir='ltr'>aliter</span> <span class='ocrx_word' id='word_1_331' title='bbox 1328 3023 1417 3080; x_wconf 88' lang='lat' dir='ltr'>quam</span> 
     </span>
     <span class='ocr_line' id='line_1_37' title="bbox 210 3081 856 3157; baseline 0.005 -20"><span class='ocrx_word' id='word_1_332' title='bbox 210 3101 279 3139; x_wconf 84' lang='lat' dir='ltr'>vere</span> <span class='ocrx_word' id='word_1_333' title='bbox 290 3081 392 3154; x_wconf 86' lang='lat' dir='ltr'>facere,</span> <span class='ocrx_word' id='word_1_334' title='bbox 405 3081 484 3157; x_wconf 92' lang='lat' dir='ltr'>quod</span> <span class='ocrx_word' id='word_1_335' title='bbox 495 3088 592 3139; x_wconf 88' lang='lat' dir='ltr'>tamen</span> <span class='ocrx_word' id='word_1_336' title='bbox 606 3081 675 3140; x_wconf 89' lang='lat' dir='ltr'>facit</span> <span class='ocrx_word' id='word_1_337' title='bbox 686 3082 856 3141; x_wconf 85' lang='lat' dir='ltr'>voluntarie.</span> 
     </span>
    </p>

    <p class='ocr_par' dir='ltr' id='par_1_9' title="bbox 211 3159 1420 4279">
     <span class='ocr_line' id='line_1_38' title="bbox 252 3159 1420 3239; baseline 0.004 -22"><span class='ocrx_word' id='word_1_338' title='bbox 252 3160 360 3218; x_wconf 87' lang='lat' dir='ltr'>XXV.</span> <span class='ocrx_word' id='word_1_339' title='bbox 383 3160 475 3218; x_wconf 88' lang='lat' dir='ltr'>Aliud</span> <span class='ocrx_word' id='word_1_340' title='bbox 483 3168 527 3218; x_wconf 89' lang='lat' dir='ltr'>est</span> <span class='ocrx_word' id='word_1_341' title='bbox 541 3161 685 3219; x_wconf 85' lang='lat' dir='ltr'>remittere</span> <span class='ocrx_word' id='word_1_342' title='bbox 701 3161 736 3220; x_wconf 90' lang='lat' dir='ltr'>de</span> <span class='ocrx_word' id='word_1_343' title='bbox 757 3164 831 3220; x_wconf 85' lang='lat' dir='ltr'>Jure</span> <span class='ocrx_word' id='word_1_344' title='bbox 852 3181 912 3236; x_wconf 89' lang='lat' dir='ltr'>suo,</span> <span class='ocrx_word' id='word_1_345' title='bbox 930 3159 1020 3220; x_wconf 82' lang='lat' dir='ltr'>Aliud</span> <span class='ocrx_word' id='word_1_346' title='bbox 1036 3163 1071 3222; x_wconf 92' lang='lat' dir='ltr'>de</span> <span class='ocrx_word' id='word_1_347' title='bbox 1085 3163 1211 3222; x_wconf 72' lang='lat' dir='ltr'>Justitia.</span> <span class='ocrx_word' id='word_1_348' title='bbox 1228 3162 1308 3220; x_wconf 88' lang='lat' dir='ltr'>Deus</span> <span class='ocrx_word' id='word_1_349' title='bbox 1322 3171 1420 3239; x_wconf 87' lang='lat' dir='ltr'>potest</span> 
     </span>
     <span class='ocr_line' id='line_1_39' title="bbox 211 3238 1420 3320; baseline 0.002 -23"><span class='ocrx_word' id='word_1_350' title='bbox 211 3238 248 3298; x_wconf 90' lang='lat' dir='ltr'>de</span> <span class='ocrx_word' id='word_1_351' title='bbox 281 3240 348 3315; x_wconf 88' lang='lat' dir='ltr'>jure</span> <span class='ocrx_word' id='word_1_352' title='bbox 376 3259 428 3297; x_wconf 86' lang='lat' dir='ltr'>suo</span> <span class='ocrx_word' id='word_1_353' title='bbox 460 3241 614 3312; x_wconf 88' lang='lat' dir='ltr'>remittere,</span> <span class='ocrx_word' id='word_1_354' title='bbox 643 3240 695 3298; x_wconf 89' lang='lat' dir='ltr'>sed</span> <span class='ocrx_word' id='word_1_355' title='bbox 727 3261 785 3299; x_wconf 86' lang='lat' dir='ltr'>uon</span> <span class='ocrx_word' id='word_1_356' title='bbox 816 3241 955 3314; x_wconf 88' lang='lat' dir='ltr'>absolute,</span> <span class='ocrx_word' id='word_1_357' title='bbox 996 3243 1047 3302; x_wconf 90' lang='lat' dir='ltr'>sed</span> <span class='ocrx_word' id='word_1_358' title='bbox 1074 3251 1216 3320; x_wconf 87' lang='lat' dir='ltr'>qnatenus</span> <span class='ocrx_word' id='word_1_359' title='bbox 1239 3242 1270 3300; x_wconf 93' lang='lat' dir='ltr'>id</span> <span class='ocrx_word' id='word_1_360' title='bbox 1331 3243 1420 3300; x_wconf 86' lang='lat' dir='ltr'>atitur</span> 
     </span>
     <span class='ocr_line' id='line_1_40' title="bbox 212 3263 1419 3400; baseline 0.001 -21"><span class='ocrx_word' id='word_1_361' title='bbox 212 3318 341 3379; x_wconf 83' lang='lat' dir='ltr'>Justitiae</span> <span class='ocrx_word' id='word_1_362' title='bbox 362 3318 444 3390; x_wconf 88' lang='lat' dir='ltr'>ratic,</span> <span class='ocrx_word' id='word_1_363' title='bbox 466 3337 503 3374; x_wconf 90' lang='lat' dir='ltr'>ne</span> <span class='ocrx_word' id='word_1_364' title='bbox 524 3318 634 3376; x_wconf 88' lang='lat' dir='ltr'>scilicet</span> <span class='ocrx_word' id='word_1_365' title='bbox 649 3319 866 3396; x_wconf 88' lang='lat' dir='ltr'>quidinjustum</span> <span class='ocrx_word' id='word_1_366' title='bbox 882 3320 940 3379; x_wconf 87' lang='lat' dir='ltr'>liat.</span> <span class='ocrx_word' id='word_1_367' title='bbox 973 3323 1039 3381; x_wconf 90' lang='lat' dir='ltr'>Non</span> <span class='ocrx_word' id='word_1_368' title='bbox 1059 3323 1167 3400; x_wconf 88' lang='lat' dir='ltr'>patitur</span> <span class='ocrx_word' id='word_1_369' title='bbox 1188 3329 1283 3381; x_wconf 88' lang='lat' dir='ltr'>autem</span> <span class='ocrx_word' id='word_1_370' title='bbox 1303 3263 1419 3399; x_wconf 46' lang='lat' dir='ltr'>finitis</span> 
     </span>
     <span class='ocr_line' id='line_1_41' title="bbox 212 3395 1417 3481; baseline 0.006 -27"><span class='ocrx_word' id='word_1_371' title='bbox 212 3395 320 3454; x_wconf 89' lang='lat' dir='ltr'>remitti</span> <span class='ocrx_word' id='word_1_372' title='bbox 342 3405 492 3473; x_wconf 89' lang='lat' dir='ltr'>peccatum</span> <span class='ocrx_word' id='word_1_373' title='bbox 513 3397 574 3454; x_wconf 88' lang='lat' dir='ltr'>sine</span> <span class='ocrx_word' id='word_1_374' title='bbox 595 3397 797 3474; x_wconf 84' lang='lat' dir='ltr'>satisfactione,</span> <span class='ocrx_word' id='word_1_375' title='bbox 823 3400 891 3475; x_wconf 90' lang='lat' dir='ltr'>quia</span> <span class='ocrx_word' id='word_1_376' title='bbox 915 3401 956 3459; x_wconf 90' lang='lat' dir='ltr'>sic</span> <span class='ocrx_word' id='word_1_377' title='bbox 982 3403 1122 3481; x_wconf 88' lang='lat' dir='ltr'>Majestas</span> <span class='ocrx_word' id='word_1_378' title='bbox 1147 3403 1259 3480; x_wconf 84' lang='lat' dir='ltr'>Legum</span> <span class='ocrx_word' id='word_1_379' title='bbox 1283 3403 1417 3477; x_wconf 81' lang='lat' dir='ltr'>violatur,</span> 
     </span>
     <span class='ocr_line' id='line_1_42' title="bbox 213 3476 1419 3559; baseline 0.004 -24"><span class='ocrx_word' id='word_1_380' title='bbox 213 3485 242 3535; x_wconf 91' lang='lat' dir='ltr'>et</span> <span class='ocrx_word' id='word_1_381' title='bbox 278 3485 395 3550; x_wconf 87' lang='lat' dir='ltr'>peccato</span> <span class='ocrx_word' id='word_1_382' title='bbox 428 3495 485 3532; x_wconf 89' lang='lat' dir='ltr'>non</span> <span class='ocrx_word' id='word_1_383' title='bbox 513 3476 643 3534; x_wconf 86' lang='lat' dir='ltr'>redditur</span> <span class='ocrx_word' id='word_1_384' title='bbox 670 3497 763 3539; x_wconf 89' lang='lat' dir='ltr'>suum.</span> <span class='ocrx_word' id='word_1_385' title='bbox 826 3484 854 3538; x_wconf 81' lang='lat'>2.</span> <span class='ocrx_word' id='word_1_386' title='bbox 884 3481 949 3538; x_wconf 87' lang='lat' dir='ltr'>Noa</span> <span class='ocrx_word' id='word_1_387' title='bbox 976 3483 1045 3542; x_wconf 87' lang='lat' dir='ltr'>licet</span> <span class='ocrx_word' id='word_1_388' title='bbox 1073 3502 1186 3559; x_wconf 90' lang='lat' dir='ltr'>semper</span> <span class='ocrx_word' id='word_1_389' title='bbox 1212 3481 1248 3541; x_wconf 91' lang='lat' dir='ltr'>de</span> <span class='ocrx_word' id='word_1_390' title='bbox 1271 3483 1338 3558; x_wconf 86' lang='lat' dir='ltr'>jure</span> <span class='ocrx_word' id='word_1_391' title='bbox 1367 3501 1419 3542; x_wconf 88' lang='lat' dir='ltr'>sue</span> 
     </span>
     <span class='ocr_line' id='line_1_43' title="bbox 212 3555 1417 3636; baseline 0.006 -23"><span class='ocrx_word' id='word_1_392' title='bbox 212 3555 366 3630; x_wconf 87' lang='lat' dir='ltr'>remittere,</span> <span class='ocrx_word' id='word_1_393' title='bbox 383 3555 407 3612; x_wconf 89' lang='lat' dir='ltr'>si</span> <span class='ocrx_word' id='word_1_394' title='bbox 428 3555 478 3631; x_wconf 89' lang='lat' dir='ltr'>jus</span> <span class='ocrx_word' id='word_1_395' title='bbox 494 3555 530 3612; x_wconf 85' lang='lat' dir='ltr'>sit</span> <span class='ocrx_word' id='word_1_396' title='bbox 546 3556 700 3632; x_wconf 89' lang='lat' dir='ltr'>publicum,</span> <span class='ocrx_word' id='word_1_397' title='bbox 716 3577 775 3616; x_wconf 91' lang='lat' dir='ltr'>non</span> <span class='ocrx_word' id='word_1_398' title='bbox 802 3560 954 3636; x_wconf 88' lang='lat' dir='ltr'>privatum,</span> <span class='ocrx_word' id='word_1_399' title='bbox 971 3563 1126 3636; x_wconf 88' lang='lat' dir='ltr'>Judiciale,</span> <span class='ocrx_word' id='word_1_400' title='bbox 1141 3581 1200 3620; x_wconf 89' lang='lat' dir='ltr'>non</span> <span class='ocrx_word' id='word_1_401' title='bbox 1223 3562 1417 3635; x_wconf 79' lang='lat' dir='ltr'>DeminIcum,</span> 
     </span>
     <span class='ocr_line' id='line_1_44' title="bbox 213 3634 1418 3719; baseline 0.007 -27"><span class='ocrx_word' id='word_1_402' title='bbox 213 3634 352 3710; x_wconf 89' lang='lat' dir='ltr'>naturale,</span> <span class='ocrx_word' id='word_1_403' title='bbox 368 3653 427 3692; x_wconf 90' lang='lat' dir='ltr'>non</span> <span class='ocrx_word' id='word_1_404' title='bbox 450 3634 582 3709; x_wconf 88' lang='lat' dir='ltr'>liberum,</span> <span class='ocrx_word' id='word_1_405' title='bbox 598 3637 766 3714; x_wconf 86' lang='lat' dir='ltr'>honestatis,</span> <span class='ocrx_word' id='word_1_406' title='bbox 782 3659 839 3697; x_wconf 87' lang='lat' dir='ltr'>non</span> <span class='ocrx_word' id='word_1_407' title='bbox 854 3640 995 3700; x_wconf 86' lang='lat' dir='ltr'>utilitatis.</span> <span class='ocrx_word' id='word_1_408' title='bbox 1039 3643 1082 3700; x_wconf 83' lang='lat' dir='ltr'>At</span> <span class='ocrx_word' id='word_1_409' title='bbox 1105 3643 1163 3702; x_wconf 86' lang='lat' dir='ltr'>Jus</span> <span class='ocrx_word' id='word_1_410' title='bbox 1186 3661 1280 3719; x_wconf 77' lang='lat' dir='ltr'>poenas</span> <span class='ocrx_word' id='word_1_411' title='bbox 1303 3643 1333 3699; x_wconf 89' lang='lat' dir='ltr'>in</span> <span class='ocrx_word' id='word_1_412' title='bbox 1356 3641 1418 3700; x_wconf 90' lang='lat' dir='ltr'>Deo</span> 
     </span>
     <span class='ocr_line' id='line_1_45' title="bbox 212 3715 1417 3800; baseline 0.007 -29"><span class='ocrx_word' id='word_1_413' title='bbox 212 3733 271 3772; x_wconf 88' lang='lat' dir='ltr'>non</span> <span class='ocrx_word' id='word_1_414' title='bbox 286 3724 330 3772; x_wconf 88' lang='lat' dir='ltr'>est</span> <span class='ocrx_word' id='word_1_415' title='bbox 344 3715 366 3774; x_wconf 90' lang='lat' dir='ltr'>J</span> <span class='ocrx_word' id='word_1_416' title='bbox 367 3735 401 3773; x_wconf 91' lang='lat' dir='ltr'>us</span> <span class='ocrx_word' id='word_1_417' title='bbox 415 3715 560 3791; x_wconf 88' lang='lat' dir='ltr'>privatum</span> <span class='ocrx_word' id='word_1_418' title='bbox 575 3716 692 3794; x_wconf 77' lang='lat' dir='ltr'>Crediti,</span> <span class='ocrx_word' id='word_1_419' title='bbox 709 3727 759 3778; x_wconf 91' lang='lat' dir='ltr'>aut</span> <span class='ocrx_word' id='word_1_420' title='bbox 774 3720 910 3795; x_wconf 89' lang='lat' dir='ltr'>Dominii,</span> <span class='ocrx_word' id='word_1_421' title='bbox 927 3741 984 3780; x_wconf 87' lang='lat' dir='ltr'>non</span> <span class='ocrx_word' id='word_1_422' title='bbox 999 3723 1121 3780; x_wconf 87' lang='lat' dir='ltr'>liberum</span> <span class='ocrx_word' id='word_1_423' title='bbox 1136 3731 1165 3780; x_wconf 90' lang='lat' dir='ltr'>et</span> <span class='ocrx_word' id='word_1_424' title='bbox 1178 3721 1345 3800; x_wconf 86' lang='lat' dir='ltr'>positivum,</span> <span class='ocrx_word' id='word_1_425' title='bbox 1361 3741 1417 3780; x_wconf 86' lang='lat' dir='ltr'>non</span> 
     </span>
     <span class='ocr_line' id='line_1_46' title="bbox 213 3794 1417 3878; baseline 0.004 -25"><span class='ocrx_word' id='word_1_426' title='bbox 213 3794 347 3854; x_wconf 88' lang='lat' dir='ltr'>utilitatis</span> <span class='ocrx_word' id='word_1_427' title='bbox 361 3795 489 3872; x_wconf 77' lang='lat' dir='ltr'>privatae,</span> <span class='ocrx_word' id='word_1_428' title='bbox 506 3796 556 3854; x_wconf 89' lang='lat' dir='ltr'>sed</span> <span class='ocrx_word' id='word_1_429' title='bbox 572 3798 731 3857; x_wconf 85' lang='lat' dir='ltr'>honestatis</span> <span class='ocrx_word' id='word_1_430' title='bbox 745 3801 876 3878; x_wconf 79' lang='lat' dir='ltr'>publica,</span> <span class='ocrx_word' id='word_1_431' title='bbox 892 3801 954 3860; x_wconf 86' lang='lat' dir='ltr'>Jus</span> <span class='ocrx_word' id='word_1_432' title='bbox 966 3803 1098 3860; x_wconf 88' lang='lat' dir='ltr'>Rectoris</span> <span class='ocrx_word' id='word_1_433' title='bbox 1112 3812 1142 3861; x_wconf 89' lang='lat' dir='ltr'>ct</span> <span class='ocrx_word' id='word_1_434' title='bbox 1155 3800 1280 3878; x_wconf 86' lang='lat' dir='ltr'>Judicis,</span> <span class='ocrx_word' id='word_1_435' title='bbox 1296 3801 1376 3878; x_wconf 88' lang='lat' dir='ltr'>quod</span> <span class='ocrx_word' id='word_1_436' title='bbox 1389 3802 1417 3858; x_wconf 89' lang='lat' dir='ltr'>in</span> 
     </span>
     <span class='ocr_line' id='line_1_47' title="bbox 214 3876 1418 3960; baseline 0.007 -28"><span class='ocrx_word' id='word_1_437' title='bbox 214 3876 278 3951; x_wconf 93' lang='lat' dir='ltr'>ipsa</span> <span class='ocrx_word' id='word_1_438' title='bbox 300 3883 404 3935; x_wconf 90' lang='lat' dir='ltr'>natura</span> <span class='ocrx_word' id='word_1_439' title='bbox 414 3876 558 3952; x_wconf 90' lang='lat' dir='ltr'>fundatur,</span> <span class='ocrx_word' id='word_1_440' title='bbox 574 3886 703 3956; x_wconf 87' lang='lat' dir='ltr'>utsupra</span> <span class='ocrx_word' id='word_1_441' title='bbox 717 3881 821 3939; x_wconf 84' lang='lat' dir='ltr'>visum.</span> <span class='ocrx_word' id='word_1_442' title='bbox 844 3881 972 3957; x_wconf 90' lang='lat' dir='ltr'>Ideoque</span> <span class='ocrx_word' id='word_1_443' title='bbox 983 3882 1129 3940; x_wconf 88' lang='lat' dir='ltr'>Deusnon</span> <span class='ocrx_word' id='word_1_444' title='bbox 1144 3882 1283 3960; x_wconf 89' lang='lat' dir='ltr'>pctuitde</span> <span class='ocrx_word' id='word_1_445' title='bbox 1294 3883 1347 3940; x_wconf 90' lang='lat' dir='ltr'>illo</span> <span class='ocrx_word' id='word_1_446' title='bbox 1354 3882 1418 3958; x_wconf 87' lang='lat' dir='ltr'>jure</span> 
     </span>
     <span class='ocr_line' id='line_1_48' title="bbox 215 3955 1418 4039; baseline 0.007 -27"><span class='ocrx_word' id='word_1_447' title='bbox 215 3955 389 4033; x_wconf 87' lang='lat' dir='ltr'>dispensare,</span> <span class='ocrx_word' id='word_1_448' title='bbox 397 3957 530 4033; x_wconf 87' lang='lat' dir='ltr'>quamvis</span> <span class='ocrx_word' id='word_1_449' title='bbox 539 3978 598 4017; x_wconf 90' lang='lat' dir='ltr'>non</span> <span class='ocrx_word' id='word_1_450' title='bbox 607 3959 644 4018; x_wconf 90' lang='lat' dir='ltr'>sit</span> <span class='ocrx_word' id='word_1_451' title='bbox 657 3960 730 4038; x_wconf 87' lang='lat' dir='ltr'>Legi</span> <span class='ocrx_word' id='word_1_452' title='bbox 739 3960 966 4036; x_wconf 87' lang='lat' dir='ltr'>obnoxius,quia</span> <span class='ocrx_word' id='word_1_453' title='bbox 975 3969 1019 4020; x_wconf 89' lang='lat' dir='ltr'>est</span> <span class='ocrx_word' id='word_1_454' title='bbox 1029 3961 1148 4039; x_wconf 87' lang='lat' dir='ltr'>sibiipsi</span> <span class='ocrx_word' id='word_1_455' title='bbox 1159 3962 1235 4037; x_wconf 87' lang='lat' dir='ltr'>Lex;</span> <span class='ocrx_word' id='word_1_456' title='bbox 1251 3961 1324 4020; x_wconf 89' lang='lat' dir='ltr'>alias</span> <span class='ocrx_word' id='word_1_457' title='bbox 1332 3962 1418 4020; x_wconf 89' lang='lat' dir='ltr'>etiam</span> 
     </span>
     <span class='ocr_line' id='line_1_49' title="bbox 215 4035 1419 4118; baseline 0.005 -26"><span class='ocrx_word' id='word_1_458' title='bbox 215 4035 461 4113; x_wconf 82' lang='lat' dir='ltr'>impoenitentibus</span> <span class='ocrx_word' id='word_1_459' title='bbox 472 4047 614 4114; x_wconf 88' lang='lat' dir='ltr'>quatenus</span> <span class='ocrx_word' id='word_1_460' title='bbox 624 4039 697 4098; x_wconf 85' lang='lat' dir='ltr'>tales</span> <span class='ocrx_word' id='word_1_461' title='bbox 708 4049 832 4114; x_wconf 88' lang='lat' dir='ltr'>manent,</span> <span class='ocrx_word' id='word_1_462' title='bbox 843 4048 941 4116; x_wconf 89' lang='lat' dir='ltr'>posset</span> <span class='ocrx_word' id='word_1_463' title='bbox 951 4050 1070 4118; x_wconf 87' lang='lat' dir='ltr'>peccata</span> <span class='ocrx_word' id='word_1_464' title='bbox 1078 4042 1232 4115; x_wconf 90' lang='lat' dir='ltr'>remittere,</span> <span class='ocrx_word' id='word_1_465' title='bbox 1242 4041 1322 4118; x_wconf 88' lang='lat' dir='ltr'>quod</span> <span class='ocrx_word' id='word_1_466' title='bbox 1331 4049 1419 4118; x_wconf 86' lang='lat' dir='ltr'>negat</span> 
     </span>
     <span class='ocr_line' id='line_1_50' title="bbox 214 4117 1417 4198; baseline 0.003 -24"><span class='ocrx_word' id='word_1_467' title='bbox 214 4123 311 4175; x_wconf 86' lang='lat' dir='ltr'>tamen</span> <span class='ocrx_word' id='word_1_468' title='bbox 320 4117 481 4177; x_wconf 84' lang='lat' dir='ltr'>haereticus.</span> <span class='ocrx_word' id='word_1_469' title='bbox 507 4119 569 4178; x_wconf 90' lang='lat' dir='ltr'>Nec</span> <span class='ocrx_word' id='word_1_470' title='bbox 580 4121 604 4178; x_wconf 87' lang='lat' dir='ltr'>si</span> <span class='ocrx_word' id='word_1_471' title='bbox 614 4139 665 4196; x_wconf 88' lang='lat' dir='ltr'>per</span> <span class='ocrx_word' id='word_1_472' title='bbox 674 4120 761 4178; x_wconf 82' lang='lat' dir='ltr'>telem</span> <span class='ocrx_word' id='word_1_473' title='bbox 773 4119 1015 4195; x_wconf 84' lang='lat' dir='ltr'>dispensationem</span> <span class='ocrx_word' id='word_1_474' title='bbox 1026 4121 1134 4180; x_wconf 90' lang='lat' dir='ltr'>nemini</span> <span class='ocrx_word' id='word_1_475' title='bbox 1145 4121 1331 4180; x_wconf 87' lang='lat' dir='ltr'>factafuisset</span> <span class='ocrx_word' id='word_1_476' title='bbox 1344 4122 1417 4198; x_wconf 86' lang='lat' dir='ltr'>inju-</span> 
     </span>
     <span class='ocr_line' id='line_1_51' title="bbox 215 4196 1379 4279; baseline 0.006 -27"><span class='ocrx_word' id='word_1_477' title='bbox 215 4196 265 4271; x_wconf 88' lang='lat' dir='ltr'>ria,</span> <span class='ocrx_word' id='word_1_478' title='bbox 276 4197 417 4272; x_wconf 88' lang='lat' dir='ltr'>potuisset</span> <span class='ocrx_word' id='word_1_479' title='bbox 431 4198 485 4256; x_wconf 93' lang='lat' dir='ltr'>hoc</span> <span class='ocrx_word' id='word_1_480' title='bbox 503 4199 589 4273; x_wconf 88' lang='lat' dir='ltr'>Deus,</span> <span class='ocrx_word' id='word_1_481' title='bbox 606 4199 674 4275; x_wconf 91' lang='lat' dir='ltr'>quia</span> <span class='ocrx_word' id='word_1_482' title='bbox 688 4199 710 4259; x_wconf 90' lang='lat' dir='ltr'>J</span> <span class='ocrx_word' id='word_1_483' title='bbox 712 4198 810 4257; x_wconf 88' lang='lat' dir='ltr'>ustitia</span> <span class='ocrx_word' id='word_1_484' title='bbox 825 4199 880 4256; x_wconf 92' lang='lat' dir='ltr'>Dei</span> <span class='ocrx_word' id='word_1_485' title='bbox 892 4206 921 4256; x_wconf 91' lang='lat' dir='ltr'>et</span> <span class='ocrx_word' id='word_1_486' title='bbox 936 4201 1075 4277; x_wconf 88' lang='lat' dir='ltr'>Majestas</span> <span class='ocrx_word' id='word_1_487' title='bbox 1090 4203 1203 4279; x_wconf 89' lang='lat' dir='ltr'>Legum</span> <span class='ocrx_word' id='word_1_488' title='bbox 1216 4201 1379 4260; x_wconf 84' lang='lat' dir='ltr'>laederetur.</span> 
     </span>
    </p>

    <p class='ocr_par' dir='ltr' id='par_1_10' title="bbox 214 4276 1418 4678">
     <span class='ocr_line' id='line_1_52' title="bbox 258 4276 1417 4358; baseline 0.004 -26"><span class='ocrx_word' id='word_1_489' title='bbox 258 4276 382 4334; x_wconf 86' lang='lat' dir='ltr'>XXVI.</span> <span class='ocrx_word' id='word_1_490' title='bbox 405 4279 566 4351; x_wconf 80' lang='lat' dir='ltr'>Satissactio</span> <span class='ocrx_word' id='word_1_491' title='bbox 590 4287 619 4337; x_wconf 90' lang='lat' dir='ltr'>et</span> <span class='ocrx_word' id='word_1_492' title='bbox 646 4278 771 4336; x_wconf 77' lang='lat' dir='ltr'>remissio</span> <span class='ocrx_word' id='word_1_493' title='bbox 795 4286 862 4336; x_wconf 87' lang='lat' dir='ltr'>sunt</span> <span class='ocrx_word' id='word_1_494' title='bbox 886 4278 1124 4358; x_wconf 84' lang='lat' dir='ltr'>incompatibiles,</span> <span class='ocrx_word' id='word_1_495' title='bbox 1154 4302 1244 4358; x_wconf 89' lang='lat' dir='ltr'>quum</span> <span class='ocrx_word' id='word_1_496' title='bbox 1258 4282 1356 4358; x_wconf 87' lang='lat' dir='ltr'>agitur</span> <span class='ocrx_word' id='word_1_497' title='bbox 1382 4280 1417 4338; x_wconf 90' lang='lat' dir='ltr'>de</span> 
     </span>
     <span class='ocr_line' id='line_1_53' title="bbox 216 4355 1416 4438; baseline 0.003 -25"><span class='ocrx_word' id='word_1_498' title='bbox 216 4355 358 4414; x_wconf 90' lang='lat' dir='ltr'>solutione</span> <span class='ocrx_word' id='word_1_499' title='bbox 373 4356 463 4415; x_wconf 88' lang='lat' dir='ltr'>debiti</span> <span class='ocrx_word' id='word_1_500' title='bbox 477 4358 643 4434; x_wconf 86' lang='lat' dir='ltr'>pecuniarii,</span> <span class='ocrx_word' id='word_1_501' title='bbox 667 4358 729 4415; x_wconf 88' lang='lat' dir='ltr'>sive</span> <span class='ocrx_word' id='word_1_502' title='bbox 744 4357 793 4415; x_wconf 87' lang='lat' dir='ltr'>liat</span> <span class='ocrx_word' id='word_1_503' title='bbox 807 4377 859 4434; x_wconf 89' lang='lat' dir='ltr'>per</span> <span class='ocrx_word' id='word_1_504' title='bbox 882 4357 976 4434; x_wconf 88' lang='lat' dir='ltr'>ipsum</span> <span class='ocrx_word' id='word_1_505' title='bbox 991 4362 1159 4437; x_wconf 88' lang='lat' dir='ltr'>debitorem,</span> <span class='ocrx_word' id='word_1_506' title='bbox 1179 4361 1241 4420; x_wconf 88' lang='lat' dir='ltr'>sive</span> <span class='ocrx_word' id='word_1_507' title='bbox 1255 4361 1416 4438; x_wconf 85' lang='lat' dir='ltr'>paraliam,</span> 
     </span>
     <span class='ocr_line' id='line_1_54' title="bbox 215 4435 1416 4518; baseline 0.002 -24"><span class='ocrx_word' id='word_1_508' title='bbox 215 4437 355 4511; x_wconf 88' lang='lat' dir='ltr'>quianon</span> <span class='ocrx_word' id='word_1_509' title='bbox 370 4435 399 4493; x_wconf 89' lang='lat' dir='ltr'>in</span> <span class='ocrx_word' id='word_1_510' title='bbox 414 4457 448 4494; x_wconf 91' lang='lat' dir='ltr'>ea</span> <span class='ocrx_word' id='word_1_511' title='bbox 462 4438 614 4512; x_wconf 88' lang='lat' dir='ltr'>respicitur</span> <span class='ocrx_word' id='word_1_512' title='bbox 628 4438 693 4514; x_wconf 91' lang='lat' dir='ltr'>quis</span> <span class='ocrx_word' id='word_1_513' title='bbox 715 4436 816 4512; x_wconf 84' lang='lat' dir='ltr'>solvat,</span> <span class='ocrx_word' id='word_1_514' title='bbox 834 4437 885 4495; x_wconf 87' lang='lat' dir='ltr'>sed</span> <span class='ocrx_word' id='word_1_515' title='bbox 904 4440 974 4515; x_wconf 89' lang='lat' dir='ltr'>quid</span> <span class='ocrx_word' id='word_1_516' title='bbox 989 4442 1126 4518; x_wconf 86' lang='lat' dir='ltr'>solvatur,</span> <span class='ocrx_word' id='word_1_517' title='bbox 1139 4442 1164 4499; x_wconf 93' lang='lat' dir='ltr'>si</span> <span class='ocrx_word' id='word_1_518' title='bbox 1178 4442 1347 4500; x_wconf 86' lang='lat' dir='ltr'>tantundem</span> <span class='ocrx_word' id='word_1_519' title='bbox 1362 4440 1416 4498; x_wconf 87' lang='lat' dir='ltr'>sol·</span> 
     </span>
     <span class='ocr_line' id='line_1_55' title="bbox 214 4515 1418 4597; baseline 0.007 -27"><span class='ocrx_word' id='word_1_520' title='bbox 214 4516 293 4572; x_wconf 87' lang='lat' dir='ltr'>vitur</span> <span class='ocrx_word' id='word_1_521' title='bbox 317 4525 456 4590; x_wconf 88' lang='lat' dir='ltr'>quantum</span> <span class='ocrx_word' id='word_1_522' title='bbox 478 4515 607 4575; x_wconf 87' lang='lat' dir='ltr'>debetur.</span> <span class='ocrx_word' id='word_1_523' title='bbox 652 4516 710 4574; x_wconf 79' lang='lat' dir='ltr'>Sed</span> <span class='ocrx_word' id='word_1_524' title='bbox 732 4517 787 4575; x_wconf 89' lang='lat' dir='ltr'>hec</span> <span class='ocrx_word' id='word_1_525' title='bbox 812 4518 906 4576; x_wconf 92' lang='lat' dir='ltr'>locum</span> <span class='ocrx_word' id='word_1_526' title='bbox 930 4522 1037 4597; x_wconf 88' lang='lat' dir='ltr'>pariter</span> <span class='ocrx_word' id='word_1_527' title='bbox 1058 4542 1116 4579; x_wconf 88' lang='lat' dir='ltr'>non</span> <span class='ocrx_word' id='word_1_528' title='bbox 1131 4521 1219 4579; x_wconf 88' lang='lat' dir='ltr'>hahet</span> <span class='ocrx_word' id='word_1_529' title='bbox 1232 4521 1262 4578; x_wconf 89' lang='lat' dir='ltr'>in</span> <span class='ocrx_word' id='word_1_530' title='bbox 1286 4521 1418 4578; x_wconf 80' lang='lat' dir='ltr'>saltatione</span> 
     </span>
     <span class='ocr_line' id='line_1_56' title="bbox 216 4595 1417 4678; baseline 0.004 -27"><span class='ocrx_word' id='word_1_531' title='bbox 216 4595 300 4652; x_wconf 78' lang='lat' dir='ltr'>debiti</span> <span class='ocrx_word' id='word_1_532' title='bbox 306 4595 435 4668; x_wconf 82' lang='lat' dir='ltr'>poenalis,</span> <span class='ocrx_word' id='word_1_533' title='bbox 452 4595 519 4668; x_wconf 87' lang='lat' dir='ltr'>quia</span> <span class='ocrx_word' id='word_1_534' title='bbox 533 4595 580 4652; x_wconf 89' lang='lat' dir='ltr'>hic</span> <span class='ocrx_word' id='word_1_535' title='bbox 602 4614 660 4653; x_wconf 91' lang='lat' dir='ltr'>nen</span> <span class='ocrx_word' id='word_1_536' title='bbox 673 4597 826 4674; x_wconf 87' lang='lat' dir='ltr'>respicitur</span> <span class='ocrx_word' id='word_1_537' title='bbox 840 4607 949 4658; x_wconf 86' lang='lat' dir='ltr'>tanturn</span> <span class='ocrx_word' id='word_1_538' title='bbox 972 4619 1018 4658; x_wconf 88' lang='lat' dir='ltr'>rea</span> <span class='ocrx_word' id='word_1_539' title='bbox 1033 4621 1096 4678; x_wconf 83' lang='lat' dir='ltr'>quae</span> <span class='ocrx_word' id='word_1_540' title='bbox 1122 4602 1252 4675; x_wconf 86' lang='lat' dir='ltr'>solvitur,</span> <span class='ocrx_word' id='word_1_541' title='bbox 1269 4599 1417 4658; x_wconf 84' lang='lat' dir='ltr'>sedetiam</span> 
     </span>
    </p>
   </div>
   <div class='ocr_carea' id='block_1_6' title="bbox 0 0 1586 5204">
    <p class='ocr_par' dir='ltr' id='par_1_11' title="bbox 0 0 1586 5204">
     <span class='ocr_line' id='line_1_57' title="bbox 0 0 1586 5204; baseline 0 0"><span class='ocrx_word' id='word_1_542' title='bbox 0 0 1586 5204; x_wconf 95' lang='lat' dir='ltr'> </span> 
     </span>
    </p>
   </div>
  </div>
 </body>
</html>
