3186 5210
181 378 297 424 esaar.
313 361 368 440 nn]
588 381 627 421 ns
641 380 815 422 vocatione
830 381 866 420 rr
882 381 959 422 rins.
1334 370 1392 426 499

177 519 395 596 intelligentibus
410 523 518 595 loquor.
559 518 600 577 Et
611 519 674 578 Col.
686 519 727 576 iii.
745 521 790 589 16,
805 519 939 594 praecipit
951 519 1175 580 Colossensibus
1186 523 1388 599 cognitionem

179 604 210 655 et
220 598 374 656 scientiam
389 598 606 671 mysteriorum.

219 675 258 732 X.
281 675 308 733 5.
332 675 413 743 Quia
426 677 595 749 ignorantia
608 675 745 749 arguitur
759 681 794 732 ut
807 675 914 733 erroris
928 682 1032 744 mater,
1047 683 1077 732 et
1090 675 1173 734 exitii
1187 697 1284 749 causa,
1301 686 1317 714 “
1328 681 1386 739 Po-

179 753 270 828 pnlns
284 771 368 810 mens
378 753 463 828 perit,
475 754 546 829 quia
559 760 603 810 est
616 753 678 810 sine
689 753 839 823 scientia,”
860 753 934 812 Hos.
946 753 985 810 iv.
1001 755 1036 824 6;
1053 753 1093 810 Et
1108 755 1167 812 lsa.
1182 755 1200 813 i.
1217 757 1244 827 3,
1257 765 1274 790 “
1287 759 1386 832 Popu-

178 831 227 887 lus
240 849 326 888 meus
341 850 403 888 non
415 831 585 904 intelligit.'’
602 829 679 887 Psal.
691 832 782 888 xxxii.
794 833 820 899 9,
833 837 850 864 “
858 831 907 889 Ne
920 831 983 890 sitis
997 831 1073 888 sieut
1086 834 1188 890 mulus
1199 841 1228 891 et
1238 853 1343 909 equus,
1355 836 1386 893 in

178 909 288 982 quibus
303 927 364 966 non
378 917 422 966 est
435 909 631 966 intellectus.''
646 909 756 966 Matth.
778 909 848 966 xxii.
867 910 915 980 29,
936 910 1197 983 reprehenduntur
1219 913 1385 984 Sadducaei,

177 988 260 1061 qnod
276 994 294 1020 “
305 993 413 1058 errent,
429 987 589 1044 nescientes
604 986 801 1061 Scripturas.’'
1146 1042 1155 1060 ,

476 1062 534 1121 XI.
559 1065 655 1121 Aliud
669 1071 716 1121 est
727 1067 818 1122 iidem
832 1065 1056 1136 miraculorum,
1070 1072 1100 1123 et
1113 1067 1227 1124 donum
1241 1069 1385 1144 interpre-

206 1129 385 1232 hffiuffilu'
433 1142 518 1201 tandi
538 1140 719 1216 scripturam
734 1143 888 1215 distingui,
906 1151 940 1198 ut
961 1142 1078 1201 diversa
1090 1155 1252 1220 gesimam
1288 1149 1384 1205 Aliud

342 1221 348 1233 '
433 1223 522 1278 fidem
532 1220 792 1293 justificantem,et
801 1221 945 1278 notitiam.
976 1219 1063 1278 Prius
1076 1223 1194 1295 dicitur,
1212 1225 1306 1284 lCor.
1321 1226 1383 1283 xiii.

176 1300 205 1370 2,
220 1317 280 1357 non
295 1299 450 1373 posterius.
493 1309 561 1352 iren
574 1306 660 1368 eticae,
676 1301 852 1377 oinnisfidea
868 1316 928 1354 non
939 1296 987 1354 hic
997 1299 1185 1359 distributive
1198 1304 1321 1377 ponitur
1331 1323 1385 1378 pro

176 1378 338 1450 omnigena
351 1378 418 1447 fide,
434 1379 484 1434 sed
499 1377 652 1434 collective
666 1396 720 1452 pro
734 1377 872 1451 perfecta,
887 1382 917 1432 et
929 1375 1064 1450 pertibus
1077 1384 1107 1434 et
1126 1381 1270 1453 gradibus
1290 1381 1385 1439 omni·

177 1455 234 1512 bus
245 1455 401 1528 completa,
413 1474 440 1528 q.
453 1456 492 1524 d.‚
503 1455 651 1530 Quicquid
663 1455 779 1530 uspiam
789 1454 859 1512 fidei
869 1462 914 1510 est
924 1462 1117 1528 stipantem,
1129 1457 1153 1512 si
1166 1456 1245 1515 illud
1256 1477 1343 1516 omne
1353 1459 1385 1516 in

176 1551 273 1588 nnnm
287 1531 480 1603 conferretur,
495 1540 585 1606 atque
599 1533 628 1589 in
644 1551 691 1589 me
706 1540 788 1590 esset.
804 1532 907 1589 'Palem
922 1538 1023 1588 antem
1036 1535 1126 1590 fidem
1139 1534 1277 1610 intelligi,
1287 1536 1385 1610 liquet

176 1628 238 1667 non
251 1611 341 1667 modo
355 1628 392 1667 ex
406 1609 540 1681 articulo,
556 1612 609 1686 qui
628 1619 738 1668 certam
754 1611 903 1685 quandam
925 1610 995 1665 fidei
1015 1611 1141 1686 speciem
1166 1619 1258 1684 notat,
1282 1615 1332 1670 sed
1354 1621 1384 1670 et

174 1705 213 1744 ex
226 1689 330 1745 addita
344 1688 470 1762 exegesi,
485 1695 501 1722 “
511 1690 586 1745 adeo
601 1696 636 1745 nt
649 1696 764 1745 montes
777 1688 843 1744 loco
858 1688 1069 1757 dimoverem‚’'
1083 1689 1123 1746 id.
1135 1707 1181 1745 res
1191 1691 1280 1764 plene
1294 1691 1384 1748 miras

176 1773 207 1823 et
220 1766 382 1840 stupendas
397 1767 550 1836 efficerem,
566 1765 745 1840 proverbiali
759 1765 909 1822 locutione
924 1783 961 1821 ex
975 1765 1086 1824 Matth.
1101 1766 1171 1823 xvii.
1187 1767 1234 1824 20.

215 1843 294 1900 XII.
319 1845 409 1911 Quod
433 1852 565 1900 removet
579 1862 697 1901 omnem
711 1843 855 1900 visionem
870 1850 931 1900 tam
955 1844 1127 1901 sensitivam
1142 1863 1233 1919 quam
1250 1845 1383 1904 intellec-

174 1922 298 1992 tualem,
313 1940 374 1977 non
389 1928 561 1996 potestesse
578 1922 693 1980 notitia.
737 1921 796 1978 Sed
816 1921 889 1978 fides
904 1939 971 1994 quac
994 1929 1113 1979 amovet
1126 1922 1272 1980 visionem
1294 1926 1383 1982 sensi-

174 1999 278 2070 tivam,
302 2006 333 2056 et
352 1999 523 2056 intuitivam
543 1999 655 2074 gloriae,
671 2019 731 2075 quo
752 2017 841 2056 sensu
861 1997 970 2056 dicitnr
991 2017 1053 2056 esse
1075 2009 1175 2070 ssime
1194 2010 1282 2068 vivat
1298 2015 1383 2065 sinet

173 2086 251 2148 μένω,
266 2077 344 2134 Heb.
359 2077 399 2134 xi.
416 2077 443 2149 1,
457 2077 497 2134 id.
513 2085 732 2151 argumentum,
743 2077 966 2148 demonstratio,
977 2095 1151 2153 rerumquae
1161 2079 1210 2135 vel
1222 2078 1384 2137 invisibiles

168 2163 254 2226 ‘sunt
276 2162 306 2212 et
327 2155 460 2212 sensibus
483 2156 646 2227 inaccessae,
661 2157 710 2212 vel
724 2173 791 2230 quse
806 2162 841 2211 ut
859 2153 969 2213 futurae
983 2163 1149 2229 sperantur,
1172 2157 1223 2213 sed
1246 2159 1382 2214 nondum

173 2228 324 2304 videntur,
345 2233 385 2290 id.
412 2233 609 2308 possidentur,
631 2235 704 2292 Non
721 2239 855 2291 removet
874 2239 975 2291 tamen
995 2233 1195 2308 cognitionem
1215 2235 1383 2292 intellectu-

173 2311 253 2370 alem
266 2310 388 2368 luminis
402 2312 516 2386 gratiae,
531 2330 600 2368 cum
613 2331 665 2387 per
679 2329 745 2368 eam
766 2312 929 2368 habeamus
943 2311 1045 2370 oculos
1065 2313 1172 2371 mentis
1185 2313 1381 2384 illuminatae,

174 2396 210 2445 ut
223 2406 435 2464 cognoscamus
449 2409 516 2465 qnae
530 2390 568 2446 sit
588 2409 652 2466 spes
668 2388 851 2458 Vocationis,
873 2394 903 2445 et
916 2389 1027 2446 divitiae
1047 2390 1160 2464 gloriae,
1175 2390 1238 2464 dec,
1262 2390 1340 2465 Eph.
1363 2391 1381 2448 i.

176 2466 223 2536 18,
239 2475 269 2523 et
281 2485 317 2524 ea
329 2485 396 2542 quea
409 2468 495 2526 nobis
510 2471 580 2526 data
594 2475 673 2540 sunt,
690 2467 705 2524 1
723 2467 790 2526 Cor.
806 2467 836 2524 ii.
852 2467 898 2525 12.

215 2544 313 2603 XIII.
338 2546 495 2621 Captivore
508 2547 675 2606 intellectum
689 2545 922 2603 inobedientiam
937 2545 1055 2618 Christi,
1070 2547 1168 2606 2Cor.
1183 2568 1211 2605 x.
1227 2548 1255 2619 5,
1267 2566 1326 2604 non
1339 2557 1383 2606 est

173 2623 313 2696 ignorare
329 2624 488 2695 Christum,
503 2631 557 2683 ant
570 2625 636 2698 ejus
649 2624 827 2694 doctrinam,
841 2624 890 2681 vel
904 2625 980 2681 nihil
994 2625 1031 2680 de
1046 2643 1082 2681 ea
1100 2625 1284 2700 intelligere3
1307 2626 1381 2682 alias

171 2700 285 2759 frustra
301 2699 416 2760 Paulus
437 2704 548 2761 diceret
569 2702 730 2760 Corinthiis
754 2721 784 2759 se
806 2701 881 2758 nihil
903 2701 1093 2776 proposuisse
1108 2703 1181 2760 seire
1194 2705 1273 2760 inter
1291 2703 1379 2776 ipsos,

172 2797 265 2854 quam
283 2779 390 2837 Jesum
405 2781 616 2850 crucifixum,l
641 2779 706 2840 Gor.
721 2779 752 2837 ii.
768 2781 800 2837 2:
823 2779 881 2836 Sed
903 2787 947 2837 est
970 2779 1087 2837 Christo
1101 2786 1132 2836 et
1152 2781 1217 2854 ejus
1237 2781 1380 2837 doctrinar

172 2857 283 2930 agnitae
295 2859 385 2915 fidem
397 2858 516 2928 habere,
530 2865 560 2916 et
573 2859 619 2915 illi
635 2877 665 2915 se
686 2857 838 2930 subjicere,
853 2857 924 2914 licet
944 2855 1054 2914 rationi
1068 2863 1097 2912 et
1119 2857 1271 2932 sapientias
1294 2875 1381 2916 mnn-

172 2936 259 2992 danae
274 2936 404 2992 absurda
413 2935 558 3006 videatur,
568 2937 705 3010 exemplo
715 2935 857 3003 Abmhae,
868 2933 954 2992 Rom.
964 2935 1003 2990 iv.
1019 2933 1066 2990 20.
1096 2933 1172 2992 Haec
1185 2936 1308 3014 estfldei
1319 2939 1380 2994 obe-

172 3013 292 3084 dientia,
308 3031 368 3089 qua
384 3014 531 3072 credimus
552 3015 617 3072 Deo
637 3012 781 3088 loquenti,
797 3011 852 3069 etsi
865 3031 926 3068 non
940 3011 1143 3085 intelligamus
1158 3023 1184 3067 n·
1195 3018 1249 3068 tate
1261 3015 1303 3070 rei
1318 3034 1379 3072 cre-

171 3092 287 3158 dendes,
303 3091 430 3148 simodo
444 3109 639 3167 agnoscamus
654 3103 680 3147 et
689 3101 730 3148 te.

212 3167 305 3226 XIV.
327 3169 426 3226 Locus
442 3169 499 3228 Isa.
514 3171 564 3228 vii.
580 3171 608 3243 9,
622 3188 683 3227 non
697 3175 796 3246 potest
809 3169 867 3225 hue
880 3167 968 3238 trahi,
983 3169 1068 3243 quasi
1083 3169 1205 3228 innuere
1219 3170 1293 3227 velit
1307 3169 1380 3228 Pro-

171 3249 263 3324 pheta
274 3248 365 3304 fidem
385 3265 447 3306 esse
460 3255 578 3306 tanturn
598 3249 727 3323 gradum
747 3253 777 3304 et
789 3245 870 3302 viam
891 3247 930 3303 ad
951 3245 1107 3318 notitiam;
1128 3256 1164 3304 ut
1178 3247 1285 3304 Versio
1302 3248 1379 3305 Vul-

169 3333 241 3400 gata
260 3344 416 3400 perperam
436 3327 545 3398 reddit,
566 3328 622 3384 rn'si
644 3325 833 3395 credideritis,
852 3341 912 3380 nea
931 3323 1100 3399 intelligetis.
1143 3325 1223 3394 Quia
1247 3325 1379 3385 Hebraea

172 3405 261 3461 aliter
284 3411 400 3474 sonant,
424 3423 496 3464 acan
512 3406 543 3462 st
559 3423 583 3461 a
599 3423 683 3463 saissa
698 3403 729 3462 ab
744 3423 790 3474 es,
812 3403 867 3461 nisi
879 3404 1062 3476 credideritis,
1087 3423 1146 3462 noa
1164 3406 1378 3480 permanebitis,

170 3489 206 3540 ut
220 3482 259 3540 sit
271 3481 458 3555 reprehensio
467 3480 683 3538 incredulitatis
698 3481 810 3538 Achazi
824 3488 854 3539 et
867 3482 944 3539 aulae
954 3483 1029 3557 ejus,
1041 3485 1098 3540 hoc
1112 3501 1218 3542 sensu:
1241 3483 1272 3540 Si
1280 3486 1378 3542 verbis

170 3560 243 3618 meis
257 3560 347 3616 fidem
361 3578 420 3616 non
431 3559 588 3628 adhibetis,
600 3577 661 3615 non
675 3561 736 3617 alia
749 3565 793 3616 est
806 3578 902 3630 cansa,
915 3579 1006 3634 quarn
1020 3562 1093 3638 quia
1101 3561 1239 3618 nonestis
1249 3562 1378 3634 stabiles,

169 3639 219 3696 sed
234 3637 339 3713 perfidi
352 3638 384 3694 in
399 3637 520 3695 Foedere
535 3637 601 3695 Dei.
618 3635 678 3695 Vel
691 3639 773 3712 qnod
787 3638 1011 3696 convenientius
1023 3641 1151 3709 videtin,
1163 3646 1207 3697 est
1220 3642 1380 3698 commina-

169 3716 212 3772 tio
226 3733 321 3789 poenae
335 3715 395 3772 illis
408 3715 607 3786 imminentis3
623 3715 726 3773 Sinon
740 3716 858 3773 creditis
868 3717 1056 3790 promissioni
1067 3717 1176 3775 divinae
1186 3720 1223 3774 de
1234 3721 1379 3777 servanda

171 3792 265 3862 Urbe,
280 3809 350 3850 sane
363 3812 423 3850 non
437 3793 657 3868 permanebitis,
671 3794 781 3850 scilicet
795 3795 936 3852 adversus
950 3797 1058 3866 hostes,
1073 3797 1121 3852 vel
1135 3796 1165 3850 in
1180 3803 1277 3852 vestra
1290 3803 1377 3866 terra,

172 3870 224 3926 sed
238 3869 347 3942 captivi
359 3871 429 3927 inde
442 3871 639 3940 abducemini,
654 3878 689 3928 ut
702 3872 827 3929 exitium
841 3880 955 3928 eertum
968 3891 1021 3930 vos
1034 3881 1160 3930 maneat.

214 3945 286 4003 XV.
307 3949 486 4029 Ineeiolerrtiu
499 3967 567 4023 quae
582 3949 723 4006 tribuitur
736 3949 806 4006 fidei
819 3967 880 4006 non
894 3951 1027 4006 excludit
1038 3967 1156 4006 omnem
1168 3948 1314 4019 notitimn,
1326 3953 1377 4007 sed

173 4029 292 4079 tantum
306 4042 381 4094 eam,
395 4045 461 4100 quae
481 4025 587 4082 nititur
604 4027 703 4084 medie
717 4027 884 4096 scientifico,
900 4027 928 4082 id
945 4035 997 4096 est,
1012 4045 1102 4083 sensu
1115 4033 1169 4082 aut
1182 4027 1318 4083 evidente
1333 4047 1378 4084 ra-

128 4093 132 4106 '
171 4100 254 4158 tione
268 4119 287 4157 a
299 4107 408 4159 natura
426 4104 469 4159 rei
487 4103 588 4176 petita.
609 4103 728 4162 Dicitur
750 4104 864 4160 habitus
888 4105 1031 4161 inevidens
1045 4121 1104 4158 non
1127 4103 1166 4159 ad
1190 4103 1379 4175 negationem

173 4178 270 4235 omnis
283 4179 405 4250 notitiae,
420 4181 471 4238 sed
492 4181 530 4237 ad
551 4182 747 4239 remotionem
771 4181 895 4252 notitiae,
909 4201 977 4255 quar
991 4183 1025 4237 fit
1046 4198 1098 4254 per
1121 4179 1378 4239 ratiocinationem

171 4256 416 4332 philosophicam,
432 4275 499 4314 cum
513 4259 626 4316 nitatur
641 4259 809 4318 testimonio
823 4265 854 4315 et
869 4260 1045 4316 anctoritate
1059 4257 1217 4331 loquentis.
1234 4258 1379 4316 Excludit

170 4352 243 4408 ergo
253 4333 391 4391 notitiam
399 4335 519 4392 luminis
532 4337 686 4408 naturalis,
701 4355 762 4393 non
775 4336 1010 4411 supernaturalis
1023 4333 1231 4406 revelationis;
1246 4337 1379 4394 excludit

172 4411 328 4470 scientiam
341 4413 544 4487 philosophice
558 4414 677 4485 dietam,
692 4435 759 4490 quse
774 4415 934 4488 opponitur
945 4413 1086 4488 opinioni,
1099 4413 1219 4468 sednon
1229 4415 1379 4489 populari·

171 4499 226 4559 ter,
241 4497 277 4546 ut
290 4491 450 4564 opponitur
470 4491 655 4564 ignorantiae.
672 4493 711 4550 Et
725 4491 861 4568 qumnvis
879 4492 1030 4566 judicium
1043 4492 1125 4564 quod
1138 4490 1244 4549 nititur
1258 4493 1379 4550 alterius

171 4567 341 4626 testimonio
355 4575 385 4626 et
398 4568 587 4640 authoritate,
603 4589 662 4628 non
676 4571 714 4629 sit
728 4569 835 4628 notitia
847 4570 968 4627 evidens
982 4575 1012 4627 et
1025 4569 1191 4638 scientifica,
1206 4589 1266 4628 non
1281 4578 1379 4628 tamen
