3192 5206
233 345 291 402 306
601 363 693 404 Locus
707 361 836 402 uncinus
850 363 983 403 rsnrrus.
1228 345 1355 428 [Quaen.
1372 369 1438 411 xm.

281 539 315 585 E,
325 540 460 598 quomouoe
535 504 591 564 VI.
613 506 699 563 Fides
709 523 786 581 ergo,
799 503 936 562 tribuitur
960 503 1082 580 Cbn'sto,
1098 525 1155 562 non
1173 514 1316 582 quatenus
1330 518 1374 569 est
1388 530 1437 587 ap-

495 585 647 662 prehensio
671 583 813 642 fiducialis
837 584 1039 642 misericordiae
1074 585 1137 660 Dei,
1168 587 1236 662 quia
1260 587 1301 646 sie
1325 597 1438 648 tantum

234 665 434 743 peccatoribus
448 665 601 742 competit;
623 685 676 722 nec
690 665 800 722 ratione
819 665 897 722 modi
906 664 1074 738 cognitionis,
1087 674 1225 741 quantum
1248 667 1285 724 ad
1300 669 1437 745 anigma-

234 746 271 804 tis
291 746 503 820 obscuritatem,
519 753 549 803 et
562 754 704 821 quatenus
728 743 883 820 opponitur
904 740 958 801 stu
986 744 1151 820 aspectui,2
1178 745 1242 803 Cor.
1257 767 1286 804 v.
1316 751 1342 823 7,
1359 750 1437 825 quod

232 846 291 884 non
306 825 367 884 siue
381 824 595 903 imperfectione
606 824 668 881 fieri
682 831 785 901 potest,
798 842 862 899 quae
876 823 907 880 in
919 823 1063 881 Christum
1075 844 1132 882 uon
1147 825 1244 883 cadit:
1268 826 1326 884 Sed
1340 829 1437 904 quoad

232 906 394 981 cognitionis
407 905 597 976 substantiam,
614 911 643 961 et
657 903 752 979 quoad
767 923 916 960 assensum
930 903 958 961 in
979 923 1038 960 reru
1053 904 1207 980 cognitam,
1220 904 1259 962 id.
1275 906 1435 966 doctrinam

231 1005 249 1042 a
267 986 330 1043 Deo
345 986 501 1044 revelatam
514 1007 521 1060 ;
544 994 572 1042 et
586 982 681 1059 quoad
695 981 839 1057 fiduciam,
855 1002 919 1059 qnae
933 982 1075 1042 recumbit
1088 984 1118 1040 in
1139 984 1194 1042 Dei
1208 983 1367 1044 bonitatem
1383 1008 1433 1046 no·

230 1065 275 1123 bis
290 1065 386 1123 omnia
400 1065 562 1123 necessaria
570 1063 780 1141 providentem.

270 1145 344 1202 VII.
367 1145 450 1203 Idem
462 1144 497 1202 de
508 1143 565 1220 Spe
579 1142 740 1216 dicendum,
758 1140 902 1216 Quicquid
916 1141 946 1198 in
960 1161 995 1200 ea
1009 1141 1191 1218 perfectionis
1206 1151 1249 1202 est
1263 1145 1360 1220 quoad
1374 1167 1433 1204 eer-

230 1225 382 1299 tz'tudinem,
412 1244 463 1302 per
476 1245 563 1300 quam
590 1222 710 1281 firmiter
736 1221 886 1278 innitimur
900 1221 1080 1297 promissioni
1097 1221 1203 1280 divinae
1218 1222 1254 1280 de
1269 1243 1299 1282 re
1327 1225 1432 1301 futura,

228 1312 306 1362 recte
328 1304 442 1363 Christo
463 1303 616 1362 tribuitur:
638 1301 690 1359 sed
710 1300 789 1377 quod
809 1300 934 1358 involvit
958 1300 1100 1358 defectum
1129 1310 1158 1359 et
1178 1302 1432 1380 imperfectionem,

228 1390 370 1460 quatenus
384 1393 429 1443 est
439 1383 602 1460 expectatio
613 1381 707 1440 adhuc
721 1381 844 1439 obseura
852 1380 893 1436 rei
907 1399 972 1456 quae
982 1380 1110 1440 noudum
1120 1381 1251 1457 habetur,
1269 1383 1353 1441 Rom.
1370 1385 1432 1442 viii.

228 1466 275 1537 24,
291 1483 349 1521 non
364 1464 450 1523 debet
464 1463 508 1520 illi
521 1460 654 1520 adscribi.

268 1543 363 1605 VIII„
383 1544 465 1602 Licet
479 1542 575 1600 anima
597 1537 704 1599 Christi
723 1539 759 1598 ab
787 1538 869 1598 initio
890 1539 952 1616 jam
967 1539 1103 1599 beatitate
1126 1540 1229 1617 gavisa
1253 1541 1299 1614 sit,
1323 1549 1352 1600 et
1368 1542 1432 1601 Deo

226 1621 290 1699 ipso
305 1643 342 1681 ex
356 1624 387 1680 vi
402 1622 527 1683 Unionis
550 1621 738 1698 hypostaticae
753 1619 840 1677 fruita
854 1620 910 1678 sit:
953 1618 1019 1677 Non
1033 1619 1134 1677 habuit
1147 1627 1244 1678 tamen
1258 1621 1352 1680 adhuc
1367 1623 1432 1699 ejus

225 1702 444 1779 plenitudinem,
459 1709 576 1781 propter
594 1699 737 1778 passionis
755 1699 974 1774 necessitatem
998 1699 1048 1757 sed
1076 1699 1192 1758 demum
1215 1719 1278 1758 eam
1292 1701 1431 1778 consequi

225 1782 326 1842 debuit
340 1793 405 1861 post
432 1781 669 1842 resurrectionem
684 1787 713 1838 et
740 1779 945 1854 escensionem,
961 1799 1050 1854 quum
1078 1778 1171 1837 faetus
1199 1781 1429 1858 comprehensor,

224 1862 309 1938 plene
337 1863 515 1940 glorificatus
543 1869 587 1920 est
608 1869 637 1918 et
664 1858 761 1937 quoad
779 1859 903 1917 animam
918 1867 947 1917 et
961 1857 1056 1935 quoad
1070 1879 1183 1935 corpus.
1206 1859 1277 1918 Ideo
1291 1860 1364 1917 nihil
1379 1861 1430 1919 ob-

225 1941 299 2000 stitit
326 1944 480 2019 quominus
507 1943 537 2000 in
552 1942 648 2000 Deum
676 1939 813 2014 crederet,
839 1948 868 1998 et
882 1946 1009 2016 speraret
1033 1938 1153 2016 gloriam
1178 1939 1232 1997 sibi
1247 1939 1428 2018 promissam,

225 2020 302 2079 Heb.
317 2023 368 2080 xii.
381 2027 409 2080 2.

670 2255 864 2330 Quasrro
886 2255 982 2313 xrrr.

583 2433 622 2472 DE
638 2431 773 2472 semum
788 2432 894 2472 ANIMAE
909 2433 1035 2472 CHRISTI.

218 2575 267 2634 Aa
283 2575 390 2636 Christi
400 2573 506 2633 Anima
519 2575 554 2632 ab
569 2573 632 2649 ipsa
648 2573 805 2648 erectione,
830 2573 870 2630 ita
883 2575 992 2648 replete
1010 2573 1106 2646 fuerit
1117 2573 1239 2650 scientia,
1255 2582 1286 2630 ut
1298 2575 1369 2632 nisit
1381 2577 1423 2653 iy-

422 2654 573 2729 aoraucrit,
589 2657 634 2712 vel
645 2653 798 2711 didicerit!
840 2653 914 2730 Neg.
930 2659 1030 2710 eontra
1045 2652 1222 2711 Pontificios.

260 2815 284 2873 I.
310 2813 479 2874 Scholastiei
494 2812 642 2872 scientiam
661 2811 768 2870 Christi
796 2810 978 2888 distinguunt
1002 2811 1032 2868 in
1046 2818 1105 2870 tres
1128 2811 1287 2888 praecipuas
1301 2814 1422 2891 speciae,

218 2894 347 2971 Beatam,
366 2894 503 2969 Infusum,
520 2903 549 2952 et
563 2893 755 2970 Aequisitarn,
773 2912 822 2968 pro
833 2891 940 2969 triplici
954 2891 1062 2950 lumine
1077 2891 1185 2967 gloriae,
1202 2891 1311 2968 gratias,
1327 2900 1356 2950 et
1370 2914 1422 2952 na-

216 2983 298 3034 turae.
340 2977 462 3034 Beatam
476 2982 582 3033 vocent
596 2993 658 3032 eam
673 2991 731 3048 qua
745 2971 876 3031 Christus
893 2972 987 3030 Deum
997 2971 1078 3029 videt
1089 2970 1246 3029 secuudum
1256 2971 1420 3049 essentiam,

217 3062 249 3113 ut
263 3055 341 3114 beati
351 3057 415 3132 ejus
429 3054 531 3113 faeiem
545 3053 575 3124 in
590 3053 663 3111 coelo
673 3051 829 3110 intuentur.
871 3053 974 3126 Iafiisa
991 3050 1050 3108 illis
1071 3058 1123 3124 est,
1139 3069 1197 3128 qua
1211 3053 1422 3128 supernaturali

215 3135 317 3192 habitu
331 3135 481 3211 cognoscit
493 3153 540 3192 res
554 3134 694 3206 coelestes,
710 3139 739 3190 et
753 3131 892 3209 quicquid
905 3151 956 3208 per
976 3130 1074 3188 lumen
1092 3131 1192 3206 gratiae
1206 3129 1298 3189 videri
1312 3139 1419 3207 potest.

215 3215 361 3288 Aequiu'ta
375 3221 426 3288 est,
443 3233 500 3291 que
514 3213 651 3288 intelligit
673 3231 851 3288 quaeeunque
865 3211 973 3269 lumine
1001 3216 1110 3267 naturae
1134 3210 1196 3268 sive
1218 3210 1337 3268 rationis
1351 3231 1420 3289 cogu

214 3292 296 3350 nosci
311 3300 428 3368 queunt.
473 3292 531 3350 Sed
545 3291 639 3348 miuus
654 3299 739 3364 reete,
764 3292 832 3367 quia
846 3289 966 3348 scientia
988 3289 1129 3362 beatifica,
1153 3310 1218 3366 quse
1232 3297 1276 3347 est
1290 3309 1419 3366 compre-

214 3370 378 3446 hensorum,
393 3390 452 3428 nou
466 3377 561 3447 potest
577 3369 727 3428 commode
741 3369 830 3428 tribui
845 3369 960 3428 Christo
979 3369 1073 3426 adhuc
1087 3369 1201 3427 Victori
1216 3369 1340 3428 interris
1354 3389 1418 3428 ver·

215 3449 298 3524 santi,
314 3457 346 3508 ut
360 3457 460 3526 postea
473 3449 593 3506 dicetur.
636 3447 789 3525 Duplicem
799 3459 986 3525 ergonaturae
997 3450 1131 3506 humanae
1147 3449 1254 3507 Christi
1267 3449 1297 3506 in
1308 3449 1417 3508 mundo

213 3527 331 3605 degenti
342 3528 490 3586 scientiam
501 3527 694 3603 agnoscimus,
710 3526 842 3602 infusam,
859 3536 887 3586 et
898 3528 1068 3605 acquisitam
1079 3547 1130 3586 seu
1144 3527 1398 3605 experimentalem
1409 3552 1416 3606 ;

212 3611 341 3682 Iofiaam
357 3607 466 3684 accepit
479 3626 531 3683 per
544 3606 667 3682 gratiam
683 3607 807 3683 Spiritus
824 3607 853 3666 S.
876 3608 1030 3666 humanam
1054 3615 1185 3666 nanuum
1202 3608 1417 3683 sanctificantis,

213 3697 242 3746 et
256 3708 319 3746 eam
333 3688 416 3746 donis
430 3687 490 3745 suis
504 3685 650 3763 replentis,
666 3685 702 3745 de
717 3707 774 3763 qua
788 3688 884 3764 agitur
898 3688 956 3746 lsa.
972 3689 1012 3745 xi.
1034 3691 1059 3763 1,
1076 3691 1104 3746 2.
1125 3688 1270 3763 Anquisitu
1284 3697 1329 3746 est
1348 3709 1416 3766 cog·

211 3769 282 3826 nitio
297 3767 426 3843 actualis,
442 3786 528 3844 quam
544 3765 675 3825 Christus
689 3767 851 3843 acquisivit,
873 3775 935 3825 tum
949 3787 1000 3845 per
1024 3766 1279 3841 ratiocinationem,
1300 3769 1416 3826 conclu·

211 3847 307 3906 aiones
321 3845 491 3906 deducendo
502 3865 540 3905 cx
551 3845 699 3924 principiis
714 3847 841 3906 scientiae
853 3846 963 3922 infusae,
974 3855 1035 3906 tum
1045 3866 1097 3924 per
1107 3847 1251 3924 propriam
1265 3847 1415 3924 experien-

210 3927 288 4004 tiam,
306 3927 382 3987 Heb.
397 3927 437 3986 iv.
454 3928 500 4002 15,
517 3935 546 3985 et
559 3945 588 3984 v.
604 3929 632 3984 8.

512 4006 555 4064 II.
578 4005 705 4080 Quaestio
714 4007 761 4064 hic
775 4004 927 4064 intercedit
941 4024 1006 4064 cum
1022 4005 1191 4079 Pontificiis,
1209 4007 1253 4063 De
1267 4013 1371 4064 natura
1384 4015 1415 4066 et

248 4084 333 4158 Status
359 4088 450 4158 ,Quas-
472 4085 640 4145 cxtensione
655 4085 739 4144 istius
750 4085 885 4144 scientiae.
917 4085 982 4142 Non
997 4085 1033 4143 de
1048 4085 1168 4144 scientia
1183 4085 1290 4144 Christi
1304 4086 1412 4162 glorifi-

305 4149 385 4191 trouu.
473 4166 539 4242 cati,
554 4164 605 4225 sed
634 4165 664 4223 in
688 4165 771 4224 terris
799 4164 920 4242 agentis.
963 4165 1038 4240 Non,
1064 4164 1114 4222 An
1129 4165 1337 4224 Omniseientia
1365 4165 1409 4224 illi

207 4241 275 4300 data
289 4243 326 4302 sit
336 4265 388 4321 per
402 4247 524 4322 gratiam
551 4245 684 4321 Unionis,
710 4243 787 4322 quod
809 4252 893 4303 autea
906 4243 1103 4304 refutavimus.
1146 4245 1222 4318 Non,
1253 4243 1411 4303 Ancrassa

206 4323 361 4382 multarum
376 4345 471 4385 rerum
480 4325 643 4403 ignorantia
656 4325 839 4400 laboraverit,
855 4325 933 4401 quod
943 4343 995 4400 per
1005 4324 1177 4383 calumniam
1188 4323 1273 4382 nobis
1287 4325 1409 4400 imputa-

205 4409 253 4460 tur
266 4403 304 4460 sb
319 4403 513 4479 Adversariis,
529 4404 597 4482 quia
611 4405 653 4463 sic
666 4424 725 4463 non
738 4412 837 4482 posset
850 4404 938 4462 eximi
952 4424 970 4461 a
982 4412 1109 4482 peceato,
1126 4404 1208 4481 eujus
1227 4423 1263 4462 ne
1279 4403 1411 4464 umbram

205 4481 323 4556 quidem
337 4483 367 4541 in
381 4484 444 4561 ipso
458 4485 547 4544 fuisse
562 4483 754 4560 agnoscimus.

247 4561 306 4618 111.
331 4561 389 4620 Sed
404 4563 530 4637 Quaestio
544 4583 578 4622 eo
600 4563 684 4638 redit,
728 4563 777 4621 An
793 4561 902 4621 Anima
924 4562 1031 4622 Christi
1052 4570 1131 4622 tanta
1155 4562 1276 4622 scientia
1299 4561 1411 4621 imbute

205 4637 336 4698 sueritab
351 4641 441 4718 initio,
466 4661 503 4700 cx
525 4643 555 4701 vi
580 4642 703 4702 Unionis
727 4641 924 4719 hypostaticae,
946 4651 979 4702 ut
1003 4643 1075 4700 nihil
1097 4643 1282 4719 ignoraverit,
1309 4643 1355 4700 vel
1371 4643 1407 4700 de
