3150 5206
128 401 243 452 onear.
258 377 306 464 rt]
490 401 529 441 nn
544 401 676 444 assensa
691 405 728 444 rr
742 405 836 447 aranu
851 405 978 448 cumsrr.
1278 392 1336 448 257

124 543 257 622 sequitur
280 562 339 602 non
363 541 421 602 elio
435 545 576 622 respicere
600 546 737 625 potuisse,
759 567 813 607 uec
835 548 986 628 impletum
1010 569 1074 609 esse
1095 549 1251 610 Oraculnm
1270 549 1335 627 hoe,

123 644 213 702 quam
226 623 257 682 in
272 623 294 683 J
295 643 348 682 esu
362 623 521 685 Nazareno.

165 703 209 764 X.
232 704 316 762 Licet
329 723 400 763 vero
421 705 544 782 signum,
560 705 639 784 quod
652 707 700 766 hic
721 706 807 768 datur
826 730 845 767 a
866 709 1019 788 Propheta,
1035 717 1112 769 esset
1126 717 1238 770 tantum
1253 710 1335 769 exhi·

122 783 252 844 bendum
266 791 333 862 post
346 784 439 843 multa
452 786 557 862 secula,
572 806 631 845 non
654 787 751 847 minus
774 797 871 848 temen
884 791 979 869 potuit
992 790 1086 850 facere
1100 789 1138 850 ad
1162 789 1336 850 confirmati·

122 885 209 924 onem
224 866 373 942 promissae
387 864 574 925 liberationis.
628 871 654 927 1.
671 868 745 942 Quia
765 889 825 928 non
838 879 883 930 est
896 871 1053 930 absurdum
1067 879 1097 931 et
1110 870 1280 930 inusitatum
1289 891 1337 931 res

123 945 238 1005 futuras
251 944 353 1004 aliems
367 945 398 1003 in
412 945 527 1022 siguum
547 947 589 1005 rei
611 948 734 1026 alicujus
752 948 884 1027 proxime
898 951 1010 1028 futurae,
1026 960 1059 1011 ut
1079 958 1159 1029 patet
1186 971 1224 1010 ex
1239 951 1335 1012 Exod.

124 1025 166 1084 iii.
184 1027 231 1102 12,
255 1025 270 1083 1
289 1026 367 1085 Sam.
382 1025 412 1083 ii.
424 1029 471 1100 34,
497 1031 511 1085 1
529 1027 603 1105 Reg.
619 1029 691 1087 xxii.
707 1032 755 1105 25,
771 1032 819 1106 28,
835 1029 898 1089 Jer.
913 1031 986 1090 xliv.
1002 1037 1049 1106 29,
1065 1031 1116 1090 ubi
1131 1029 1237 1090 dautur
1251 1032 1336 1110 signa

123 1106 340 1184 consequentia,
356 1113 389 1164 ut
402 1114 432 1165 et
445 1108 652 1184 antecedentia,
668 1117 698 1168 et
719 1118 841 1169 eventus
859 1111 1078 1188 Prophetiarum
1093 1121 1292 1190 proponuntur
1304 1112 1336 1170 in

125 1187 212 1264 signa
237 1186 323 1246 Dent.
353 1185 435 1244 xviii.
461 1190 508 1262 21,
533 1186 588 1247 dre.
630 1193 658 1247 2.
674 1189 740 1248 Non
765 1199 810 1249 est
832 1191 959 1250 insolens
974 1192 1004 1250 in
1018 1192 1159 1271 scriptura
1172 1191 1335 1270 ingentium

124 1266 333 1345 promissorum
355 1269 626 1328 commemoratione
648 1270 790 1329 minorum
812 1270 900 1330 fidem
921 1271 1079 1348 adstruere,
1101 1273 1260 1350 praesertim
1284 1271 1336 1332 ubi

124 1347 239 1426 majora
251 1347 301 1404 ills
316 1347 377 1405 sine
392 1345 449 1406 fide
463 1347 606 1407 minorum
627 1369 686 1409 non
700 1359 841 1426 coustant,
865 1372 929 1429 qum
945 1353 1096 1430 praesentis
1110 1353 1167 1412 loci
1185 1352 1260 1412 ratio
1281 1361 1335 1413 est.

125 1427 200 1486 Cum
215 1427 291 1486 enim
303 1427 428 1486 Messias
442 1447 458 1486 e
472 1429 553 1506 regia
568 1429 691 1490 Davidis
705 1431 794 1510 stirpe
808 1431 877 1491 oriri
899 1432 968 1490 olim
991 1433 1118 1510 deberet,
1135 1433 1223 1509 idque
1241 1441 1335 1492 stante

124 1507 221 1567 adhuc
235 1507 286 1566 illa
300 1507 480 1586 Republica3
504 1510 613 1568 clerum
627 1520 672 1570 cst
684 1531 738 1570 nec
748 1521 855 1572 terram
869 1513 957 1589 illam,
974 1513 1021 1572 cui
1035 1521 1184 1591 tantopere
1199 1513 1336 1572 Acharna

122 1587 281 1664 metuebat,
296 1588 327 1646 in
340 1595 512 1666 potestatem
526 1590 652 1649 hostium
672 1611 790 1669 prorsus
811 1593 977 1669 concedam,
999 1612 1054 1652 nee
1074 1593 1191 1652 domum
1215 1592 1336 1652 Davidi-

122 1687 188 1727 eam
212 1667 327 1746 penitus
351 1668 489 1746 extirpari
512 1671 650 1748 potuisse.
693 1671 779 1731 Unde
794 1681 995 1748 argumentum
1013 1681 1109 1752 potest
1129 1691 1193 1732 esse
1207 1693 1225 1732 a
1239 1671 1335 1750 simili,

122 1749 173 1807 vel
187 1768 205 1807 a
218 1749 322 1808 minori
332 1749 370 1806 ad
381 1750 492 1828 majus:
515 1751 596 1809 Deus
610 1759 688 1810 certo
702 1751 851 1829 prestabit
864 1753 1083 1829 promissionem
1097 1751 1284 1830 principalem
1299 1753 1336 1812 de

124 1828 249 1906 Massia,
272 1829 353 1906 Ergo
367 1829 458 1888 multo
472 1831 566 1908 magis
581 1831 662 1890 dabit
675 1831 754 1908 quod
768 1831 863 1891 minus
877 1840 931 1908 est,
946 1831 1146 1892 liberationem
1160 1833 1229 1891 nim.
1245 1852 1263 1890 a
1277 1832 1348 1892 Re·'

123 1909 222 1987 gibus.
264 1911 292 1970 3.
308 1909 376 1968 Mos
390 1917 434 1969 est
456 1911 665 1990 Prophetarum
680 1912 819 1990 speciales
833 1931 933 1972 omnes
947 1912 1152 1990 promissiones
1166 1911 1335 1972 confirmare

121 1989 254 2068 generali
266 1989 456 2067 promissione
470 1991 506 2050 de
522 1991 639 2067 Messia,
655 1993 724 2069 quia
743 1991 962 2052 fundamentum
976 2001 1021 2053 est
1041 2001 1217 2067 caeterarum,
1233 1993 1336 2071 inquo

121 2089 225 2129 omnes
238 2070 444 2148 promissiones
457 2079 524 2130 sunt
539 2071 636 2130 Etiam
650 2082 680 2131 et
690 2071 795 2148 Amen,
817 2077 835 2130 2
851 2073 916 2133 Cor.
931 2073 950 2132 i.
962 2076 1010 2133 20.
1033 2076 1061 2132 4.
1077 2073 1234 2132 Promissio
1247 2093 1336 2150 prox·

122 2151 191 2208 imae
204 2151 383 2210 liberationis
403 2171 462 2209 non
475 2151 613 2212 fundatur
632 2160 744 2212 tantum
758 2153 788 2210 in
803 2153 888 2230 siguo
902 2153 1008 2230 futuro,
1023 2153 1158 2213 nimirum
1173 2152 1284 2212 Massia
1297 2174 1336 2213 ex

123 2230 249 2308 Virgine
272 2231 418 2290 nascituro
442 2239 508 2309 post
527 2232 620 2292 multa
634 2233 739 2308 secula,
755 2233 806 2292 sed
827 2234 914 2293 etiam
938 2236 969 2293 iu
982 2233 1119 2312 presenti
1142 2233 1203 2292 filio
1225 2232 1336 2294 seilicet

123 2310 280 2389 Propheta
290 2312 352 2390 jam
371 2319 448 2387 nato,
470 2331 557 2390 quem
571 2332 669 2372 seeum
678 2313 840 2373 adduxerat
853 2313 891 2373 ud
912 2314 1032 2393 Regem,
1048 2314 1087 2374 ad
1100 2334 1186 2393 quem
1201 2335 1261 2376 ver.
1287 2317 1333 2375 16.

122 2391 240 2470 proprie
249 2399 368 2470 spectat,
378 2391 569 2470 “Antequam
580 2413 652 2470 puer
660 2391 876 2469 iste,''laaraeie
887 2395 998 2456 scilieet
1008 2415 1073 2455 eum
1085 2396 1249 2471 osteudens,
1259 2397 1335 2455 “no-

122 2471 203 2530 verit
216 2491 348 2550 apernere
362 2473 470 2531 malum
485 2481 515 2531 et
528 2473 635 2550 eligere
649 2473 787 2550 bonum,''
808 2475 903 2551 idest,
918 2474 956 2534 ad
970 2495 1061 2535 annos
1075 2476 1257 2536 discretionis
1270 2495 1335 2554 per·

122 2552 246 2627 venerit,
262 2554 280 2586 ‘⁸
291 2561 368 2612 terra
377 2552 575 2629 liberabitur,'’
590 2562 623 2612 ut
637 2573 705 2613 sane
719 2553 772 2612 vix
785 2563 910 2633 quatuor
919 2555 1112 2616 annilucrunt
1121 2564 1276 2633 antequam
1285 2557 1334 2616 de·

122 2633 254 2692 lerentur
265 2632 315 2693 isti
330 2633 446 2710 Reges;
476 2634 524 2692 rel
538 2633 598 2693 filio
617 2634 703 2711 paulo
725 2643 791 2712 post
813 2636 969 2712 nascituro,
985 2635 1021 2695 de
1035 2655 1093 2714 quo
1106 2656 1169 2714 cap.
1184 2636 1246 2695 viii.
1261 2641 1289 2711 3,
1305 2640 1333 2694 4.

165 2713 226 2772 XI.
249 2713 388 2789 Quamvis
410 2733 479 2772 vero
500 2713 590 2773 Jesus
611 2713 778 2774 Nazareuus
796 2734 944 2794 nunquam
964 2715 1080 2794 legatur
1092 2716 1254 2794 appellatus
1275 2716 1334 2773 Inr-

121 2793 249 2868 manuel,
269 2813 329 2888 non
349 2794 444 2853 minus
457 2801 554 2852 tamen
578 2803 674 2872 potest
697 2795 756 2854 dici
770 2815 834 2854 eum
850 2795 891 2854 ita
910 2795 1074 2855 vocandum
1088 2795 1196 2871 fuisse;
1219 2795 1335 2889 Qniafi

122 2873 469 3031 tittstttttttt
483 2873 1334 3032 ttfftlttl‘atttlttttttlttljttss.litt

122 3055 183 3094 non
209 3041 270 3094 tam
292 3043 325 3095 ut
346 3035 483 3094 innuatur
496 3054 554 3112 quo
574 3035 690 3093 nomine
709 3034 910 3111 insigniendus
931 3042 1016 3109 esset,
1031 3054 1118 3114 quem
1132 3033 1227 3112 qualis
1240 3033 1335 3112 reipsa

121 3115 239 3175 futurus
260 3123 345 3191 esset,
361 3115 422 3173 sive
437 3115 533 3192 quoad
546 3134 699 3194 personam
718 3114 880 3195 Malgasa,
896 3115 958 3173 sire
972 3114 1068 3191 quoad
1082 3113 1207 3173 officium
1222 3113 1334 3174 Media·

122 3205 179 3272 tor,
199 3195 250 3273 qui
265 3195 360 3255 Βθυιιι
379 3195 463 3254 nobis
474 3195 678 3254 conciliaturus
689 3203 759 3271 erat,
773 3194 851 3253 unde
863 3195 1012 3272 Chrysost.
1027 3195 1101 3254 bene
1112 3195 1142 3252 in
1152 3193 1181 3252 h.
1192 3194 1222 3271 l.,
1237 3195 1334 3256 “Mos

121 3285 168 3336 est
185 3275 340 3354 Scriptura
361 3295 408 3334 res
428 3295 493 3354 quaa
514 3276 649 3335 accidunt
668 3275 733 3333 loco
747 3275 895 3334 nominum
917 3293 1043 3352 ponere:
1064 3274 1137 3333 nihil
1157 3293 1227 3353 ergo
1254 3274 1335 3334 aliud

122 3355 436 3434 significatVocabunt
448 3356 617 3431 Immanuel,
630 3375 716 3433 quam
728 3355 880 3414 Videbunt
892 3355 986 3414 Deum
1000 3375 1066 3414 eum
1076 3354 1271 3415 hominibus.’'
1302 3355 1335 3417 Si

122 3437 287 3514 igraoraatic
295 3435 427 3514 quadam
437 3435 581 3494 tribuatur
589 3437 770 3512 immanueli,
780 3443 825 3494 eat
838 3455 918 3513 purae
931 3435 1103 3513 negationis,
1113 3455 1178 3512 quae
1189 3435 1219 3493 in
1230 3435 1252 3496 J
1253 3456 1335 3496 esum

121 3517 219 3595 potuit
241 3517 343 3576 cadere
358 3515 430 3576 Luc.
455 3515 485 3575 ii.
510 3518 559 3591 40,
582 3536 641 3574 non
649 3537 753 3592 procae
780 3516 975 3593 dispositionis,
990 3535 1055 3594 quea
1078 3524 1229 3594 peccatum
1243 3525 1295 3591 cst,
1318 3537 1336 3576 a

123 3617 184 3674 quo
198 3595 254 3656 fuit
268 3615 380 3674 semper
394 3597 540 3655 immunis.
582 3595 667 3670 Quod
687 3595 723 3655 de
748 3595 924 3656 comestione
937 3595 1037 3674 butyri
1051 3604 1081 3656 et
1095 3596 1189 3655 mellis
1203 3596 1328 3672 additur,

121 3677 157 3736 fit
170 3676 209 3736 ad
232 3675 388 3736 notandam
409 3674 609 3736 educationem
631 3685 799 3736 consuetam
812 3684 990 3752 caeterorum,
1005 3675 1114 3738 utendo
1134 3676 1206 3735 cibis
1220 3676 1334 3736 ordina·

121 3757 249 3896 diis'bqffl
264 3757 318 3818 sub
332 3757 438 3836 butyro
453 3765 482 3817 et
496 3755 582 3816 melle
596 3755 792 3833 includuntur,
809 3757 878 3834 quia
890 3763 967 3816 terra
981 3756 1098 3818 Oanaau
1117 3756 1192 3817 lacte
1207 3765 1236 3817 et
1249 3757 1335 3817 melle

145 3857 181 3896 ne
202 3845 242 3897 at.

165 3917 244 3977 XII.
265 3921 335 3977 nabe
349 3917 397 3977 hic
411 3917 554 3994 Virginem
562 3924 670 3993 notare,
682 3936 740 3976 non
752 3916 897 3976 faeminam
912 3937 1122 3996 quamcunque,
1137 3915 1229 3993 liquet
1244 3919 1270 3974 1.
1286 3915 1335 3974 Ex

120 4005 219 4072 etymo
232 3998 315 4057 vocis
328 4018 346 4057 a
358 4001 422 4057 ⁸:¹75
436 3998 613 4073 abscedere,
628 4017 686 4074 quo
701 3996 854 4057 denotatur
875 4007 967 4057 status
980 3996 1103 4092 virgn'nis
1117 3993 1304 4054 absconditus
1318 4015 1336 4054 a

121 4085 281 4156 conspectu
296 4087 325 4138 et
345 4078 517 4137 commercio
540 4077 677 4152 virorum,
703 4077 786 4154 quasi
810 4081 890 4137 nasta
905 4079 1067 4137 abscondam
1087 4083 1117 4132 et
1138 4094 1196 4133 non
1219 4074 1337 4152 cognita

121 4159 196 4218 viro.
240 4157 326 4218 Unde
354 4158 493 4235 Virginea
521 4156 598 4236 apud
625 4157 748 4216 Veteres
769 4157 939 4217 dicebantur
958 4156 1135 4215 anselmum
1150 4163 1180 4213 et
1196 4153 1336 4236 dringourt

120 4243 141 4296 2
158 4237 290 4298 Maccab.
305 4237 346 4296 iii.
370 4241 416 4312 19,
439 4236 517 4315 quod
531 4237 610 4296 domi
623 4237 747 4297 laterent
760 4246 790 4297 et
803 4246 1028 4296 asservarentur.
1050 4240 1078 4294 2.
1099 4233 1271 4294 Authoritas
1286 4236 1336 4293 In-

120 4327 290 4396 terpretum,
306 4318 356 4396 qui
377 4318 491 4377 Judseis
513 4318 639 4395 suspecti
659 4337 723 4377 esse
744 4337 802 4376 non
822 4325 952 4396 possunt,
967 4314 1165 4392 Thargumim,
1181 4313 1285 4374 Onkel.
1307 4324 1337 4375 et

121 4399 244 4460 Jonath.
261 4406 290 4458 et
305 4397 408 4458 LXX.
424 4399 473 4475 qui
488 4405 605 4457 vertunt
619 4398 739 4479 soleam,
754 4397 823 4457 lieet
846 4397 955 4474 Symm.
971 4403 1000 4455 et
1014 4393 1195 4454 Tlreodotion
1217 4393 1248 4452 in
1269 4414 1336 4472 gra-

121 4479 194 4538 tiam
214 4477 386 4538 Judoeorum
410 4477 533 4537 reddent
560 4480 803 4537 odolaeoentalcm.
839 4480 867 4537 3.
880 4476 967 4535 Ratio
988 4473 1109 4534 evidens
1129 4473 1184 4532 hoc
1198 4475 1335 4551 postulat,

120 4559 192 4636 quia
206 4558 269 4635 agit
282 4557 318 4618 de
334 4559 418 4635 signo
432 4557 532 4616 divino
547 4567 576 4618 et
596 4557 730 4632 mirabili,
746 4559 829 4634 cujus
850 4565 931 4615 ortus
945 4555 1055 4615 sitnon
1075 4554 1171 4612 miuus
1185 4552 1334 4630 mirabilis,

120 4657 210 4715 qnam
224 4657 346 4715 nomeu;
373 4637 432 4696 Sed
452 4637 597 4715 quodnam
622 4639 747 4716 signum,
762 4635 842 4715 quod
861 4636 1001 4712 naturale,
1026 4633 1106 4713 quod
1127 4653 1279 4694 commune
1307 4645 1338 4695 et

119 4717 310 4794 ordinarium,
332 4717 479 4776 foeminam
501 4738 539 4777 ex
559 4737 717 4796 congressu
743 4717 800 4776 viri
819 4735 920 4796 parere
941 4725 970 4777 et
990 4715 1165 4796 concipere?
1205 4717 1234 4775 4.
1257 4713 1337 4776 Usus

1155 4815 1176 4857 a
