3152 5198
172 420 283 469 auser.
298 397 343 482 v.]
625 416 664 456 nn
678 415 931 458 ausrrrrcxmonn.
1319 405 1375 462 581

170 559 365 638 experientiae,
382 559 432 637 qui
443 558 478 617 do
491 557 570 617 lucta
585 557 685 616 carnis
708 564 737 616 et
753 557 877 634 Spiritus
896 579 1010 637 semper
1030 567 1196 636 queruntur.
1218 563 1247 620 4.
1271 560 1302 621 Si
1316 582 1375 621 non

169 641 311 717 imputare
326 647 474 718 peccatum
488 645 532 696 est
546 637 618 695 illud
632 637 784 714 expellere,
800 648 829 695 et
842 637 991 698 infundere
1000 641 1143 717 justitiam
1155 663 1162 715 ;
1186 642 1232 699 Ex
1242 643 1373 719 opposito

169 721 310 796 imputare
325 727 472 796 peccatum
488 718 542 776 erit
556 715 705 776 infundere
719 726 877 793 peccatum.
903 777 905 780 ,
921 719 1004 792 Quod
1018 719 1122 780 falsum
1131 739 1195 780 esse
1209 741 1247 780 ex
1257 721 1371 780 Christo

169 807 257 875 patet,
274 800 320 858 cni
333 800 505 875 Imputaturn
519 806 563 855 est
577 805 734 873 peccatum,
751 796 802 854 sed
815 817 872 854 non
887 797 1023 857 infusum.

191 913 194 920 .
367 946 371 956 ι
472 878 509 935 V.
533 875 615 934 Licet
628 895 679 952 per
692 875 889 934 remissionem
902 879 1013 954 pcccati
1027 878 1144 937 tollatur
1157 889 1253 939 rectus
1276 889 1373 939 octua-

179 943 399 1046 ΓΟΜΘΞΠΞῙἿΜΨ·
431 958 472 1032 lis,
495 976 546 1014 seu
573 955 712 1030 obligatio
740 954 778 1012 ad
805 975 938 1032 poenam3
973 977 1032 1015 non
1064 960 1161 1017 statim
1186 961 1300 1020 tollitur
1327 981 1372 1020 re·

430 1047 493 1094 etan
502 1035 670 1111 potentialia,
701 1053 751 1092 seu
778 1035 911 1093 meritum
939 1037 1125 1096 intrinsecum
1149 1041 1268 1116 peccatI,
1294 1040 1373 1118 quod

170 1119 233 1179 fluit
247 1139 284 1178 ex
298 1117 411 1174 macula
424 1117 589 1189 inhaerente,
605 1115 672 1191 quia
686 1113 817 1172 remissio
830 1115 861 1171 in
875 1135 909 1173 eo
924 1123 1035 1174 tantum
1050 1117 1106 1175 sita
1120 1127 1171 1195 est,
1188 1127 1220 1177 ut
1234 1140 1251 1178 a
1265 1120 1286 1178 J
1289 1120 1372 1178 udice

169 1219 235 1258 reus
248 1199 387 1257 liberetur
400 1196 437 1254 ab
451 1195 557 1254 actuali
571 1213 656 1270 poena
666 1194 721 1270 ipsi
735 1193 840 1268 debita,
855 1214 913 1252 non
924 1197 1105 1262 verostatinr
1121 1199 1157 1256 ab
1169 1199 1246 1256 omni
1261 1198 1371 1258 vitiosi*

169 1288 237 1337 tate.
281 1275 367 1336 Unde
383 1276 491 1333 Paulus
505 1274 576 1332 dicit
589 1273 713 1350 quidem,
730 1273 814 1330 Rom.
838 1273 897 1331 viii.
916 1275 1143 1349 1‚nullamesso
1159 1278 1372 1337 condemnatio-

168 1358 282 1416 nemiis
296 1356 346 1433 qui
360 1356 471 1414 suntin
486 1353 608 1428 Christo,
624 1353 675 1410 sed
689 1371 746 1410 non
758 1352 829 1409 nihil
846 1372 909 1411 esse
924 1349 1154 1431 condemnabile,
1173 1356 1221 1415 vel
1236 1357 1371 1416 condem-

169 1438 285 1496 natione
300 1437 427 1511 dignum,
443 1435 511 1511 quia
525 1432 662 1510 quamdiu
683 1439 779 1489 manet
803 1441 953 1509 peccatum
966 1433 996 1490 in
1020 1434 1112 1508 nobis,
1140 1435 1250 1514 (manet
1274 1446 1370 1496 autem

168 1516 305 1593 quamdiu
316 1515 464 1593 vivimus)
480 1513 564 1571 datur
575 1531 687 1589 semper
700 1510 810 1588 aliquid
820 1512 1045 1588 condemnabile,
1058 1515 1112 1572 etsi
1123 1525 1189 1573 actu
1199 1525 1316 1594 propter
1327 1517 1370 1574 in-

171 1596 362 1666 tercedentem
378 1594 500 1670 gratiam
511 1591 626 1651 dudleia
641 1610 694 1650 nos
708 1611 766 1648 uon
780 1591 903 1668 amplius
911 1592 1090 1652 condemnet.

208 1676 263 1733 VI.
286 1675 355 1732 Alia
366 1681 410 1732 est
421 1674 499 1731 tactio
510 1672 854 1747 theoreticapeccatorum,
867 1691 931 1748 quae
942 1673 1065 1749 pertinet
1076 1673 1113 1731 ad
1122 1672 1367 1750 Omniscientiaru,

164 1756 251 1832 juxta
265 1761 471 1832 quamoertum
485 1750 611 1810 estnihil
626 1751 686 1826 tegi
700 1770 784 1827 posse
804 1751 876 1825 Deo,
898 1751 954 1808 nisi
976 1751 1054 1828 quod
1078 1753 1193 1830 penitus
1213 1753 1326 1813 deletur
1340 1765 1369 1814 et

167 1835 316 1893 aboletur:
340 1833 409 1892 Alia
417 1833 557 1908 practica,
573 1850 638 1907 quae
652 1830 769 1906 respicit
779 1831 900 1907 justitiae
909 1831 1086 1906 exercitium,
1102 1839 1132 1890 et
1146 1833 1186 1891 sic
1201 1834 1261 1910 tegi
1274 1841 1370 1911 potest

168 1914 240 1990 Deo,
256 1913 333 1990 quod
347 1913 441 1971 adhuc
455 1919 499 1970 est
513 1912 543 1968 in
549 1911 688 1988 subjecto,
710 1909 825 1985 quando
841 1910 921 1968 Deus
934 1929 993 1967 non
1014 1911 1094 1970 videt
1108 1911 1180 1970 illud
1195 1922 1227 1972 ut
1241 1913 1368 1971 animad-

166 2000 269 2068 vertat,
285 1993 361 2052 delet
371 1992 443 2050 illud
454 1992 489 2050 de
500 1991 574 2048 libro
589 2009 641 2048 suo
655 1989 798 2047 neveniat
809 1989 998 2048 iurationem.
1042 1991 1089 2048 Ita
1101 2000 1219 2068 peccata
1233 1990 1369 2070 dicuntur

167 2073 228 2148 tegi
242 2093 337 2131 coram
353 2073 423 2147 Deo,
440 2091 498 2129 non
512 2071 580 2147 qula
594 2068 724 2127 absolute
738 2069 887 2143 tolluntur,
906 2077 1011 2128 utnon
1026 2071 1091 2145 sint,
1108 2071 1159 2129 sed
1173 2071 1241 2148 quia
1255 2072 1292 2129 ad
1306 2091 1365 2149 poe-

165 2171 232 2210 nam
247 2171 303 2210 non
315 2152 495 2229 deputantur.
538 2149 624 2209 Unde
640 2148 765 2225 August.
781 2149 810 2206 ia
834 2148 911 2206 Psal.
926 2149 1009 2207 xxxi.
1025 2149 1133 2208 Concil.
1144 2155 1182 2226 2.,
1206 2153 1291 2209 Tecta
1301 2171 1368 2227 erqo

158 2241 280 2308 peccato
293 2252 382 2309 qaaere
396 2232 492 2289 discit?
524 2231 562 2288 Ut
574 2249 629 2288 noa
644 2229 812 2288 uiderenmr.
856 2229 935 2297 Quid
952 2229 1024 2288 anim
1048 2239 1112 2288 erat
1124 2231 1183 2289 Dei
1195 2231 1289 2290 videre
1298 2251 1365 2308 pec·

165 2321 239 2384 cata,
251 2313 308 2369 nisi
316 2313 420 2387 punire
432 2313 446 2369 Ρ
1028 2341 1031 2349 ·
1279 2373 1281 2379 λ

204 2391 278 2448 VII.
300 2391 439 2464 Quamvis
465 2391 596 2450 remissio
619 2399 800 2469 peccatorum
824 2392 1002 2468 exprimatur
1015 2392 1103 2451 variis
1124 2392 1286 2470 phrasibus,
1302 2413 1367 2470 quaa

163 2471 270 2528 realem
285 2470 459 2528 ablationem
472 2481 592 2548 notnnt;
614 2491 672 2528 uon
687 2471 816 2548 sequitur
837 2471 941 2530 inferre
966 2473 1083 2531 totalem
1098 2473 1209 2550 pcccati
1234 2473 1367 2531 abolitio-

163 2568 249 2625 nem;
272 2549 340 2626 quia
354 2550 383 2607 in
398 2551 563 2609 remissione
578 2559 622 2610 est
636 2551 746 2627 aliquid
759 2551 844 2624 reale,
855 2571 906 2628 per
916 2552 996 2610 illam
1007 2553 1113 2629 qnippe
1128 2573 1196 2611 vere
1210 2560 1239 2611 et
1253 2553 1368 2610 realiter

163 2649 180 2687 a
194 2648 316 2706 persona
327 2630 437 2689 tollitur
451 2631 591 2706 obligatio
606 2631 727 2688 actualis
741 2630 778 2687 ad
792 2650 915 2707 poenam,
931 2642 961 2690 et
975 2633 1037 2708 ipsa
1046 2651 1139 2707 poena.
1182 2631 1294 2688 Deinde
1309 2631 1367 2689 illae

161 2709 290 2785 phrases,
307 2710 406 2786 quales
430 2718 497 2768 sunt
522 2713 626 2784 tollere,
642 2713 765 2784 auferre,
789 2713 890 2784 delere,
919 2713 1065 2782 mandare,
1091 2712 1212 2782 eblum,
1236 2730 1368 2786 perpere

161 2799 287 2865 peccata,
303 2791 406 2867 partim
421 2789 557 2866 petaliae
575 2789 763 2866 explicantur,
786 2809 850 2866 quae
873 2798 968 2847 reatus
993 2789 1167 2847 ablationem
1193 2789 1368 2864 significant,

161 2887 220 2925 non
233 2889 303 2928 vero
318 2889 375 2927 non
400 2869 583 2927 existentiam
597 2869 715 2945 peccati,
728 2871 831 2946 partIm
846 2890 863 2928 a
877 2868 1079 2927 sacrificiorum
1104 2867 1208 2926 effectu
1222 2877 1366 2944 petuntur,

163 2948 212 3022 qui
227 2957 288 3008 erat
298 2949 462 3026 propitiatio
483 2957 512 3006 et
533 2949 667 3025 purgatio
677 2950 796 3025 peccati,
823 2968 881 3007 non
905 2969 956 3025 per
969 2948 1155 3006 abolitionem
1174 2947 1303 3023 maculae,
1317 2948 1369 3009 sed

162 3045 213 3104 per
227 3026 399 3086 deletionem
413 3037 517 3102 reatus,
533 3037 562 3086 et
571 3027 808 3086 condonationem
823 3047 924 3104 poenae.

204 3105 294 3165 VIII.
317 3107 398 3166 Licet
409 3127 467 3165 non
477 3126 616 3183 negemus
626 3107 734 3164 aboleri
758 3109 852 3185 reipsa
870 3115 1019 3184 peccatum
1033 3107 1064 3164 in
1088 3105 1133 3179 iis,
1149 3105 1254 3184 quibus
1268 3107 1366 3166 remit-

161 3185 250 3261 titur;
272 3205 330 3244 non
345 3188 474 3264 seqnitur
495 3186 560 3244 ideo
584 3186 781 3245 remissionem
805 3187 897 3264 ipsam
922 3187 1077 3245 consistere
1092 3185 1121 3242 in
1136 3186 1187 3243 tali
1202 3185 1367 3246 abolitione.

162 3265 237 3338 Quia
251 3266 301 3324 illa
314 3275 446 3325 versatur
467 3275 579 3325 tautum
602 3266 678 3324 circa
699 3276 810 3325 reatum
824 3267 943 3343 peccati,
956 3265 1018 3324 Ista
1032 3265 1108 3323 circa
1122 3264 1263 3322 maculam
1276 3288 1283 3340 5
1310 3265 1367 3324 Illa

162 3353 312 3420 peccatum
327 3346 489 3405 considerat
503 3365 568 3403 cum
583 3345 720 3404 relatione
736 3365 787 3405 seu
801 3346 976 3422 obligatione
988 3344 1025 3402 ad
1035 3363 1159 3421 poenam,
1176 3344 1237 3402 Ista
1251 3354 1284 3403 nt
1297 3365 1367 3421 qua·

163 3423 275 3482 litatem
290 3426 420 3502 subjecto
445 3425 650 3500 inhaerentem,
672 3425 729 3482 Illa
743 3426 829 3484 simul
843 3435 872 3483 et
883 3425 970 3482 semel
982 3424 1137 3502 peragitur,
1155 3423 1217 3482 Ista
1230 3425 1371 3500 paulatim

162 3510 192 3561 et
206 3507 377 3563 successive.
421 3505 481 3563 Nec
496 3505 606 3582 peccati
620 3505 817 3563 remissionem
832 3523 869 3562 ex
880 3513 982 3562 natura
996 3503 1037 3561 rei
1052 3503 1149 3561 startim
1164 3505 1293 3580 sequitur
1304 3505 1368 3580 jus-

162 3582 233 3641 titiae
245 3583 358 3658 infusio,
374 3593 406 3642 ut
421 3584 471 3660 qni
485 3583 605 3642 remittit
629 3583 757 3642 debitum
778 3584 871 3658 alicui,
897 3604 956 3641 non
970 3583 1067 3641 statim
1088 3603 1194 3641 novam
1218 3584 1369 3660 pecuniam

162 3661 206 3718 illi
221 3662 289 3721 dare
304 3663 409 3738 debet;
434 3664 473 3721 Et
486 3683 539 3720 nos
553 3661 725 3721 remittimus
739 3671 857 3741 peccata
871 3662 944 3737 aliis,
960 3682 1013 3720 nec
1036 3671 1187 3739 propterea
1212 3663 1321 3720 exiliis
1336 3683 1370 3721 en

163 3741 344 3815 expellimus.
388 3741 573 3818 Aliequippe
588 3744 718 3800 estactt'o
747 3763 810 3820 quae
825 3742 858 3799 tit
872 3745 906 3799 de
920 3743 1015 3819 aliquo
1030 3750 1059 3799 et
1073 3743 1149 3799 circa
1172 3741 1255 3798 illum
1271 3741 1367 3815 objcc-
1476 3775 1485 3790 ·

165 3818 235 3892 tiva,
252 3820 308 3878 alia
322 3841 386 3896 quae
401 3821 434 3880 fit
447 3822 582 3896 inertique
597 3821 766 3897 subjective.

392 3965 397 3976 ,
467 3901 527 3958 IX.
551 3901 684 3959 Secunda
700 3901 882 3978 Propositio:
905 3900 1042 3958 Remissio
1051 3899 1165 3974 peccori
1184 3898 1276 3955 totalis
1291 3905 1331 3954 est
1343 3908 1371 3956 et

165 3959 407 4064 sffimnpeffig
427 3979 561 4050 absoluta,
578 3989 634 4036 tam
650 4001 751 4056 poenoe,
777 4001 861 4056 quam
887 3983 983 4055 culpae.
1020 3979 1092 4034 Haec
1104 3977 1190 4036 etiam
1211 3985 1255 4034 est
1269 3985 1371 4034 canna

195 4050 238 4120 aat'
251 4077 335 4121 totalis
357 4083 407 4122 nm
430 4057 604 4132 Pontificios,
621 4060 671 4134 qui
687 4061 897 4117 Remissionem
909 4056 1057 4136 partialem
1073 4064 1102 4112 et
1116 4075 1173 4112 non
1188 4055 1307 4113 totalem
1322 4075 1368 4112 ur·

196 4133 281 4190 culpa,
338 4149 413 4191 quam
434 4144 512 4209 gent,
529 4137 628 4212 culpae,
646 4138 768 4196 sednon
793 4158 894 4213 poenae,
920 4137 968 4194 vel
992 4155 1084 4211 poenae
1107 4143 1229 4207 aeternae,
1246 4133 1370 4192 sednon

195 4203 282 4246 poenae.
435 4215 609 4290 temporalis.
633 4217 742 4276 Concil.
757 4216 836 4275 Trid.
865 4217 941 4276 Sess.
957 4214 996 4272 vi.
1011 4234 1036 4272 c.
1057 4215 1104 4288 30,
1139 4213 1279 4290 “Siquis
1304 4221 1370 4288 post

166 4297 313 4365 acceptam
325 4290 570 4368 justificationem,
587 4295 704 4354 cuilibet
718 4297 862 4373 peccatori
885 4294 1044 4372 poeuitentI,
1060 4293 1101 4350 ita
1115 4291 1228 4368 culpam
1253 4293 1369 4366 remitti,

165 4375 196 4426 et
209 4376 320 4426 reatum
335 4378 449 4428 oeternae
464 4392 555 4448 prenae
580 4373 670 4432 deleri
692 4375 806 4449 dixerit,
823 4384 855 4432 ut
877 4375 974 4432 nullus
995 4380 1142 4430 remancat
1155 4379 1251 4429 reatus
1278 4390 1371 4447 poenae

167 4449 333 4530 temporalis
348 4451 541 4525 exsolvendae,
552 4453 600 4510 vel
614 4454 643 4510 in
654 4454 710 4513 hoc
721 4453 826 4526 seculo,
842 4453 890 4511 vel
904 4455 933 4510 in
945 4453 1050 4527 futuro,
1074 4460 1227 4526 antequam
1240 4448 1279 4507 ad
1293 4449 1370 4526 Reg-

165 4545 235 4584 num
247 4527 392 4585 Coelorum
407 4529 502 4588 aditus
516 4541 613 4606 patere
627 4535 726 4608 possit,
744 4533 907 4590 Anntbemn
922 4533 988 4589 sit.''

206 4604 249 4662 X.
261 4606 393 4666 .Remitti
404 4609 526 4685 culpam,
539 4630 597 4668 nou
607 4611 726 4670 remissa
736 4632 830 4689 poena,
843 4619 886 4668 est
901 4619 1037 4677 actea-w,
1050 4610 1118 4686 quia
1127 4608 1206 4666 nulla
1216 4607 1299 4666 datur
1310 4627 1371 4685 pos-

165 4705 203 4743 na
218 4684 279 4744 siue
295 4687 388 4764 culpa,
404 4696 433 4746 et
456 4689 587 4748 remissio
615 4691 706 4766 culpas
733 4690 806 4748 nihil
833 4689 921 4764 aliud,
936 4709 1023 4764 quam
1049 4689 1181 4748 liberatio
1196 4708 1213 4746 a
1227 4707 1320 4766 poena.
1343 4692 1370 4748 2.
