3150 5206
254 362 313 421 266
667 378 758 421 rocus
774 379 903 418 uncrinus
919 377 1053 418 rannus.
1283 357 1409 440 [Quaen.
1424 379 1466 420 ru.

252 521 388 582 dicuntur
401 527 433 580 ut
448 521 551 596 Deum,
567 541 626 580 non
644 529 677 580 ut
695 521 849 580 homiuem.
892 521 928 578 In
943 519 1076 579 omnibus
1090 518 1200 597 primus
1213 518 1327 596 dicitur,
1343 541 1403 579 ver.
1421 524 1466 594 18,

200 599 207 608 '
252 603 402 680 dignitate,
418 621 477 660 non
491 609 629 680 tempore.
672 602 734 660 Nea
754 603 841 661 homo
856 601 963 660 dieitur
976 601 1013 659 ad
1027 601 1184 677 imaginem
1201 599 1256 658 Dei
1271 599 1373 676 factus,
1389 602 1467 678 qnod

252 683 392 741 formatus
408 682 445 742 sit
459 681 496 740 ad
511 683 659 760 exemplar
674 683 789 757 Christi,
802 681 854 740 sed
873 683 942 758 qnia
963 689 1077 740 creatus
1102 688 1147 738 est
1168 679 1206 737 ad
1230 679 1387 757 imaginem
1411 681 1465 745 Dci

253 763 443 838 essentialem,
460 781 524 839 quas
539 763 568 820 iu
584 762 725 840 sapientia
738 771 767 821 et
782 763 934 821 sanctitate
950 761 1089 838 consistit,
1106 768 1139 819 ut
1154 760 1264 819 Paulus
1277 761 1372 838 docet,
1389 761 1464 840 Eph.

253 843 292 900 iv.
309 847 356 918 24,
373 842 434 901 Col.
450 843 490 901 iii.
508 845 553 902 10.

293 922 353 981 IX.
376 922 468 981 Aliud
490 931 534 982 est
554 923 768 982 matrimonium
793 921 902 981 Adami
927 929 955 980 et
981 923 1053 980 Evae
1073 919 1163 980 luisse
1183 921 1298 998 signum
1313 930 1343 980 et
1363 931 1464 999 typum

251 1003 426 1062 matrimonii
448 1003 554 1062 Christi
579 1021 645 1062 curn
669 1002 802 1062 Ecclesia
824 1023 861 1061 ex
883 1003 1041 1061 intentione
1056 1021 1160 1060 arcana
1176 1001 1301 1079 Spiritus
1317 1003 1357 1077 S,
1373 1003 1466 1060 Aliud

253 1085 400 1160 cognitum
415 1081 503 1141 fuisse
525 1083 649 1158 Adamo,
666 1093 695 1141 et
708 1083 830 1162 proponi
852 1083 888 1141 ab
910 1084 1018 1160 ipsout
1042 1081 1211 1140 vaticinium
1235 1081 1303 1140 talis
1325 1082 1466 1160 conjugii.
1561 1127 1562 1162 ÷

254 1163 339 1222 Prius
363 1163 456 1237 datur,
481 1183 538 1221 non
563 1163 715 1240 posterius.
758 1165 796 1222 Et
811 1163 889 1239 quod
904 1163 1065 1240 Apostolus
1089 1163 1215 1240 applicat
1237 1162 1351 1221 Christo
1374 1163 1468 1221 verba

253 1243 370 1318 Adami,
387 1243 462 1320 Eph.
477 1263 506 1302 v.
522 1247 569 1319 31,
593 1244 659 1302 Non
674 1243 804 1320 sequitur
827 1245 857 1301 in
880 1262 946 1303 eum
967 1243 1054 1302 finam
1075 1243 1112 1301 ab
1133 1242 1249 1300 Adamo
1263 1242 1376 1319 prolata
1389 1263 1465 1318 esse,
1561 1241 1562 1326 ,

253 1323 305 1383 sed
319 1329 431 1382 tantum
446 1323 599 1400 allegorice
613 1333 731 1401 propter
744 1323 962 1382 similitudinem
976 1324 1030 1382 rite
1044 1343 1130 1401 posse
1145 1343 1179 1381 eo
1193 1321 1301 1380 referri.

294 1403 337 1464 X.
361 1403 393 1462 Si
416 1403 547 1462 Christus
573 1404 767 1462 incarnandus
790 1423 849 1462 non
874 1403 929 1462 fuit
956 1411 1022 1463 ante
1054 1403 1314 1462 considerationem
1342 1405 1466 1480 peccati,

254 1484 386 1543 Ecclesia
406 1503 464 1542 non
486 1483 582 1542 futura
602 1483 704 1542 suisset
724 1486 860 1559 ἇκίφιλος,
883 1485 951 1562 quia
972 1485 1066 1561 Caput
1074 1483 1187 1542 futurus
1201 1483 1304 1542 fuisset
1316 1484 1390 1561 ejus,
1405 1504 1468 1542 non

251 1563 1465 1642 secusacAugelorum,nonrationahumanitatis,seddivinitatisetcreatiouisjure.

291 1645 352 1704 XI.
374 1645 589 1705 Demonstratio
603 1646 709 1704 amoris
730 1665 799 1723 erga
819 1665 912 1723 genus
932 1646 1089 1703 humanum
1110 1663 1162 1722 per
1183 1644 1291 1702 Filium
1311 1644 1467 1703 incarnan-
1561 1647 1562 1664 ¹

250 1725 319 1785 dum
329 1725 437 1804 absque
448 1734 578 1803 respectu
587 1727 706 1803 peccati,
717 1735 746 1785 et
757 1726 883 1804 expiatio
892 1734 1074 1803 peccatorum
1084 1745 1136 1802 per
1144 1725 1266 1783 eundem
1273 1724 1465 1800 incarnatum,

250 1827 309 1864 non
323 1814 444 1883 possunt
458 1808 581 1885 spectari
595 1816 628 1866 ut
647 1807 720 1866 linas
741 1805 929 1882 subordinati,
945 1825 1011 1864 cnm
1025 1805 1093 1864 talis
1107 1803 1306 1863 subordinatio
1320 1815 1467 1882 repugnet

252 1887 415 1965 Scripturas,
439 1906 503 1964 quoe
524 1905 582 1945 non
604 1887 691 1946 alium
712 1887 799 1946 finem
820 1887 970 1965 proposuit
990 1885 1139 1944 missionis
1161 1884 1276 1960 Christi,
1292 1905 1379 1962 quam
1394 1905 1464 1963 pec-

250 1974 379 2026 catorum
394 1968 525 2043 salutem,
537 1987 591 2026 nec
606 1967 649 2026 fas
663 1975 707 2026 est
720 1967 837 2044 longius
851 1967 1003 2044 inquirere,
1019 1973 1132 2024 tacente
1149 1965 1306 2042 Scriptura.

290 2046 368 2105 XII.
392 2047 472 2105 Deus
490 2067 549 2105 nou
572 2047 715 2107 subtrahit
735 2056 845 2107 naturae
867 2047 1000 2106 humanae
1021 2045 1052 2104 id
1069 2047 1186 2118 bonnm,
1212 2045 1295 2122 cujus
1310 2065 1403 2122 capax
1417 2055 1465 2105 est

248 2145 300 2203 par
321 2127 508 2203 capacitatem
529 2127 698 2202 naturalem,
711 2148 776 2205 quae
797 2149 835 2187 ex
856 2127 947 2205 ipsius
967 2135 1078 2186 naturae
1089 2125 1237 2203 principiis
1252 2127 1387 2202 exurgit;
1409 2127 1465 2186 sed

248 2213 344 2283 potest
359 2206 526 2266 subtrahere
538 2207 611 2265 illud
626 2209 709 2282 cujus
730 2229 822 2285 capax
837 2216 881 2266 cat
891 2209 979 2285 juxta
992 2207 1149 2284 potentiam
1172 2205 1395 2265 obedientialam
1410 2226 1465 2265 seu

247 2298 306 2342 uon
320 2286 541 2362 repugnantiam
563 2287 738 2365 suscipiendi
753 2309 787 2346 ea
808 2289 904 2346 omnia
925 2307 989 2365 quoe
1012 2289 1092 2346 Deus
1106 2287 1179 2345 vult.
1221 2285 1302 2344 Talis
1317 2295 1362 2344 est
1376 2304 1463 2364 capa·

248 2365 320 2422 citas
334 2365 449 2423 unionis
462 2366 652 2444 hypostatica
666 2367 697 2424 iu
711 2377 814 2426 natura
827 2368 962 2427 humana.

288 2443 383 2502 XIII.
406 2443 527 2504 Bonitai
554 2447 608 2504 Dei
631 2447 675 2506 sui
703 2449 945 2507 communicativa
968 2447 1063 2526 potuit
1090 2446 1205 2524 quidem
1231 2465 1296 2505 esse
1317 2446 1462 2505 motivum

247 2524 400 2599 sufficiens,
415 2533 448 2584 ut
470 2526 550 2585 Deus
572 2534 717 2586 creaturas
731 2528 909 2604 produceret,
932 2528 984 2587 sed
999 2547 1056 2587 nou
1070 2539 1103 2586 ut
1118 2526 1211 2586 Filius
1226 2526 1283 2585 Dei
1297 2525 1460 2586 incarnare·

246 2613 301 2682 tur,
318 2605 396 2684 quod
410 2605 531 2666 ulterius
545 2609 673 2684 respexit
687 2607 724 2665 ad
745 2609 808 2685 ejus
828 2608 1075 2667 restaurationem.

247 2723 357 2771 Secunda
381 2727 471 2786 Prope»
549 2687 639 2747 XIV.
665 2687 798 2747 Secunda
825 2688 997 2766 Propositio,
1020 2690 1088 2746 Non
1109 2689 1191 2746 modo
1212 2688 1381 2763 conceniens,
1410 2691 1464 2748 aed

275 2785 342 2839 ultio,
388 2785 473 2830 Posito
508 2769 695 2828 necatorium
700 2770 762 2844 suit
771 2770 913 2846 supposito
918 2777 1035 2845 peccato
1047 2778 1072 2826 et
1082 2771 1191 2827 demeto
1202 2767 1262 2826 Dei
1270 2771 1306 2826 de
1316 2770 1457 2844 Redemp-

274 2843 419 2947 P00⁰⁸i⁰D⁰i
434 2845 471 2889 ‘¹²‘
509 2851 581 2909 tione
602 2851 751 2925 hominum,
774 2852 880 2908 Filium
900 2850 960 2908 Dei
972 2848 1122 2908 incarnari
1133 2851 1175 2907 od
1193 2850 1244 2907 lroc
1265 2864 1336 2924 opus
1344 2850 1458 2928 perfici-

274 2906 360 3008 ffi„
393 2904 473 3006 ionii
507 2934 629 2990 endum:
663 2934 689 2990 1.
706 2931 771 2990 Non
786 2931 924 3008 quaeritur
938 2929 974 2988 de
988 2929 1147 2988 necessitate
1160 2929 1281 3005 simplici
1292 2939 1319 2988 et
1331 2931 1458 2988 absalme

274 3033 340 3090 nam,
375 3033 472 3092 neccsse
508 3020 625 3090 aparte
649 3011 724 3089 Dei3
755 3011 830 3070 Nam
844 3011 986 3089 potuisset
1009 3011 1089 3068 Deus
1111 3009 1136 3068 si
1156 3009 1298 3068 voluisset
1312 3009 1457 3068 hominem

274 3079 339 3148 tura·
380 3078 472 3152 ΜΨ
506 3111 565 3151 nou
586 3093 730 3151 miuusac
752 3091 908 3151 Diabolum
928 3091 1063 3149 inanitio
1079 3089 1325 3167 suorelinquarc:
1349 3087 1456 3149 Seddc

274 3135 321 3182 Dm
332 3151 461 3186 incernam.
505 3174 679 3249 hypothetica
689 3198 701 3246 ,·
722 3173 772 3231 An
793 3173 888 3250 posita
907 3171 1057 3230 voluntate
1071 3169 1229 3229 redimendi
1251 3170 1392 3245 homines,
1407 3187 1456 3228 ne·

508 3255 633 3312 cessaria
646 3253 732 3312 fuerit
747 3253 921 3327 Incaruati0,
938 3251 988 3310 An
1002 3271 1071 3310 varo
1086 3251 1142 3308 alio
1156 3250 1389 3327 mediopctuerit
1402 3251 1456 3309 hoc

328 3327 425 3396 Status·
506 3331 590 3390 fieri?
642 3339 670 3391 2.
696 3333 809 3391 Rursus
831 3353 889 3391 non
918 3332 1056 3410 quaritur
1079 3329 1116 3390 de
1140 3329 1301 3390 meracitate
1321 3332 1455 3402 Deera&

290 3383 446 3434 omum·
508 3411 601 3469 Nemo
615 3413 692 3468 enim
709 3419 805 3487 negat,
826 3413 921 3489 posito
935 3412 1014 3489 quod
1034 3413 1114 3471 Deus
1136 3411 1191 3470 hoc
1215 3412 1256 3470 ita
1269 3411 1454 3487 decrevisset,

245 3490 407 3548 necessario
430 3489 565 3548 debuisse
589 3490 630 3549 ita
649 3491 730 3550 fieri:
764 3490 822 3549 Sed
842 3492 879 3550 de
905 3494 1064 3551 necessitate
1084 3493 1215 3568 Naturae,
1242 3491 1300 3566 An,
1331 3491 1455 3570 seposito

246 3571 371 3643 decreto,
387 3577 417 3628 et
440 3569 643 3630 antecedenter
663 3571 701 3628 ad
724 3569 806 3646 illud,
827 3590 946 3631 necessa
960 3572 1047 3632 fuerit
1061 3573 1169 3631 Filium
1191 3571 1248 3631 Dei
1261 3573 1403 3632 incarnari
1418 3571 1454 3630 ad

247 3649 487 3726 Redemptionem
507 3653 660 3710 nostram?
701 3654 729 3711 3.
752 3652 818 3710 Non
845 3653 984 3730 quaeritur
1011 3653 1047 3712 de
1070 3654 1231 3712 necessitate
1255 3655 1450 3730 conpensatio,

244 3729 315 3806 quia
336 3729 461 3789 fatentur
481 3749 581 3789 omues
601 3731 656 3791 hoc
670 3732 796 3791 maxime
818 3753 977 3810 congruum
998 3733 1086 3792 fuisse
1112 3733 1260 3810 Majestati
1281 3733 1397 3809 divinae,
1418 3753 1454 3791 ne

246 3810 364 3888 impune
383 3810 486 3870 violari
508 3811 671 3872 dicerentur
692 3813 753 3890 ejus
767 3823 929 3891 praeapte,
954 3814 1012 3873 Sed
1033 3814 1069 3872 de
1090 3813 1250 3873 necessitate
1268 3815 1402 3889 Jrrstt'tiae,
1422 3821 1454 3872 ut

246 3911 304 3950 uon
325 3891 410 3986 aliter
430 3891 553 3970 justitiae
579 3893 634 3952 Dei
659 3889 792 3952 satisfieri
806 3901 835 3954 et
857 3893 989 3953 liberatio
1003 3903 1101 3953 nostra
1121 3893 1184 3953 fieri
1204 3895 1339 3973 potuerit,
1370 3894 1453 3971 Quod

245 3986 408 4032 asserimus.

286 4052 358 4113 XV.
383 4055 449 4114 Scio
464 4054 604 4132 quosdam
625 4075 663 4113 cx
684 4041 840 4114 Veteribus
854 4055 884 4113 in
905 4054 963 4114 alia
976 4053 1064 4114 fuisse
1085 4055 1236 4134 sententia,
1258 4055 1362 4114 modos
1382 4055 1452 4115 alios
1561 4101 1562 4104 .

245 4133 308 4192 Deo
332 4135 486 4211 possibiles
509 4155 566 4193 non
592 4135 726 4212 defuisse,
752 4155 824 4214 quos
848 4136 896 4194 hic
920 4143 1080 4212 sequuntur
1103 4135 1176 4194 varii
1190 4155 1228 4194 ex
1258 4135 1453 4195 Scholasticis
1561 4135 1562 4140 ’

245 4215 373 4291 August.
388 4216 438 4274 lib.
458 4219 503 4275 13.
527 4216 563 4274 de
577 4216 656 4275 Trin
672 4238 697 4276 c.
715 4219 760 4290 10,
785 4219 802 4250 “
814 4215 900 4276 Alina
914 4216 1018 4274 modus
1033 4217 1096 4274 Deo
1111 4217 1258 4293 possibilis
1279 4233 1338 4276 uon
1352 4216 1449 4288 defuit,
1561 4215 1562 4290 ζ

240 4295 326 4371 cujus
339 4296 476 4372 potestati
500 4305 604 4356 cuncta
628 4297 777 4374 equaliter
800 4297 959 4373 subjacent,
976 4296 1027 4355 sed
1051 4297 1187 4356 sanandas
1209 4305 1316 4356 uostrae
1330 4297 1450 4356 miseric

243 4375 506 4435 convenientiorem
518 4377 635 4436 modum
646 4378 732 4435 aliam
742 4397 800 4435 nou
812 4375 900 4436 fuisse
909 4397 963 4435 uec
973 4395 1036 4435 esse
1047 4377 1185 4455 potuisse,
1199 4375 1252 4435 &a
1266 4379 1294 4452 ;''
1316 4378 1449 4456 adquam

242 4453 291 4512 hic
312 4457 453 4515 accedunt
473 4457 547 4514 varii
568 4477 605 4515 ex
629 4457 824 4532 Scholasticis,
840 4457 975 4534 Thomas,
997 4467 1070 4535 part.
1092 4461 1130 4533 3,
1147 4477 1174 4534 q.
1190 4478 1215 4516 e.
1238 4457 1341 4517 Lomb.
1354 4458 1407 4516 lib.
1423 4459 1449 4516 3.

242 4533 310 4592 dist.
332 4539 360 4593 2.
376 4537 538 4595 Bouavent.
553 4537 584 4594 in
598 4540 626 4596 3.
648 4545 721 4596 sent.
738 4538 812 4596 Diat.
828 4540 876 4597 20.
892 4558 920 4615 q.
935 4541 963 4597 6.
1017 4539 1078 4597 Nec
1098 4537 1203 4597 desunt
1214 4558 1251 4597 ex
1273 4537 1380 4598 nostris
1401 4535 1450 4616 qui

241 4631 276 4670 eo
290 4614 488 4692 propendent;
511 4617 625 4694 Martyr
640 4611 691 4676 Lo.
714 4637 757 4676 co.
780 4616 816 4676 cl.
838 4621 866 4677 2.
889 4637 913 4676 c.
938 4621 984 4676 l'l.
1006 4618 1026 4678 l.
1050 4621 1096 4677 19.
1118 4619 1221 4697 Tylen.
1240 4617 1363 4696 Syntag.
1377 4638 1406 4696 p.
1421 4621 1448 4674 2.

241 4691 278 4750 da
294 4692 387 4753 lucar.
410 4695 627 4756 Chimedontiua
641 4696 678 4756 ds
704 4696 855 4774 Redempt.
871 4698 986 4775 generis
1003 4699 1130 4776 humani,
1154 4699 1204 4760 lib.
1220 4698 1238 4758 i.
1254 4719 1279 4758 c.
1295 4701 1333 4776 5,
1349 4705 1378 4757 et
1391 4715 1449 4776 prae
