3202 5194
215 302 272 363 128
678 317 770 360 rocus
784 318 966 360 uxnscruus.
1195 298 1322 382 [oussr.
1336 321 1422 363 xxiv.

214 462 235 523 .“
244 459 308 518 Vos
322 458 352 518 in
365 457 528 518 libertatem
543 457 639 518 vocati
653 459 742 520 estis:
757 467 868 520 tautum
882 479 919 519 nc
932 459 1096 520 libertatem
1110 457 1141 519 in
1155 460 1335 522 occasionem
1350 463 1426 523 dctis

216 539 326 599 carni.''

255 619 344 678 XIV.
367 619 453 694 Quod
476 619 576 678 datum
600 618 656 679 luit
676 620 800 696 Judaeis,
824 640 882 697 qua
906 620 1028 698 Judoeis,
1053 621 1123 680 solis
1147 621 1262 681 Judseis
1278 623 1346 682 usui
1359 643 1424 682 esse

209 708 325 779 potest:
347 698 399 758 sed
422 699 501 776 quod
525 699 625 758 datum
646 709 691 758 est
714 701 836 777 ludaeis,
852 721 910 777 qua
924 701 1080 777 foederatis,
1103 701 1151 760 vel
1165 721 1223 778 qua
1238 702 1294 761 Dei
1315 704 1423 780 populo

214 779 390 857 simpliciter,
413 799 472 838 non
494 780 531 838 ad
553 780 633 857 ipsos
657 780 749 839 solum
776 789 895 858 spectat,
919 780 971 840 sed
989 780 1026 839 ad
1041 801 1141 840 omues
1154 781 1221 840 illos
1235 783 1287 859 qui
1301 784 1424 842 eandem

212 861 312 939 populi
327 860 384 919 Dei
398 859 537 918 rationem
552 860 670 920 habent.
711 861 775 920 Lex
789 881 847 920 non
862 861 929 920 data
943 861 1115 922 estdudaeis
1128 862 1221 938 primo
1236 883 1324 922 sensu
1345 864 1424 922 omni

213 940 308 1016 modo,
334 939 385 999 sed
408 941 577 1018 posteriori;
599 961 666 999 nam
690 941 833 1019 hodieque
855 941 940 1000 uobis
959 941 1095 1019 loquitur,
1112 943 1198 1002 Rom.
1212 943 1263 1001 vii.
1279 947 1305 1018 7,
1324 948 1337 1001 l
1357 943 1421 1004 Cor.

212 1019 253 1079 ix.
269 1023 297 1080 8.
340 1021 401 1078 Nec
423 1021 512 1098 siper
527 1021 640 1082 Mosem
654 1020 723 1080 data
736 1021 850 1096 dicitur,
866 1022 888 1081 J
889 1022 974 1080 ohan.
988 1023 1007 1080 i.
1025 1025 1071 1096 17,
1097 1022 1228 1100 sequitur
1242 1023 1297 1082 sub
1322 1024 1421 1082 Evan-

213 1101 291 1179 gelio
306 1099 413 1160 Christi
426 1101 523 1160 locum
543 1121 601 1160 non
622 1100 746 1177 habere;
772 1101 840 1179 quia
855 1103 954 1160 Moses
977 1121 1036 1160 non
1056 1102 1211 1180 opponitur
1225 1103 1348 1178 Christo,
1370 1103 1424 1162 sed

214 1181 427 1256 subordinatur,
451 1189 485 1240 ut
499 1201 600 1240 servus
614 1180 740 1256 domino,
763 1181 860 1241 utillo
874 1182 968 1259 quiin
982 1182 1077 1258 domo,
1098 1182 1143 1240 illi
1157 1183 1207 1261 qui
1217 1183 1268 1262 jus
1282 1184 1370 1243 habet
1389 1183 1422 1242 in

215 1261 333 1320 domum
347 1261 443 1338 utqui
457 1282 523 1320 eum
538 1260 693 1320 edificavit
706 1269 736 1320 et
749 1261 833 1338 regit.

254 1342 327 1402 XV.
348 1343 443 1400 Moses
466 1343 552 1401 etiam
576 1349 672 1419 potest
693 1342 816 1419 spectari
829 1341 970 1417 bifariam,
993 1341 1041 1400 vel
1056 1343 1214 1420 generatim
1229 1351 1259 1402 et
1271 1343 1422 1422 indefinite,

213 1429 247 1483 ut
257 1425 368 1482 Doctor
380 1422 469 1482 totius
485 1422 632 1496 Ecclesiae,
647 1421 696 1480 vel
717 1422 929 1499 particulariter
942 1431 971 1482 et
984 1425 1102 1502 definite,
1128 1432 1161 1482 ut
1180 1426 1253 1481 Das:
1266 1424 1374 1500 populi,
1390 1433 1420 1482 et

215 1503 379 1581 Legislator
393 1503 519 1580 Israelis,
535 1503 585 1581 qui
599 1503 663 1580 ejus
677 1503 859 1562 commodum
873 1503 1010 1580 respexit.
1053 1503 1208 1562 Posteriori
1222 1523 1308 1561 sensu
1323 1503 1387 1561 Lex
1401 1525 1421 1562 a

213 1584 297 1642 Mose
318 1584 379 1642 lata
401 1582 440 1642 ad
461 1583 539 1642 solos
563 1581 685 1642 Judaeos
705 1581 852 1659 pertinuit,
877 1582 929 1642 sed
952 1583 1041 1660 priori
1063 1581 1229 1642 extenditur
1249 1582 1286 1641 ad
1300 1601 1418 1660 omues,

212 1683 270 1722 non
292 1663 388 1722 minus
410 1683 444 1722 eo
469 1663 533 1722 Lex
556 1671 674 1738 naturas,
699 1663 782 1740 cujus
805 1671 849 1722 est
871 1662 1082 1740 compendium.
1124 1661 1223 1739 Atque
1243 1662 1284 1722 ita
1297 1671 1419 1739 possunt

212 1742 360 1803 conciliari
373 1742 496 1802 diversa
511 1743 746 1804 Orthodoxorum
770 1743 919 1802 sententia
944 1743 1020 1802 circa
1035 1743 1123 1820 Legis
1138 1743 1277 1801 Mosaicae
1290 1763 1375 1802 usum
1390 1752 1420 1802 et

215 1823 430 1899 obligationem,
455 1824 523 1882 dum
538 1824 588 1881 alii
601 1824 704 1882 volunt
726 1842 790 1882 eam
804 1823 976 1900 pertinuisse
990 1823 1029 1882 ad
1043 1823 1120 1882 solos
1134 1823 1156 1883 J
1157 1822 1255 1882 udaeos
1270 1823 1420 1882 exclusive

214 1904 253 1962 ad
266 1903 347 1978 alios,
360 1911 392 1962 ut
403 1905 553 1980 Zenobiae,
565 1911 595 1962 et
605 1905 768 1976 Mueculua;
790 1904 853 1962 Alii
867 1924 937 1963 vero
951 1903 989 1962 ed
1003 1923 1103 1962 omnes
1118 1913 1263 1980 spectasse
1277 1912 1418 1980 asserunt,

211 1992 245 2044 ut
258 1984 377 2059 Parem,
393 1992 423 2042 et
436 1985 504 2060 alii;
527 1984 577 2042 isti
590 1984 667 2042 enim
682 1984 795 2044 Mosem
809 1993 839 2044 et
856 1983 966 2062 Legem
981 1985 1035 2044 sub
1049 1985 1142 2063 prima
1155 1984 1273 2044 notione
1287 1985 1421 2044 conside·

213 2071 296 2142 rant,
321 2063 366 2121 illi
380 2083 449 2122 vero
465 2064 519 2122 sub
534 2063 670 2124 secunda.

644 2304 839 2380 Qumsrro
860 2304 986 2364 xxrv.

631 2483 670 2523 ns
685 2483 762 2525 unce
776 2483 996 2524 cansuoarsnr.

373 2625 444 2692 Quoia
452 2624 524 2704 fiaes
537 2633 564 2686 et
576 2645 642 2684 aeus
652 2625 746 2700 fiaerit
758 2624 844 2702 Leqis
859 2624 1071 2684 Ooerernonicla'e
1084 2625 1133 2683 aab
1153 2626 1185 2683 V.
1199 2625 1256 2683 ll!

223 2829 244 2875 L
287 2831 313 2876 M
354 2833 364 2844 .
403 2833 415 2875 ,
431 2831 448 2865 ·.
510 2785 535 2844 Ι.
558 2785 622 2844 Lex
635 2805 687 2863 per
701 2785 815 2844 Mosem
828 2784 888 2844 lata
902 2784 933 2842 in
953 2791 1013 2844 tres
1034 2784 1147 2862 species
1169 2783 1243 2843 solet
1265 2782 1415 2861 distingui,

245 2844 447 2948 οἷιθξᾞῗῃῖζ,
470 2865 506 2924 In
519 2867 670 2942 Moralem,
686 2886 751 2942 quae
765 2864 802 2924 de
821 2865 950 2924 moribus
973 2865 1035 2924 sive
1057 2864 1158 2924 officiis
1178 2863 1325 2942 perpetuis
1344 2883 1416 2941 erga

267 2949 447 3018 ceremonialia,
470 2946 566 3006 Deum
586 2955 616 3005 et
637 2945 801 3024 proximum
823 2945 901 3022 agit;
927 2945 1167 3019 Ooeremonialem,
1183 2965 1247 3022 qua
1270 2943 1306 3002 de
1322 2945 1416 3003 Caere·

265 3007 376 3052 forenna.
469 3026 573 3086 moniis
588 3027 650 3086 sive
666 3026 782 3085 Ritibus
797 3026 874 3084 circa
888 3044 970 3084 sacra
987 3025 1042 3084 sub
1056 3025 1125 3084 Vct.
1140 3025 1219 3084 Test.
1235 3023 1417 3083 observanda

208 3113 331 3170 uectat:
353 3114 382 3165 et
396 3108 558 3182 Foreaaem,
574 3127 638 3183 qua
660 3107 775 3166 civilem
797 3105 1036 3183 gubernationem
1050 3104 1150 3182 populi
1175 3104 1330 3164 israelitici
1348 3125 1416 3163 oon-

209 3186 311 3245 stituit.
354 3185 453 3243 Prima
466 3185 685 3246 fundamentum
707 3195 759 3263 est,
775 3206 833 3263 quo
853 3185 956 3245 nititur
969 3185 1110 3262 obligatio
1123 3185 1316 3263 reliquarum
1339 3184 1416 3242 Aliae

209 3274 276 3324 sunt
298 3264 471 3341 appendices
493 3273 523 3324 et
544 3265 798 3326 determinationes
822 3267 905 3344 ejus:
931 3265 1145 3326 Oaeremonialie
1170 3273 1302 3341 respectu
1316 3264 1416 3341 primae

209 3344 324 3417 tabulae,
332 3343 549 3403 determinando
560 3346 623 3421 ejus
634 3345 872 3422 circumstantias,
882 3347 1008 3404 maxime
1019 3343 1116 3423 quoad
1126 3343 1235 3402 cultum
1246 3351 1413 3418 externum

211 3423 348 3482 Forensis
373 3422 469 3500 quoad
483 3424 640 3484 secundam
653 3425 684 3483 in
697 3425 903 3501 Judicialibus,
925 3426 994 3486 licet
1008 3432 1116 3484 statuat
1136 3423 1223 3482 etiam
1237 3441 1338 3500 poenas
1353 3441 1415 3480 sce-

209 3503 319 3568 leribus
334 3503 474 3562 adversus
487 3505 609 3583 primam
623 3505 752 3565 tabulam
767 3506 910 3565 admissis.

513 3585 555 3645 11.
578 3586 781 3646 Distinctionia
801 3586 886 3645 istius
900 3585 1008 3645 veritas
1028 3590 1115 3661 patet,
1131 3603 1190 3641 uon
1211 3582 1297 3642 modo
1319 3601 1357 3641 ex
1370 3580 1414 3640 di·

470 3665 608 3725 versitate
622 3667 779 3742 nominum,
786 3666 893 3744 quibus
906 3665 937 3725 in
953 3666 1101 3742 Scriptura
1115 3662 1318 3741 designantur:
1340 3662 1416 3722 Nem

472 3745 536 3804 Lex
548 3747 666 3806 moralis
677 3756 710 3806 ut
723 3747 878 3825 plurimum
892 3766 943 3824 per
956 3769 1028 3820 ressa,
1038 3754 1195 3821 precepta,
1202 3743 1417 3804 caeremonialia

209 3847 261 3906 per
274 3846 359 3906 nepe,
374 3836 488 3903 statuta,
503 3836 533 3886 et
546 3827 568 3886 J
569 3826 702 3886 udicielis
715 3847 767 3904 per
780 3845 901 3901 niceae,
909 3826 1033 3903 judicia,
1050 3825 1228 3903 exprimitur,
1235 3844 1300 3900 quae
1310 3821 1415 3880 LXX.

209 3908 334 3967 reddunt
347 3928 399 3986 per
415 3908 521 3980 inerte,
537 3903 698 3983 >wulpem
712 3915 741 3966 et
753 3932 876 3988 αμματω.
892 3907 980 3966 Deut.
990 3926 1019 3964 v.
1035 3908 1083 3981 31,
1101 3904 1236 3964 “edicam
1250 3903 1304 3962 tibi
1317 3901 1416 3961 omnia

209 3996 360 4065 praecepta,
376 3997 492 4064 statute,
509 3996 539 4046 et
551 3989 573 4048 J
575 3989 671 4046 udicia
684 3988 736 4046 illa
749 4007 814 4064 quae
835 3985 953 4045 docebis
974 4005 1024 4046 eos
1037 3986 1065 4060 ;''
1088 3983 1130 4044 sic
1145 3983 1262 4061 capri.
1280 3985 1305 4058 1,
1322 3985 1370 4057 20,
1385 3991 1417 4042 et

208 4069 258 4127 vii.
277 4071 323 4143 ll,
339 4069 411 4126 Lex.
427 4069 508 4127 xxvi.
524 4071 581 4145 46;
606 4068 676 4127 licet
697 4085 904 4143 nonnunquam
917 4085 1006 4126 voces
1026 4065 1090 4124 istae
1112 4083 1282 4141 synonymae
1305 4063 1370 4137 sint,
1386 4072 1416 4122 et

208 4147 370 4226 promiscue
391 4157 573 4226 usurpentur,
596 4149 703 4207 Ezeoh.
720 4167 748 4206 v.
765 4151 792 4224 6,
808 4155 838 4207 et
851 4167 902 4205 xx.
920 4150 966 4222 ll,
985 4147 1106 4220 16,18:
1131 4144 1189 4203 Sed
1210 4143 1354 4221 praecipue
1378 4163 1416 4202 ex

208 4236 312 4287 natura
324 4228 374 4304 rei,
390 4236 419 4286 et
434 4227 523 4305 Legis
537 4227 639 4303 officio,
654 4229 739 4306 cujus
752 4237 797 4287 est
811 4225 985 4286 constituere
1000 4225 1140 4300 ordinem,
1156 4223 1315 4284 secundum
1329 4243 1416 4301 quem

208 4309 375 4368 homocum
390 4308 454 4367 Deo
469 4317 498 4366 et
519 4308 652 4385 proximo
666 4307 862 4385 conjungitur.
905 4305 1101 4384 conjungitur
1120 4313 1218 4364 autern
1239 4304 1328 4363 homo
1350 4323 1416 4362 cum

208 4389 281 4464 Deo,
297 4390 390 4466 primo
404 4387 593 4447 similitudine
606 4387 731 4465 quadam
745 4388 860 4446 interna
873 4394 903 4446 et
916 4395 1045 4460 externa,
1060 4385 1092 4444 in
1106 4384 1270 4458 dilectione,
1289 4383 1414 4460 justitia,

208 4470 399 4530 sanctimonia
420 4477 449 4529 et
463 4468 593 4544 veritate,
609 4469 693 4545 cujus
708 4487 838 4526 normam
860 4465 948 4526 tradit
963 4467 1027 4526 Lex
1048 4465 1185 4539 moralis3
1209 4463 1323 4522 Deinde
1345 4463 1414 4520 isto-

208 4569 272 4608 rum
294 4558 411 4609 actuum
436 4549 530 4612 cultus
555 4548 647 4607 divini
666 4547 876 4624 significatione
898 4555 927 4606 et
948 4547 1102 4606 testatione
1124 4553 1253 4627 externa,
1278 4540 1415 4602 adhibitis

208 4629 327 4703 tesseris
341 4638 371 4688 et
384 4628 534 4708 symbolis,
549 4647 671 4706 quorum
695 4627 835 4690 rationem
850 4626 1013 4705 prescribit
1028 4626 1091 4686 Lex
1106 4623 1333 4697 caeremonialis5
1356 4619 1417 4677 De-

225 3648 452 3694 Distinettonisfsur·

267 3707 415 3754 dementum.
