3146 5210
232 379 293 437 450
505 431 511 444 ,
655 390 747 432 cocus
761 387 892 432 nacturus
907 390 1042 439 oursrus.
1258 368 1447 452 [0000010.

235 545 313 598 tatus
327 553 428 594 revera
442 533 534 611 possit
547 533 623 592 velle
639 532 763 607 credere,
779 532 918 606 converti,
934 531 1042 590 bonum
1067 531 1188 610 operari,
1201 531 1273 591 licet
1286 533 1385 609 reipsa
1394 551 1449 589 000

234 617 307 675 velit
321 613 445 688 credere,
462 613 599 684 converti,
615 613 722 671 bonurn
738 613 866 690 operari;
890 612 976 671 Unde
991 611 1085 690 gratia
1107 613 1171 672 bne
1184 620 1284 670 manat
1307 611 1449 684 inefficax,

237 696 349 754 Efficax
363 715 433 753 vero
448 702 500 768 est,
516 713 574 770 qua
589 694 669 752 Deus
684 693 829 752 bominem
844 693 885 752 ita
898 700 994 767 vocat,
1008 693 1125 766 excitat,
1139 701 1170 752 at
1189 693 1296 768 juvare
1325 692 1448 768 dirigen-
1545 717 1546 738 1

237 777 283 850 do,
299 775 485 852 protegenda,
502 772 682 850 cooperando
697 781 814 849 paratus
829 781 882 846 est,
897 781 930 831 ut
944 773 1030 830 homo
1051 771 1094 832 sie
1116 772 1262 831 excitatus
1287 780 1318 831 et
1332 781 1452 830 vocatus

237 855 427 915 infallibiliter
440 854 535 931 reipsa
549 853 633 927 velit,
647 852 755 926 credat,
771 861 965 926 convertatur,
980 853 1088 912 bonurn
1103 851 1220 910 faciat.”

279 936 339 994 ΙΙΙ.
364 935 422 994 Sed
435 935 538 994 merito
552 941 686 1008 suspecta
700 933 785 992 nobis
799 931 886 991 debet
899 952 963 992 esse
976 933 1039 992 bac
1054 932 1168 991 divisio.
1187 935 1213 990 1.
1229 932 1306 1008 Quia
1319 931 1450 1008 Pelagia·

238 1035 307 1074 uurn
330 1035 474 1074 venenum
499 1013 583 1072 nobis
603 1011 731 1071 obtrudit
743 1036 750 1087 ;
772 1013 850 1089 quod
865 1013 941 1071 anim
956 1013 1004 1072 ille
1022 1013 1233 1089 pecudalitatem
1255 1014 1396 1070 0101100111
1408 1031 1453 1069 so

238 1097 331 1170 cabat,
348 1096 449 1156 Gratia
464 1093 608 1152 Crantoris
617 1092 751 1151 omnibus
759 1092 926 1150 bominibus
937 1091 1043 1165 datam,
1054 1093 1212 1152 secundnm
1223 1093 1454 1169 uniuscnjusque

238 1176 396 1249 arbitrium,
410 1175 440 1231 id
454 1175 503 1232 isti
517 1181 623 1232 vocant
636 1172 777 1230 auxilium
792 1173 840 1230 vel
854 1172 977 1248 gratiam
1002 1172 1189 1232 sufficientem
1204 1172 1304 1232 datam
1320 1172 1455 1230 omnibns

238 1254 404 1314 homiuibus
418 1254 456 1312 ad
470 1254 532 1327 hoc,
543 1262 575 1312 ut
586 1252 698 1329 possint
712 1251 828 1310 credere
843 1253 867 1310 si
882 1251 982 1311 velint.
1005 1252 1090 1327 Quod
1100 1253 1150 1312 ille
1161 1253 1287 1312 vocabat
1301 1253 1456 1326 auxilium,

239 1336 371 1412 gratiam,
388 1333 559 1407 suasionem,
576 1331 735 1391 doctrinam
745 1340 774 1392 et
785 1332 903 1409 Legem,
914 1333 943 1390 id
953 1333 1001 1392 isti
1011 1340 1118 1392 vocant
1127 1333 1291 1392 suasionem
1303 1332 1455 1404 moralem,

240 1424 269 1473 et
283 1414 424 1472 auxilium
439 1413 549 1471 efficax.
595 1411 652 1472 Sed
666 1413 865 1490 qualecunque
880 1411 953 1471 illud
968 1414 1005 1472 sit
1029 1413 1179 1488 auxilium,
1204 1413 1387 1490 pertendunt
1400 1414 1457 1470 tale
1546 1465 1547 1486 ,

240 1515 312 1566 esse,
320 1495 394 1553 utab
400 1493 525 1554 hominis
531 1493 680 1552 voluntate
687 1492 818 1568 pendeat,
829 1492 1272 1570 utproficintrelnonproficiet,
1280 1493 1455 1552 0111010010-
1546 1489 1547 1546 3

240 1575 274 1634 lit
283 1583 333 1632 aut
341 1574 422 1648 nolit,
433 1574 625 1651 quipurusest
633 1573 1000 1649 etputnsPelagianisrnus.
1008 1577 1036 1632 2.
1044 1572 1118 1647 Quia
1129 1574 1223 1634 omnis
1232 1573 1328 1650 gretia
1338 1573 1378 1632 ad
1389 1593 1456 1632 ean·
1546 1575 1547 1578 ’

240 1655 402 1714 versionem
410 1651 1023 1729 sufficiens,debatcsseefficax;aliasgratia
1031 1651 1458 1730 sufficicnssssetreipsainsnf·

240 1735 348 1810 ficiens,
356 1735 402 1794 cui
413 1735 450 1792 ad
461 1733 594 1793 effectum
606 1751 690 1790 suum
700 1731 916 1808 producendum
926 1733 985 1790 alia
993 1732 1125 1809 quadam
1136 1733 1230 1810 gratia
1238 1732 1458 1810 superaddide-

239 1814 316 1874 beat.
359 1819 387 1874 3.
403 1815 535 1876 Christus
552 1812 688 1890 jugulum
703 1813 775 1890 petit
789 1813 873 1872 istius
887 1812 1089 1888 distinctionis,
1105 1811 1173 1872 dnm
1184 1813 1309 1890 loquens
1318 1813 1460 1891 degratis

241 1895 358 1970 efficaci,
369 1915 455 1972 quarn
465 1894 609 1970 Apostolo
619 1893 779 1952 contulerat
788 1893 825 1951 ad
835 1893 1017 1952 liberandum
1031 1893 1125 1970 ipsum
1140 1893 1241 1952 aduro
1255 1893 1387 1968 stimulo,
1400 1914 1460 1971 quo

240 1975 411 2050 vexabatur,
427 1995 485 2034 non
499 1973 578 2031 eliud
590 1991 694 2030 nomen
708 1973 751 2030 illi
760 1972 868 2048 tribuit,
887 1993 974 2050 quam
989 1973 1164 2050 sufficientis,
1180 1974 1282 2048 suffieit
1294 1974 1347 2032 roi
1355 1975 1460 2050 pratia

240 2076 311 2129 mee,
325 2075 360 2112 co
374 2056 436 2132 ipso
452 2054 607 2114 ostendens
621 2072 734 2110 ornnem
749 2053 872 2130 gratiam
888 2053 944 2112 Dei
959 2052 1155 2128 sufficientem,
1172 2073 1236 2112 essa
1255 2054 1345 2114 etiam
1360 2054 1458 2114 effica-

240 2156 318 2210 cem;
335 2136 407 2193 alias
417 2154 475 2193 non
486 2153 623 2210 magnum
638 2133 771 2191 solatium
782 2134 837 2192 boc
848 2133 994 2192 attulisset
1005 2133 1096 2192 Paulo
1106 2134 1237 2211 querenti
1247 2134 1284 2192 de
1295 2133 1384 2210 gravi
1394 2145 1458 2194 ten·

240 2216 357 2288 tatione,
373 2235 430 2291 qua
444 2214 635 2290 premebatur.
662 2213 722 2272 Nec
732 2214 818 2290 juvat
832 2213 927 2272 dicere
941 2213 1067 2289 aliquam
1083 2213 1271 2274 sufficientem
1280 2233 1347 2273 esse
1359 2214 1457 2274 effice·

241 2313 312 2367 cem,
328 2313 387 2350 non
401 2313 534 2366 omnem;
551 2292 574 2349 si
589 2293 665 2351 eninr
679 2293 811 2369 legitima
825 2301 868 2351 cst
879 2293 993 2364 divisio,
1006 2293 1134 2352 membra
1147 2313 1206 2352 non
1220 2293 1330 2354 debent
1345 2295 1457 2354 ‹reinci-

239 2374 316 2445 derc,
340 2381 368 2430 et
382 2373 463 2430 nulla
477 2372 571 2448 gratia
585 2371 729 2430 sufficiens
744 2372 830 2432 debet
845 2393 908 2432 esse
923 2373 1065 2432 inefficax.

545 2451 600 2508 IV.
624 2451 689 2508 Non
703 2471 844 2528 negamus
857 2462 955 2512 temen
976 2461 1054 2512 certo
1070 2473 1156 2512 sensu
1175 2453 1352 2512 divisionem
1366 2454 1456 2514 istam

241 2509 298 2561 ⁹¹¹⁰
309 2509 483 2612 'spqupssqosut
504 2529 617 2588 admitti
631 2550 724 2606 posse,
748 2532 773 2590 si
787 2533 966 2610 intelligatur
990 2533 1169 2609 sufficientia,
1184 2553 1244 2594 non
1264 2533 1405 2594 absoluta
1426 2545 1457 2594 et

503 2610 636 2686 simplex,
653 2610 704 2669 sed
719 2613 877 2672 secundum
888 2613 966 2690 quid,
990 2621 1053 2674 tum
1066 2615 1177 2674 ratione
1188 2615 1346 2673 mediorum
1360 2625 1457 2674 ma·-

239 2714 350 2768 norum,
361 2701 422 2752 tum
433 2692 543 2750 ratione
559 2691 676 2750 interere
689 2691 898 2751 illuminationes
909 2693 946 2751 ad
957 2693 1151 2770 cognitionem
1165 2694 1305 2769 veritatis,
1321 2702 1353 2753 et
1366 2695 1458 2754 fidem

239 2773 451 2853 temporariam,
475 2772 551 2830 Ileb.
567 2791 596 2830 x.
619 2776 667 2846 26,
685 2772 755 2831 Luc.
779 2773 840 2832 viii.
868 2777 913 2847 13,
937 2781 999 2832 tum
1013 2773 1050 2832 ad
1077 2775 1273 2834 naviatenam
1295 2783 1325 2832 at
1339 2785 1458 2830 aur-ar

241 2862 302 2923 pter,
326 2854 396 2913 Joh.
412 2873 462 2910 xv.
478 2857 526 2912 22.
560 2852 618 2910 Sed
632 2853 668 2910 ad
683 2855 886 2912 conversionem
901 2853 1012 2912 nullam
1040 2855 1163 2931 gratiam
1186 2854 1378 2914 sufficientem
1405 2876 1457 2932 ag-

239 2928 395 3010 noscimus,
412 2953 476 3010 quae
491 2933 598 3011 pariter
619 2953 677 2990 non
698 2933 736 2992 sit
750 2933 861 2992 efficere

270 3069 456 3174 smffiilssm'
506 3092 585 3170 quod
599 3093 699 3152 tamin
714 3102 824 3168 natura,
847 3113 933 3170 quarn
949 3094 978 3150 in
994 3094 1087 3170 gratia
1101 3094 1225 3154 obtineri
1236 3103 1346 3171 potest.
1385 3096 1456 3155 Cer-

506 3182 567 3232 tum
583 3174 725 3247 animast,
754 3174 848 3232 Deum
863 3180 1010 3251 nunquam
1025 3193 1055 3234 sc
1079 3173 1229 3251 reliquisse
1244 3184 1459 3254 tader-gnerga

239 3254 381 3328 homines,
396 3253 425 3310 in
440 3273 613 3330 quocunque
634 3253 749 3312 fuerunt
764 3263 850 3312 statu.
881 3253 942 3312 Nec
957 3254 1059 3330 negan'
1078 3262 1174 3331 potest
1195 3254 1329 3313 Ethnicis
1354 3255 1457 3316 lumen

240 3333 416 3390 convincens
438 3341 467 3389 et
495 3353 630 3392 coercens
658 3353 733 3409 saepe
755 3333 864 3409 donari,
880 3354 938 3410 quo
957 3353 975 3390 a
989 3334 1088 3392 multis
1108 3333 1227 3410 flagitiis
1241 3343 1271 3392 ct
1284 3336 1458 3396 enormibus

240 3411 397 3469 sceleribus
422 3413 635 3487 reprimantur;
658 3423 687 3470 et
715 3413 845 3490 reprobis
868 3413 944 3473 inter
967 3414 1085 3472 Eiectos
1108 3413 1275 3488 latentibus,
1299 3422 1456 3475 externam

240 3490 331 3548 Verbi
347 3488 588 3567 praedicationem,
601 3499 630 3550 ct
644 3492 786 3550 internam
810 3513 1017 3570 nonnunquam
1032 3494 1136 3552 mentis
1151 3493 1393 3554 illuminationem
1410 3497 1455 3554 10-

240 3569 362 3645 dulgcri,
379 3588 436 3644 qua
450 3570 602 3628 commissa
616 3571 766 3647 plangunt,
783 3581 812 3630 et
833 3573 868 3632 de
883 3574 982 3632 Verbo
997 3573 1123 3632 admisso
1138 3593 1190 3650 pro
1204 3582 1332 3650 tempore
1348 3575 1456 3634 saltem

240 3649 295 3708 sibi
316 3647 506 3724 gratulantur,
527 3649 606 3725 quod
627 3649 742 3709 videtur
756 3651 786 3708 in
800 3653 1003 3729 Temporariis.
1034 3653 1092 3712 Sed
1106 3653 1203 3730 agitur
1219 3653 1267 3712 hic
1282 3653 1318 3712 de
1332 3657 1460 3715 nexile

238 3739 265 3790 et
281 3728 388 3788 Gratia
401 3728 525 3785 salutari
536 3737 563 3785 et
572 3729 717 3800 efficienti
727 3734 769 3789 ad
781 3734 991 3791 conversionem.

279 3809 334 3867 VI.
358 3807 422 3866 Non
441 3807 579 3883 quaeritur
589 3808 624 3867 de
637 3809 743 3868 Gratia
753 3813 885 3886 objectiva
896 3823 923 3871 et
936 3823 1063 3888 artene,
1074 3833 1140 3890 quae
1150 3812 1260 3870 homini
1269 3833 1321 3890 per
1331 3815 1456 3874 modurn

238 3889 346 3968 objecti
367 3888 556 3966 proponitur;
581 3890 625 3947 Da
650 3909 708 3966 qua
731 3892 904 3968 praeccdenti
930 3892 1096 3967 Questiouc
1117 3902 1161 3952 est
1185 3901 1300 3970 actum3
1325 3893 1387 3954 Sed
1415 3896 1456 3954 de

237 3971 387 4046 adjectura
410 3979 437 4028 et
460 3969 579 4046 interne,
596 3991 661 4048 quse
675 3991 726 4047 per
740 3972 859 4032 modum
884 3971 1039 4047 facultatis,
1052 3973 1100 4032 rel
1124 3981 1206 4032 actus
1221 3973 1251 4030 in
1265 3973 1383 4034 homine
1407 3995 1453 4034 ra·

238 4052 351 4128 cipitur.
397 4051 462 4109 Non
477 4050 513 4109 de
528 4060 594 4110 actu
609 4060 638 4110 ct
659 4059 767 4112 eventu
781 4053 852 4130 ipso,
876 4052 925 4110 An
942 4073 1041 4111 omnes
1066 4061 1132 4112 actu
1157 4053 1298 4114 credaut?
1328 4054 1454 4114 Constat

237 4132 313 4189 0111111
336 4131 411 4189 iuter
430 4151 538 4205 omnes,
561 4132 726 4191 innumeros
748 4132 914 4192 incredulos
935 4153 1070 4206 manere;
1095 4131 1154 4192 Sed
1173 4133 1209 4194 da
1236 4134 1375 4210 potentia,
1398 4135 1450 4192 An

236 4211 353 4270 credere
362 4211 499 4287 possint?
531 4211 558 4268 N
560 4232 605 4287 on,
618 4212 667 4270 An
682 4212 776 4288 gratia
787 4213 843 4270 ista
857 4213 1021 4272 conferetur
1032 4213 1280 4289 omnibusaequali
1290 4219 1456 4274 mensura?

236 4291 412 4368 Agnoscunt
426 4290 501 4349 enirn
524 4291 704 4368 Adversarii,
721 4291 875 4352 Auxilium
890 4293 991 4368 gratiae
1006 4293 1113 4351 divinae
1131 4313 1190 4352 non
1212 4293 1363 4370 aqualiter
1387 4314 1449 4352 orn·

235 4372 321 4429 uibus
344 4370 454 4444 adesse,
474 4391 528 4429 nec
553 4373 657 4448 quovis
681 4381 827 4431 momento
850 4373 980 4432 sufficere
1005 4372 1042 4430 ad
1062 4373 1272 4449 resurgendum
1286 4393 1304 4430 a
1317 4383 1452 4451 peccato,

234 4460 267 4511 ut
280 4449 410 4527 loquitur
423 4450 560 4508 Bellarm,
579 4452 630 4512 lib.
645 4457 673 4527 2,
688 4451 724 4510 dc
740 4451 842 4512 Gratia
856 4460 886 4511 ct
896 4452 959 4512 Lib.
971 4453 1044 4512 Arb.
1055 4473 1117 4530 cap.
1133 4457 1161 4512 2.
1204 4453 1271 4528 Sed,
1282 4451 1332 4510 An
1343 4454 1450 4514 saltem

234 4529 392 4606 aliquando
405 4529 528 4606 singulis
543 4531 730 4591 conferatur?

273 4609 347 4668 VII.
371 4609 498 4682 Quaestio
513 4630 547 4666 00
562 4611 644 4684 redit,
671 4611 720 4668 An
745 4611 890 4686 gratuitus
907 4611 964 4670 Dei
982 4611 1065 4672 favor
1083 4621 1142 4672 tam
1162 4611 1289 4690 benigne
1314 4613 1449 4690 singulos

234 4688 379 4765 respiciat,
400 4695 432 4746 ut
460 4689 603 4764 omnibus,
634 4692 697 4748 sive
727 4691 869 4766 Ethnicis,
899 4693 961 4750 sive
990 4692 1171 4766 Christianis,
1198 4693 1374 4768 latentibus,
1394 4703 1448 4752 aut

547 3013 586 3071 V.
608 3014 673 3072 Non
686 3014 836 3090 -quacritur
863 3013 899 3072 de
921 3014 1115 3090 qualicunque
1137 3013 1231 3090 gratia
1252 3014 1316 3073 sive
1331 3015 1458 3090 auxilio,
1549 2991 1550 3042 3

1544 3297 1550 3504 l

1543 3765 1550 4170 l
