3150 5206
149 355 259 406 oumsr.
276 335 311 418 1.]
487 359 525 398 ns
549 359 681 400 reasons
704 361 740 400 nr
762 361 856 402 s'ruru
877 361 1003 403 cuarsrr.
1297 347 1355 405 253

149 506 346 557 surrexemnt.
390 496 514 560 Accedit
527 499 603 558 fama
623 501 824 560 vaticiniorum
846 523 1033 580 paganorum,
1049 503 1155 580 quibus
1169 503 1224 581 ipsi
1239 505 1357 566 Ethnici

149 579 423 654 commovebantur;
454 579 518 654 Quo
541 588 671 658 spectant
694 582 751 640 ista
774 582 905 660 Josephi,
935 584 985 660 qui
1012 584 1082 642 dicit
1109 593 1178 642 tuuc
1206 584 1356 660 impletum

147 663 258 738 mapali
269 657 305 716 de
321 655 402 734 Rege
417 659 479 717 orbi
490 659 671 718 dominaturo
684 680 723 718 ex
737 661 863 738 ipsorum
877 663 984 721 finibus
999 663 1128 738 oriundo,
1141 673 1169 722 et
1186 663 1315 722 Suetonii
1326 667 1357 724 in

147 738 283 814 Vespasi.
295 757 357 815 cap.
370 737 418 812 iv,
436 738 669 798 “Percrebuerat
684 740 800 800 Oriente
811 750 872 800 toto
883 751 967 801 votus
982 751 1011 801 et
1025 753 1160 801 constans
1171 743 1277 819 opinio,
1292 765 1356 805 essa

147 817 177 874 in
192 817 269 890 fatis,
290 825 324 876 ut
346 837 380 875 eo
398 824 525 894 tempore
538 820 659 896 profecti
673 820 694 878 J
697 820 779 878 udaea
791 841 885 879 rerum
900 823 1089 898 potirentur.'’
1132 823 1217 896 Quod
1231 843 1299 882 saue
1319 825 1356 884 ad

148 896 371 972 Vespasianum,
387 897 524 974 quicquid
540 899 695 957 Suetonius
708 899 794 973 dicat,
817 920 874 958 non
893 901 1073 978 pertinuisse,
1090 901 1141 960 sed
1155 903 1193 960 ad
1209 902 1355 962 Christum

147 983 249 1034 natum
263 985 293 1034 et
306 995 422 1052 passum
438 978 523 1053 paulo
537 987 603 1036 ante
618 987 747 1056 tempora
761 980 933 1057 Vespasiani
948 1001 993 1040 res
1007 983 1071 1058 ipsa
1080 981 1215 1058 loquitur,
1232 991 1261 1041 ct
1275 985 1354 1059 quis·

130 1099 134 1110 .
147 1056 214 1132 quis
228 1055 398 1132 expenderit
412 1058 508 1115 omnia
521 1058 661 1136 prodigia,
674 1078 738 1135 quae
752 1068 911 1118 evenerunt
925 1061 1000 1120 circa
1014 1061 1121 1120 natalia
1137 1061 1252 1136 Christi,
1264 1063 1356 1122 relata

148 1135 251 1194 Oresio
266 1135 381 1210 stabis,
397 1135 480 1194 facile
502 1145 639 1214 agnoscet
659 1146 728 1196 tunc
746 1147 878 1197 naturam
891 1140 1058 1217 parturiisse
1075 1141 1186 1218 Regem
1200 1150 1353 1200 venturum

147 1234 185 1272 ex
208 1213 334 1288 Oriente,
360 1213 406 1272 cui
425 1235 455 1274 se
478 1217 620 1293 subjicere
642 1218 787 1293 deberent,
808 1228 950 1296 quotquot
971 1220 1081 1279 vellent
1094 1220 1169 1278 salvi
1183 1241 1255 1280 esse.
1297 1222 1354 1297 Qui

147 1295 232 1370 plura
252 1293 376 1352 voluerit
397 1297 528 1355 consulat
551 1297 705 1355 Raimundi
728 1299 745 1330 “
758 1298 918 1376 Pugionem
938 1299 1036 1375 fidei,’'
1061 1300 1138 1358 Part.
1153 1301 1182 1358 ii.
1199 1321 1223 1359 o.
1241 1304 1287 1375 10,
1303 1302 1353 1378 qui

148 1373 509 1432 'testimoniaJudaeorum
524 1376 581 1435 huc
594 1376 768 1453 pertinentia
782 1379 909 1455 collegit.

184 1471 276 1516 Fontes
287 1471 355 1517 solu·
450 1454 615 1514 XXXIII.
638 1457 721 1515 Elias
731 1458 782 1534 qui
791 1457 952 1535 praecedere
966 1458 1066 1518 debuit
1078 1459 1223 1533 Messinm,
1236 1478 1294 1518 non
1308 1469 1353 1520 est

220 1530 324 1574 nonum.
409 1533 562 1594 ‘Ihesbites
583 1536 621 1593 ad
640 1536 761 1610 literam,
788 1538 839 1596 sed
860 1538 1009 1614 analogice
1024 1547 1052 1596 et
1066 1538 1188 1616 figurate
1201 1539 1353 1600 Johannes

148 1615 291 1692 Baptista,
303 1623 419 1692 propter
428 1614 653 1690 similitudinem,
665 1636 730 1692 quae
741 1616 784 1673 illi
798 1636 862 1674 eum
878 1618 944 1676 Elia
957 1618 1118 1676 intercessit
1132 1618 1162 1674 in
1176 1619 1239 1676 zelo
1253 1626 1283 1676 et
1296 1619 1352 1678 fer·

147 1715 228 1768 vore,
241 1695 309 1770 quia
319 1702 457 1754 venturus
468 1694 522 1753 fuit
531 1695 561 1752 in
572 1695 674 1770 spiritu
685 1703 714 1754 et
722 1695 828 1754 virtute
844 1696 925 1770 Elia,
943 1696 1013 1754 Luc.
1030 1697 1048 1754 i.
1066 1701 1112 1773 17,
1129 1697 1234 1755 Matth.
1250 1696 1290 1756 xi.
1304 1702 1350 1775 14,

147 1783 181 1833 ut
196 1775 321 1832 Messias
336 1793 411 1850 sape
426 1772 524 1831 David
537 1773 650 1850 dicitur,
666 1775 688 1834 J
690 1793 729 1832 er.
744 1795 816 1832 xxx.
829 1777 857 1849 9,
867 1782 896 1832 et
907 1776 980 1833 Hos.
992 1775 1032 1832 iii.
1044 1777 1072 1833 5.

190 1853 350 1912 XXXIV.
366 1854 446 1911 Finis
454 1854 571 1928 dierum,
584 1853 645 1911 sive
654 1854 794 1912 aooissiori
803 1854 869 1928 dias,
882 1854 939 1913 Isa.
949 1854 978 1912 ii.
989 1859 1016 1928 2,
1029 1853 1134 1930 quibus
1144 1861 1284 1913 venturus
1297 1855 1350 1916 fuit
1409 1907 1410 1910 ,

147 1932 285 2006 Messias,
299 1929 357 1991 non
370 1941 473 1991 notent
486 1933 572 1991 linem
586 1933 694 2009 mundi,
711 1933 762 1991 sed
776 1935 901 2014 πλίςυμι
914 1959 1011 2013 uagus,
1028 1953 1078 1992 seu
1092 1932 1223 1992 ultimam
1237 1934 1346 2012 dispen-

148 2013 299 2086 sationem,
315 2021 381 2090 post
394 2031 481 2088 quam
494 2013 574 2071 nulla
588 2012 645 2070 alia
659 2014 838 2090 expectanda
859 2023 911 2087 est,
928 2013 980 2072 sed
994 2014 1055 2071 sola
1074 2013 1227 2071 aeternitas.
1270 2015 1352 2074 Finis

146 2112 219 2168 ergo
233 2091 344 2150 dierum
366 2099 487 2150 vocatur
507 2111 565 2150 non
589 2091 727 2166 absolute,
751 2093 802 2151 sed
826 2097 987 2170 comparate
1006 2093 1116 2151 ratione
1130 2092 1350 2169 praecedentium

148 2179 319 2248 temporum,
344 2172 412 2248 quia
436 2170 522 2229 finem
546 2169 646 2230 afferre
670 2171 831 2230 debuerunt
853 2173 921 2230 Vet.
954 2173 1032 2231 Test.
1086 2173 1186 2248 Usque
1214 2173 1252 2230 ed
1280 2173 1352 2232 illud

148 2258 263 2327 tempus
273 2251 368 2309 omnia
376 2250 467 2309 veluti
477 2269 615 2326 suspensa
624 2259 712 2326 erant,
723 2260 753 2310 et
762 2251 920 2328 jubebatur
933 2251 1057 2329 populus
1071 2251 1108 2309 ad
1123 2252 1261 2310 Messinm
1276 2273 1347 2311 sem·

147 2349 201 2407 per
212 2329 361 2406 respicere,
376 2337 406 2388 et
420 2349 499 2406 spem
513 2349 594 2388 suam
609 2330 731 2406 differre,
747 2350 800 2389 nec
816 2331 846 2388 in
861 2331 1051 2409 presentibus
1065 2332 1174 2390 umbris
1189 2331 1288 2391 oculos
1302 2331 1346 2391 de·

148 2409 248 2486 figere.
292 2409 350 2468 Sed
373 2429 425 2486 per
448 2409 604 2467 adventum
630 2410 737 2468 Christi
761 2410 829 2469 data
852 2419 897 2470 est
920 2409 1069 2489 plenitudo
1097 2410 1217 2487 dierum,
1241 2411 1271 2470 iu
1294 2431 1352 2489 qna

151 2487 291 2546 Ecclesia
302 2509 354 2547 sua
364 2487 541 2547 restituenda
554 2487 608 2546 fuit
621 2489 780 2566 integritas.

193 2567 334 2627 XXXV.
357 2567 452 2642 Quum
465 2569 550 2626 Mons
560 2569 679 2627 Domini
691 2569 974 2628 diciturcxtollcndus
984 2589 1069 2646 super
1082 2571 1153 2628 alios
1163 2579 1275 2645 montes,
1292 2569 1349 2629 Isa.

148 2646 179 2705 ii.
196 2651 223 2722 2,
241 2655 366 2724 tempore
382 2647 506 2722 Massia,
523 2646 676 2706 Oraculnm
691 2649 746 2707 hoc
767 2669 825 2708 uon
845 2650 959 2727 proprie
973 2658 1003 2707 et
1022 2649 1173 2708 literaliter
1186 2658 1229 2708 est
1244 2649 1349 2708 intelli·

149 2727 287 2803 gendum,
309 2727 387 2803 quod
401 2727 462 2785 sine
484 2726 660 2786 absurditate
682 2728 739 2786 dici
759 2748 817 2786 non
837 2737 953 2805 possot;
976 2728 1028 2787 sed
1048 2729 1169 2804 mystice
1190 2727 1226 2786 de
1241 2728 1349 2786 exalta-

147 2807 229 2865 tione
242 2805 390 2882 Eoclesiae,
406 2824 471 2883 quas
491 2805 598 2882 passim
618 2825 669 2884 per
689 2815 816 2865 montem
845 2807 970 2881 Domini,
993 2816 1022 2865 et
1042 2815 1167 2872 montem
1192 2807 1262 2865 Sion
1276 2807 1350 2867 solet

148 2885 305 2962 designari,
321 2895 461 2962 quatenus
482 2885 512 2942 in
526 2905 561 2943 ea
580 2885 693 2944 refulsit
714 2886 771 2944 Dei
790 2887 934 2962 majestas,
964 2887 1013 2961 qui
1035 2885 1196 2944 Sacrarium
1211 2905 1294 2942 suum
1308 2885 1350 2944 ibi
1439 2933 1442 2939 .

148 2965 244 3024 voluit
257 2965 417 3040 collocara;
440 2963 525 3024 Unde
540 2984 599 3023 vox
621 2964 775 3040 Evangelii
789 2985 840 3041 par
860 2973 952 3023 totum
973 2965 1071 3022 orbem
1099 2964 1197 3022 audita
1216 2972 1267 3037 est,
1284 2983 1349 3040 quas

148 3063 204 3102 nos
218 3044 256 3101 ed
270 3044 373 3102 crolum
387 3063 478 3120 usque
493 3045 636 3119 eveheret,
652 3052 682 3102 et
700 3044 849 3102 Vexillum
864 3043 901 3101 ad
915 3063 1014 3101 omnes
1029 3051 1130 3116 gentes
1144 3049 1279 3100 erectum.
1302 3043 1349 3101 Ita

149 3123 182 3180 in
196 3123 348 3182 Beraschit
376 3123 486 3196 Rabba,
517 3126 535 3156 ‘⁴
547 3125 634 3181 Mons
654 3141 786 3199 maguus,
809 3121 839 3179 id
860 3130 912 3196 est,
935 3121 1088 3180 Messias.''
1133 3121 1181 3179 Sic
1212 3129 1241 3178 ct
1262 3120 1348 3180 Aben

148 3203 234 3276 Ezra,
252 3204 270 3234 “
282 3203 368 3260 Mons
389 3202 443 3260 iste
458 3202 581 3260 Messias
596 3210 640 3260 est
660 3202 798 3260 altissime
819 3201 1002 3259 extollendus
1022 3200 1053 3256 in
1073 3199 1168 3258 medio
1188 3199 1348 3276 gentium.”

147 3281 233 3355 Quod
244 3280 359 3340 additur
370 3281 406 3339 de
420 3299 560 3340 concursu
574 3281 701 3339 omnium
716 3281 854 3357 gentium,
870 3299 930 3339 ver.
946 3283 973 3354 3,
989 3299 1047 3337 non
1058 3279 1154 3356 arguit
1167 3299 1254 3337 unam
1270 3281 1348 3338 Reli-

147 3360 264 3438 gionem
279 3368 390 3419 tantum
404 3379 467 3418 csse
481 3360 615 3419 debuIsse
634 3361 665 3417 in
678 3360 786 3418 mundo
807 3367 934 3436 tempore
956 3359 1063 3418 Christi
1075 3381 1081 3434 3
1106 3357 1164 3416 Sed
1179 3377 1280 3417 sensus
1294 3368 1346 3434 est,

147 3439 210 3498 fore
232 3439 392 3498 Ecclesiam
407 3439 584 3498 Catholicam
599 3459 637 3498 ex
651 3439 784 3498 omnibus
807 3439 921 3516 populis
945 3437 1195 3496 indiscriminatim
1210 3439 1348 3515 colligen-

147 3517 225 3592 dam,
240 3538 305 3594 quaa
314 3537 402 3576 unam
417 3518 608 3594 Religionem,
630 3538 773 3595 unamque
801 3517 886 3576 fidem
907 3518 937 3575 in
959 3517 1104 3577 Christum
1125 3517 1163 3575 sit
1175 3517 1348 3594 professura,

145 3596 227 3674 quod
241 3597 327 3656 etiam
341 3596 490 3674 impletum
504 3604 548 3655 est
563 3596 616 3655 sub
628 3598 663 3655 N.
679 3597 712 3654 Τ.

190 3675 350 3734 XXXVI.
372 3678 440 3734 Pax
453 3695 539 3751 quam
555 3676 679 3750 Messias
702 3676 842 3735 allaturus
855 3675 919 3750 luit,
934 3695 991 3733 non
1007 3675 1106 3734 debuit
1120 3694 1183 3734 csse
1203 3675 1349 3734 mundana

147 3763 178 3813 et
192 3774 337 3832 corporea,
353 3774 440 3831 qnam
454 3755 514 3814 suis
535 3773 594 3813 non
618 3755 827 3831 expectandam
844 3773 907 3814 csse
922 3754 1054 3812 Christus
1072 3773 1131 3812 non
1145 3754 1347 3830 dissimulavit,

149 3833 222 3892 Luc.
238 3834 289 3891 xii.
305 3837 352 3910 51,
368 3834 437 3892 Joh.
453 3834 514 3909 xiv,
530 3833 581 3891 sed
596 3833 762 3909 spiritualis,
778 3853 865 3910 quam
885 3833 1016 3891 Christus
1031 3841 1122 3891 morte
1137 3853 1189 3891 sua
1203 3833 1287 3890 nobis
1301 3851 1347 3890 ac·

147 3913 277 3990 quisivit,
294 3920 323 3971 et
335 3933 387 3990 per
414 3913 608 3989 Evangelium
629 3911 806 3988 predicavit.
849 3913 926 3970 Etsi
949 3912 1076 3986 “Lupus
1089 3911 1269 3969 habitaturus
1283 3930 1349 3968 cum

148 3991 259 4069 Agno”
275 3991 388 4067 dicitur,
405 3993 463 4050 Isa.
478 3992 518 4049 xi.
534 3994 561 4066 6,
576 3992 631 4050 hoc
645 3992 767 4068 figurate
781 3990 1001 4067 intelligendum
1024 3990 1224 4047 devocatione
1239 3995 1268 4046 et
1282 4007 1348 4046 con-

147 4071 282 4129 versione
297 4071 436 4130 Gentium
449 4090 502 4147 per
515 4089 601 4146 quarn
615 4079 717 4148 gentes
731 4070 913 4129 alienissimae
927 4069 995 4126 olim
1010 4087 1028 4125 a
1042 4066 1156 4124 Christo
1172 4067 1262 4124 instar
1276 4067 1349 4125 fera·

147 4169 221 4225 rum,
237 4151 268 4207 in
282 4150 380 4208 ovium
395 4149 503 4208 Christi
516 4169 665 4209 numerum
689 4149 789 4208 referri
802 4149 971 4221 debuemnt,
991 4154 1020 4204 et
1033 4144 1164 4202 homines
1177 4144 1230 4226 feri
1244 4153 1273 4204 et
1287 4165 1349 4204 cru-

147 4228 230 4286 deles
257 4229 349 4288 instar
374 4227 544 4304 belluarum,
574 4228 720 4288 cicurandi
748 4236 777 4287 et
803 4236 884 4287 tanta
910 4222 1130 4284 mansuetudine
1158 4223 1292 4297 donandi,
1318 4232 1351 4283 ut

148 4308 381 4366 communionem
394 4307 470 4367 inter
484 4326 515 4366 se
526 4307 631 4366 culturi
642 4309 707 4383 sint,
723 4317 752 4366 et
762 4308 803 4367 its
815 4305 930 4380 victuri,
941 4313 974 4363 nt
984 4321 1057 4381 quos
1070 4303 1194 4360 nocendi
1208 4301 1351 4378 cupiditas

147 4386 207 4444 huc
220 4387 291 4444 illuc
304 4386 445 4463 raptabat,
468 4386 545 4445 ultro
566 4387 695 4464 citroque
720 4386 821 4445 officiis
835 4384 971 4444 certaturi
994 4383 1060 4455 sint,
1085 4400 1201 4457 operam
1224 4399 1306 4438 suam
1320 4382 1350 4438 in

148 4485 332 4524 communem
346 4465 500 4525 utilitatem
515 4465 656 4540 collaturi,
671 4465 749 4541 quod
763 4465 932 4541 designatur
958 4481 1010 4538 per
1030 4461 1134 4518 ειιιιίιιιιι
1148 4469 1175 4518 ct
1188 4463 1351 4518 braccarum

147 4545 180 4601 ιἰι
194 4546 298 4620 &pones
312 4547 446 4620 atsalces,
469 4545 659 4604 instrumenta
683 4544 865 4620 agricultura
892 4552 1020 4618 tempora
1042 4538 1122 4616 pacis
1143 4537 1180 4596 ad
1202 4537 1348 4597 hominum

143 4641 234 4698 ‚usum
245 4622 397 4699 destinata,
408 4625 593 4700 mutationem,
601 4643 626 4684 c.
635 4624 698 4683 itt.
709 4624 770 4682 Nec
780 4623 865 4682 latuit
878 4622 934 4680 hoc
945 4619 1160 4693 Maimouidem,
1173 4617 1261 4694 quiin
1272 4637 1348 4677 sum·
