3108 5198
581 429 777 478 ramrarro.
1209 419 1288 484 xxiii

80 616 308 689 argumentum.
361 607 394 672 N
395 628 444 671 am
469 607 495 671 11
521 609 602 673 serio
617 610 756 691 persuasi
773 617 847 674 suut
864 611 902 676 de
916 611 1077 676 Doctrina
1104 633 1196 693 quam
1213 635 1289 696 pro-

81 707 205 770 fitentur
220 707 371 790 veritate,
389 707 499 787 ecquid
524 713 588 772 1111
603 709 735 773 sollicite
750 709 817 789 ejus
834 709 994 792 refugiunt
1015 731 1145 776 examen
1160 713 1171 775 l
1223 713 1286 778 Cur

81 813 128 868 tot
143 806 325 870 divortoula
342 812 374 870 et
391 807 534 888 ambages
559 807 728 887 quaruutl
781 807 843 870 Cur
869 829 930 872 non
958 809 1151 873 Constantini
1180 809 1287 894 Magni

84 903 119 966 ad
133 909 239 984 patres
255 903 407 968 Nicanos
424 904 584 970 consilium
609 913 787 986 sequuntur,
816 908 970 972 referente
1001 908 1206 991 Theodoroto,
1232 911 1285 991 qui

84 1001 147 1064 vult
175 1023 230 1068 eos
267 1010 319 1076 τὴν
351 1011 523 1078 routpertus
562 1010 759 1076 ἀπελάσαντας
787 1007 835 1082 ipro
860 1013 890 1068 ἐκ
917 1011 967 1068 τῶν
1000 1010 1174 1070 1111111111
1200 1018 1288 1091 λόγων

84 1103 175 1176 uedeo
190 1107 243 1163 τῶν
262 1104 430 1184 ζητουμένων
455 1109 500 1174 rtlr
524 1105 598 1165 λύσιν
612 1102 624 1164 1
675 1103 739 1170 Sed
753 1103 822 1186 quis
845 1125 906 1168 non
921 1104 1007 1170 videi
1030 1106 1089 1170 hoc
1106 1106 1286 1172 insidiosum

82 1205 112 1262 et
125 1199 214 1262 mala
225 1200 304 1264 fidei
322 1211 534 1277 commentum,
550 1221 614 1266 uon
631 1200 664 1266 iu
675 1201 768 1268 alium
781 1203 873 1268 finem
888 1203 1097 1284 excogitatum
1108 1225 1184 1282 esse,
1196 1226 1287 1285 qurum

83 1303 116 1358 ut
130 1299 320 1378 ἀνεξετάστως
334 1299 472 1379 recipere
487 1319 632 1382 cogamur
645 1300 789 1382 quiequid
806 1301 948 1365 Romam
961 1301 1106 1367 Pontifici
1120 1306 1288 1369 obtrudere

85 1393 227 1458 libueritl
295 1396 393 1474 Quasi
422 1397 470 1461 vel
509 1398 710 1477 possessionis
743 1405 899 1480 praetensa
932 1399 1130 1478 diuturnitas,
1162 1409 1194 1466 et
1224 1403 1283 1466 Jus

85 1494 336 1576 praescriptionis,
354 1493 435 1575 quod
458 1516 498 1560 ex
524 1495 579 1558 illa
601 1497 675 1560 oriri
699 1498 905 1578 presumitur,
922 1497 983 1562 Vel
999 1519 1147 1579 supremae
1163 1500 1287 1564 Autbo

85 1591 183 1655 1111111
208 1600 242 1657 11
269 1601 482 1670 ἀναμαρτησίας
513 1593 666 1675 gloriatio,
691 1596 730 1658 ab
755 1596 838 1660 omni
861 1596 1002 1661 examine
1028 1617 1097 1662 eurn
1126 1599 1286 1674 eximeret,

88 1695 117 1752 ct
139 1710 251 1756 cecam
279 1692 424 1756 omnibus
450 1693 637 1773 obsequendi
663 1694 877 1758 necessitatem
903 1696 1086 1775 imponeret.
1137 1696 1213 1774 Quis
1239 1703 1287 1760 ta·

87 1807 149 1851 men
175 1810 237 1853 non
261 1792 385 1854 fatetur
409 1791 524 1854 nullam
556 1797 665 1855 contra
692 1791 869 1855 Veritatem
910 1793 979 1855 dari
1007 1813 1097 1872 posse
1121 1794 1287 1874 praescrip-

88 1887 216 1951 tionemi
270 1888 321 1952 Ut
348 1888 502 1968 sapienter
530 1889 597 1969 jam
628 1889 700 1953 olim
732 1889 907 1952 observavit
938 1889 1090 1954 Tertull.:
1117 1897 1136 1925 “
1149 1889 1287 1955 Veritati

88 2003 170 2047 nemo
184 1987 391 2066 prescribere
405 1983 538 2067 potest,'’
564 1987 667 2067 inquit
683 1987 738 2050 lib.
753 1987 792 2050 de
809 1985 899 2050 Vela.
926 1987 1039 2069 Virg.;
1069 1994 1088 2022 “
1097 1985 1130 2050 N
1131 2009 1171 2051 on
1186 1988 1288 2069 spatia

90 2086 262 2163 temporum,
293 2104 360 2148 non
400 2084 574 2166 patrocinia
612 2104 821 2166 personarum,
864 2105 925 2150 non
965 2085 1158 2166 privilegium
1198 2086 1288 2152 Reli-

89 2175 233 2260 gionum.'‘
299 2181 369 2246 Imo
398 2183 455 2246 hac
486 2182 667 2264 exceptione
699 2183 788 2247 facile
814 2203 847 2247 se
872 2184 954 2247 tueri
981 2192 1109 2265 possent
1137 2184 1286 2262 Gentiles,

91 2281 216 2359 emendo
249 2301 324 2345 enm
352 2279 524 2346 Pontificiis
559 2301 621 2345 non
646 2281 756 2344 minori
796 2282 851 2345 sed
883 2283 997 2362 potiori
1019 2284 1092 2363 jure
1118 2283 1287 2366 longaevam

91 2393 168 2439 snum
182 2379 427 2459 possessionem
446 2379 498 2444 Ne
509 2379 576 2460 jam
593 2380 693 2444 dicam
710 2381 827 2444 frustra
840 2381 1059 2460 possessionem
1078 2383 1213 2458 obtrudi,
1226 2383 1286 2448 nisi

92 2476 261 2542 ostendatur
273 2496 369 2558 aquo
384 2485 524 2558 temporo
540 2478 699 2552 obtineat3
725 2477 780 2541 An
794 2499 813 2541 a
828 2478 1011 2559 quibusdam
1025 2481 1148 2544 demum
1163 2481 1285 2556 seculis,

93 2570 143 2634 An
157 2593 175 2636 1
187 2576 286 2655 prima
303 2582 397 2640 atate
414 2582 447 2640 et
472 2575 656 2657 Apostolioo
680 2576 827 2652 seculae
854 2597 914 2657 quo
928 2577 1026 2642 omnis
1051 2577 1189 2660 legitima
1217 2599 1287 2658 pos-

94 2672 225 2736 sessionis
239 2675 329 2756 origo
345 2674 379 2736 iu
395 2672 571 2756 Religionis
594 2675 718 2756 negotio
732 2674 872 2738 ducenda
900 2679 969 2738 est:
1022 2675 1110 2752 Quod
1133 2695 1202 2739 cnm
1231 2697 1287 2740 neo

93 2770 289 2846 prestiterint
306 2792 453 2854 unquam,
470 2792 527 2837 neo
555 2779 706 2853 prestare
720 2772 840 2852 possint
854 2771 887 2834 in
905 2779 1065 2854 aternum,
1081 2773 1203 2838 inanem
1219 2794 1286 2839 esse

95 2884 202 2931 omnem
215 2870 420 2950 possessionis
436 2869 649 2952 gloriationem
670 2875 803 2935 constat.
855 2869 916 2934 Sed
933 2891 994 2934 non
1010 2872 1110 2935 minus
1127 2891 1238 2934 vanum
1255 2879 1288 2936 et

96 2967 280 3032 temerarium
293 2975 345 3032 est
360 2989 510 3049 supremae
531 2968 746 3032 Authoritatis
762 2969 949 3049 figmentum,
963 2988 1053 3047 quam
1068 2974 1183 3047 prater
1198 2989 1286 3032 omne

94 3060 140 3138 jus
155 3070 185 3127 et
195 3066 241 3129 sas
256 3066 320 3131 sibi
337 3072 492 3148 arrogant,
510 3066 595 3130 utin
612 3067 740 3147 propria
764 3085 858 3129 causa
885 3065 907 3127 J
908 3064 1013 3128 udices
1035 3065 1183 3137 sedeant;
1210 3065 1286 3128 Cum

97 3167 204 3226 1111111
214 3165 272 3230 hoe
287 3164 392 3245 ipsum
406 3165 567 3245 essequod
581 3165 730 3228 internos
744 3162 878 3226 maxime
890 3161 1140 3239 controvertitur,
1158 3170 1191 3226 et
1206 3163 1287 3242 quod

98 3255 493 3327 11111111111111111111111
504 3263 692 3344 argumentis
704 3283 767 3326 nou
779 3262 872 3326 semel
887 3257 949 3324 aN
950 3260 1043 3325 ostris
1053 3266 1102 3325 est
1111 3261 1286 3342 probatum.

100 3351 207 3436 Ecquid
224 3361 309 3424 enim
327 3359 463 3441 Spiritus
480 3360 613 3424 Sanetus
628 3381 684 3424 nos
700 3359 793 3424 toties
821 3361 860 3423 ad
886 3359 1031 3440 legendas
1055 3367 1088 3424 ot
1105 3359 1287 3424 scrutandas

99 3449 272 3535 Scripturas,
289 3462 325 3522 et
339 3460 441 3522 omnia
456 3459 625 3540 probanda,
641 3459 735 3524 etiam
754 3457 890 3539 Spiritus
904 3457 999 3539 ipsos,
1018 3479 1057 3522 an
1072 3459 1136 3522 sint
1150 3479 1191 3521 ex
1207 3458 1286 3534 Deo,

98 3547 272 3634 hortaretur,
292 3556 319 3620 si
340 3557 449 3637 jurare
477 3557 510 3620 in
527 3559 623 3621 rerba
646 3557 838 3638 cujusquam,
863 3563 897 3620 et
922 3556 1014 3619 fidem
1041 3562 1178 3619 nostram
1204 3576 1288 3622 coeca

99 3647 260 3718 obedientia
293 3653 339 3717 illi
365 3654 507 3719 addicere
535 3653 730 3719 teneremur?
794 3653 925 3718 Jactent
950 3673 1024 3738 ergo
1050 3653 1287 3718 Antboritatem

99 3763 173 3810 11111111
203 3751 395 3816 infallibilem
426 3751 601 3829 Pontifices,
640 3758 674 3816 el
704 3753 744 3815 1111
770 3751 918 3816 Ecclesia)
949 3750 1099 3816 Tribunal
1123 3755 1288 3814 ἀνυπεύθυνον

100 3857 263 3920 provocent.
316 3849 384 3914 Nos
410 3849 502 3914 aliter
518 3851 675 3914 Christum
698 3849 810 3926 edocti,
826 3851 865 3913 ab
888 3849 955 3930 ejus
971 3849 1061 3913 unius
1076 3869 1129 3912 ore
1151 3848 1287 3929 pendere

101 3940 230 4012 volumus.
284 3946 377 4012 Hunc
394 3947 491 4012 solum
511 3948 545 4012 11
573 3948 723 4024 Ecclesia,
754 3955 791 4010 ut
807 3947 950 4012 Jndioem
971 3947 1161 4011 infallibilem
1175 3945 1286 4022 audiri,

102 4033 182 4105 Hune
202 4047 299 4109 solnm
326 4045 452 4109 admitti
464 4046 613 4128 cupimus,
629 4067 686 4110 neo
708 4046 791 4109 aliud
806 4045 956 4110 Tribunal
983 4064 1158 4127 supremum
1175 4063 1288 4125 agnos-

103 4133 196 4218 11111,
220 4163 312 4223 qnam
344 4143 521 4225 Scripturas
544 4144 665 4219 Sacrae,
693 4144 724 4206 iu
756 4144 866 4225 quibus
900 4142 973 4206 solis
994 4142 1079 4207 Dens
1112 4151 1203 4224 Atyaa
1231 4163 1288 4204 sua

104 4232 263 4312 amttam
278 4247 311 4304 et
325 4239 502 4321 plenissime
518 4243 558 4304 ad
572 4242 703 4305 salutem
717 4240 920 4322 consignavit.
965 4239 1020 4303 Aa
1035 4243 1117 4304 humo
1132 4239 1287 4302 Cononem

105 4345 165 4395 voro
186 4343 284 4410 ἀκλινῆ
297 4345 330 4402 11
358 4341 495 4418 detrecto
520 4340 623 4402 omnia
638 4339 790 4421 exigenda
812 4358 880 4402 esse
896 4338 1115 4418 pertendimus,
1137 4343 1174 4398 ut
1199 4355 1288 4398 nemo

107 4429 160 4501 ‘oo'
175 4439 187 4492 1
201 4441 357 4517 γὶγραπαι
372 4457 481 4518 sapere
496 4445 672 4517 praesumat.
725 4435 802 4501 Hac
818 4437 912 4501 etiam
929 4455 1018 4500 sacra
1033 4435 1192 4516 Cynosura
1208 4449 1286 4491 sem-

105 4540 151 4599 1111
164 4531 235 4596 mibi
249 4535 418 4618 proposita,
437 4555 456 4598 a
472 4555 534 4615 qua
545 4535 643 4599 sicubi
659 4553 823 4611 recessero,
836 4534 926 4600 facile
944 4535 1050 4614 patiar
1065 4551 1115 4593 me
1131 4532 1286 4590 ementem

18 4661 19 4696 ι
108 4621 175 4688 oTo
189 4632 308 4715 corrigi,
326 4639 359 4696 et
375 4631 408 4696 in
425 4632 505 4697 viam
522 4633 649 4706 reduoi;
678 4633 725 4697 sin
748 4633 868 4697 fidelem
885 4653 934 4694 me
965 4630 1032 4708 ojus
1059 4627 1286 4688 observatorem
