<?xml version="1.0" encoding="UTF-8"?>
<!DOCTYPE html PUBLIC "-//W3C//DTD XHTML 1.0 Transitional//EN"
    "http://www.w3.org/TR/xhtml1/DTD/xhtml1-transitional.dtd">
<html xmlns="http://www.w3.org/1999/xhtml" xml:lang="en" lang="en">
 <head>
  <title>
</title>
<meta http-equiv="Content-Type" content="text/html;charset=utf-8" />
  <meta name='ocr-system' content='tesseract 3.04.00' />
  <meta name='ocr-capabilities' content='ocr_page ocr_carea ocr_par ocr_line ocrx_word'/>
</head>
<body>
  <div class='ocr_page' id='page_1' title='image "./francisciturret00pictgoog_0292.png"; bbox 0 0 3150 5206; ppageno 0'>
   <div class='ocr_carea' id='block_1_1' title="bbox 136 371 1352 454">
    <p class='ocr_par' dir='ltr' id='par_1_1' title="bbox 136 371 1352 454">
     <span class='ocr_line' id='line_1_1' title="bbox 136 371 1352 454; baseline -0.002 -20"><span class='ocrx_word' id='word_1_1' title='bbox 136 393 251 444; x_wconf 74' lang='lat' dir='ltr'>auser.</span> <span class='ocrx_word' id='word_1_2' title='bbox 267 371 316 454; x_wconf 91' lang='lat' dir='ltr'>u.]</span> <span class='ocrx_word' id='word_1_3' title='bbox 505 390 544 430; x_wconf 84' lang='lat' dir='ltr'>nu</span> <span class='ocrx_word' id='word_1_4' title='bbox 559 389 693 431; x_wconf 81' lang='lat' dir='ltr'>rnnsoxn</span> <span class='ocrx_word' id='word_1_5' title='bbox 710 391 747 430; x_wconf 83' lang='lat' dir='ltr'>nr</span> <span class='ocrx_word' id='word_1_6' title='bbox 762 389 858 432; x_wconf 78' lang='lat' dir='ltr'>srnru</span> <span class='ocrx_word' id='word_1_7' title='bbox 873 391 999 432; x_wconf 80' lang='lat' dir='ltr'>crinrsrr.</span> <span class='ocrx_word' id='word_1_8' title='bbox 1296 377 1352 433; x_wconf 83' lang='lat'>261</span> 
     </span>
    </p>
   </div>
   <div class='ocr_carea' id='block_1_2' title="bbox 126 532 1350 1734">
    <p class='ocr_par' dir='ltr' id='par_1_2' title="bbox 126 532 1350 1734">
     <span class='ocr_line' id='line_1_2' title="bbox 129 532 1350 613; baseline -0.001 -19"><span class='ocrx_word' id='word_1_9' title='bbox 129 534 262 595; x_wconf 89' lang='lat' dir='ltr'>monium</span> <span class='ocrx_word' id='word_1_10' title='bbox 284 532 481 612; x_wconf 80' lang='lat' dir='ltr'><strong>perhibente?</strong></span> <span class='ocrx_word' id='word_1_11' title='bbox 532 533 574 592; x_wconf 94' lang='lat' dir='ltr'>Ut</span> <span class='ocrx_word' id='word_1_12' title='bbox 595 532 716 592; x_wconf 83' lang='lat' dir='ltr'>infirmae</span> <span class='ocrx_word' id='word_1_13' title='bbox 741 533 827 592; x_wconf 89' lang='lat' dir='ltr'>sortis</span> <span class='ocrx_word' id='word_1_14' title='bbox 840 533 981 610; x_wconf 89' lang='lat' dir='ltr'>homines,</span> <span class='ocrx_word' id='word_1_15' title='bbox 1001 533 1099 592; x_wconf 80' lang='lat' dir='ltr'>idiotae</span> <span class='ocrx_word' id='word_1_16' title='bbox 1122 540 1151 592; x_wconf 88' lang='lat' dir='ltr'>ct</span> <span class='ocrx_word' id='word_1_17' title='bbox 1171 533 1350 613; x_wconf 65' lang='grc' dir='ltr'>ὶγςέμματα,</span> 
     </span>
     <span class='ocr_line' id='line_1_3' title="bbox 128 613 1349 692; baseline 0 -18"><span class='ocrx_word' id='word_1_18' title='bbox 128 616 187 675; x_wconf 82' lang='lat' dir='ltr'>visi</span> <span class='ocrx_word' id='word_1_19' title='bbox 200 615 261 674; x_wconf 86' lang='lat' dir='ltr'>sint</span> <span class='ocrx_word' id='word_1_20' title='bbox 274 613 359 692; x_wconf 89' lang='lat' dir='ltr'>qnasi</span> <span class='ocrx_word' id='word_1_21' title='bbox 383 633 441 671; x_wconf 90' lang='lat' dir='ltr'>uno</span> <span class='ocrx_word' id='word_1_22' title='bbox 463 621 609 672; x_wconf 89' lang='lat' dir='ltr'>momento</span> <span class='ocrx_word' id='word_1_23' title='bbox 627 615 658 671; x_wconf 92' lang='lat' dir='ltr'>in</span> <span class='ocrx_word' id='word_1_24' title='bbox 678 613 859 673; x_wconf 89' lang='lat' dir='ltr'>doctissimos</span> <span class='ocrx_word' id='word_1_25' title='bbox 874 624 903 675; x_wconf 89' lang='lat' dir='ltr'>et</span> <span class='ocrx_word' id='word_1_26' title='bbox 917 613 1122 674; x_wconf 83' lang='lat' dir='ltr'>disertissimos</span> <span class='ocrx_word' id='word_1_27' title='bbox 1146 614 1349 691; x_wconf 84' lang='lat' dir='ltr'>transformati,</span> 
     </span>
     <span class='ocr_line' id='line_1_4' title="bbox 126 692 1350 774; baseline 0 -20"><span class='ocrx_word' id='word_1_28' title='bbox 126 696 296 774; x_wconf 89' lang='lat' dir='ltr'>linguarum</span> <span class='ocrx_word' id='word_1_29' title='bbox 321 693 450 753; x_wconf 90' lang='lat' dir='ltr'>omnium</span> <span class='ocrx_word' id='word_1_30' title='bbox 473 694 637 771; x_wconf 81' lang='lat' dir='ltr'>cognitione</span> <span class='ocrx_word' id='word_1_31' title='bbox 657 703 686 753; x_wconf 90' lang='lat' dir='ltr'>et</span> <span class='ocrx_word' id='word_1_32' title='bbox 708 713 803 753; x_wconf 90' lang='lat' dir='ltr'>rerum</span> <span class='ocrx_word' id='word_1_33' title='bbox 827 695 1018 753; x_wconf 89' lang='lat' dir='ltr'>maximarum</span> <span class='ocrx_word' id='word_1_34' title='bbox 1042 694 1145 753; x_wconf 87' lang='lat' dir='ltr'>notitia</span> <span class='ocrx_word' id='word_1_35' title='bbox 1166 692 1284 771; x_wconf 84' lang='lat' dir='ltr'>perfusi,</span> <span class='ocrx_word' id='word_1_36' title='bbox 1299 695 1350 773; x_wconf 93' lang='lat' dir='ltr'>qui</span> 
     </span>
     <span class='ocr_line' id='line_1_5' title="bbox 129 773 1349 854; baseline 0 -19"><span class='ocrx_word' id='word_1_37' title='bbox 129 795 248 835; x_wconf 85' lang='lat' dir='ltr'>causam</span> <span class='ocrx_word' id='word_1_38' title='bbox 272 774 392 834; x_wconf 92' lang='lat' dir='ltr'>Domini</span> <span class='ocrx_word' id='word_1_39' title='bbox 419 773 465 834; x_wconf 88' lang='lat' dir='ltr'>sui</span> <span class='ocrx_word' id='word_1_40' title='bbox 489 775 567 852; x_wconf 87' lang='lat' dir='ltr'>apud</span> <span class='ocrx_word' id='word_1_41' title='bbox 591 795 690 833; x_wconf 89' lang='lat' dir='ltr'>omnes</span> <span class='ocrx_word' id='word_1_42' title='bbox 712 775 863 853; x_wconf 89' lang='lat' dir='ltr'>intrepide,</span> <span class='ocrx_word' id='word_1_43' title='bbox 893 784 922 834; x_wconf 86' lang='lat' dir='ltr'>et</span> <span class='ocrx_word' id='word_1_44' title='bbox 948 795 1055 852; x_wconf 89' lang='lat' dir='ltr'>magna</span> <span class='ocrx_word' id='word_1_45' title='bbox 1082 795 1147 833; x_wconf 90' lang='lat' dir='ltr'>cnm</span> <span class='ocrx_word' id='word_1_46' title='bbox 1175 776 1300 854; x_wconf 67' lang='grc' dir='ltr'>παρῥησίᾳ</span> <span class='ocrx_word' id='word_1_47' title='bbox 1320 784 1349 835; x_wconf 91' lang='lat' dir='ltr'>et</span> 
     </span>
     <span class='ocr_line' id='line_1_6' title="bbox 128 855 1346 938; baseline -0.002 -22"><span class='ocrx_word' id='word_1_48' title='bbox 128 857 233 938; x_wconf 56' lang='lat' dir='ltr'>inceperit</span> <span class='ocrx_word' id='word_1_49' title='bbox 247 856 288 916; x_wconf 83' lang='lat' dir='ltr'>ita</span> <span class='ocrx_word' id='word_1_50' title='bbox 302 862 433 933; x_wconf 87' lang='lat' dir='ltr'>egerunt,</span> <span class='ocrx_word' id='word_1_51' title='bbox 457 855 639 933; x_wconf 76' lang='lat' dir='ltr'>Religionem</span> <span class='ocrx_word' id='word_1_52' title='bbox 660 875 719 914; x_wconf 89' lang='lat' dir='ltr'>non</span> <span class='ocrx_word' id='word_1_53' title='bbox 740 856 852 930; x_wconf 88' lang='lat' dir='ltr'>fucatis,</span> <span class='ocrx_word' id='word_1_54' title='bbox 868 855 1063 933; x_wconf 66' lang='lat' dir='ltr'>quaesitisque,</span> <span class='ocrx_word' id='word_1_55' title='bbox 1080 855 1132 914; x_wconf 88' lang='lat' dir='ltr'>sed</span> <span class='ocrx_word' id='word_1_56' title='bbox 1153 855 1231 914; x_wconf 85' lang='lat' dir='ltr'>veris</span> <span class='ocrx_word' id='word_1_57' title='bbox 1252 855 1346 930; x_wconf 89' lang='lat' dir='ltr'>claris,</span> 
     </span>
     <span class='ocr_line' id='line_1_7' title="bbox 127 934 1347 1014; baseline -0.002 -17"><span class='ocrx_word' id='word_1_58' title='bbox 127 946 157 997; x_wconf 87' lang='lat' dir='ltr'>ct</span> <span class='ocrx_word' id='word_1_59' title='bbox 186 935 267 997; x_wconf 92' lang='lat' dir='ltr'>omni</span> <span class='ocrx_word' id='word_1_60' title='bbox 298 935 468 1013; x_wconf 82' lang='lat' dir='ltr'>exceptione</span> <span class='ocrx_word' id='word_1_61' title='bbox 497 936 654 1014; x_wconf 89' lang='lat' dir='ltr'>majoribus</span> <span class='ocrx_word' id='word_1_62' title='bbox 675 935 853 1013; x_wconf 82' lang='lat' dir='ltr'>argumentis</span> <span class='ocrx_word' id='word_1_63' title='bbox 874 934 986 995; x_wconf 84' lang='lat' dir='ltr'>fortiter</span> <span class='ocrx_word' id='word_1_64' title='bbox 1010 935 1174 1010; x_wconf 87' lang='lat' dir='ltr'>asserendo,</span> <span class='ocrx_word' id='word_1_65' title='bbox 1195 944 1229 994; x_wconf 91' lang='lat' dir='ltr'>nt</span> <span class='ocrx_word' id='word_1_66' title='bbox 1256 945 1347 995; x_wconf 89' lang='lat' dir='ltr'>cater-</span> 
     </span>
     <span class='ocr_line' id='line_1_8' title="bbox 128 1015 1347 1093; baseline 0.002 -19"><span class='ocrx_word' id='word_1_67' title='bbox 128 1017 220 1078; x_wconf 85' lang='lat' dir='ltr'>vatim</span> <span class='ocrx_word' id='word_1_68' title='bbox 244 1025 274 1076; x_wconf 91' lang='lat' dir='ltr'>et</span> <span class='ocrx_word' id='word_1_69' title='bbox 298 1015 446 1074; x_wconf 84' lang='lat' dir='ltr'>turmatim</span> <span class='ocrx_word' id='word_1_70' title='bbox 470 1015 553 1092; x_wconf 88' lang='lat' dir='ltr'>quasi</span> <span class='ocrx_word' id='word_1_71' title='bbox 577 1016 615 1075; x_wconf 88' lang='lat' dir='ltr'>ad</span> <span class='ocrx_word' id='word_1_72' title='bbox 639 1016 833 1093; x_wconf 87' lang='lat' dir='ltr'>Evangelium</span> <span class='ocrx_word' id='word_1_73' title='bbox 854 1036 1025 1076; x_wconf 88' lang='lat' dir='ltr'>concursum</span> <span class='ocrx_word' id='word_1_74' title='bbox 1042 1016 1089 1091; x_wconf 91' lang='lat' dir='ltr'>sit,</span> <span class='ocrx_word' id='word_1_75' title='bbox 1106 1016 1347 1076; x_wconf 81' lang='lat' dir='ltr'>nonobstantibus</span> 
     </span>
     <span class='ocr_line' id='line_1_9' title="bbox 128 1095 1348 1236; baseline -0.002 -80"><span class='ocrx_word' id='word_1_76' title='bbox 128 1097 228 1191; x_wconf 81' lang='lat' dir='ltr'>minis,</span> <span class='ocrx_word' id='word_1_77' title='bbox 230 1096 354 1236; x_wconf 55' lang='lat' dir='ltr'>lidiifis&#39;</span> <span class='ocrx_word' id='word_1_78' title='bbox 370 1095 542 1172; x_wconf 79' lang='lat' dir='ltr'>carceribus,</span> <span class='ocrx_word' id='word_1_79' title='bbox 557 1097 715 1173; x_wconf 87' lang='lat' dir='ltr'>tormentis,</span> <span class='ocrx_word' id='word_1_80' title='bbox 732 1097 922 1174; x_wconf 88' lang='lat' dir='ltr'>omnibusque</span> <span class='ocrx_word' id='word_1_81' title='bbox 932 1105 1127 1156; x_wconf 89' lang='lat' dir='ltr'>extremorum</span> <span class='ocrx_word' id='word_1_82' title='bbox 1141 1095 1348 1174; x_wconf 83' lang='lat' dir='ltr'>suppliciorum</span> 
     </span>
     <span class='ocr_line' id='line_1_10' title="bbox 128 1196 286 1256; baseline 0 -20"><span class='ocrx_word' id='word_1_83' title='bbox 128 1197 230 1256; x_wconf 83' lang='lat' dir='ltr'>generi</span> <span class='ocrx_word' id='word_1_84' title='bbox 251 1196 286 1236; x_wconf 84' lang='lat' dir='ltr'>us</span> 
     </span>
     <span class='ocr_line' id='line_1_11' title="bbox 127 1255 1346 1412; baseline -0.002 -14"><span class='ocrx_word' id='word_1_85' title='bbox 127 1297 296 1400; x_wconf 51' lang='lat' dir='ltr'>appa</span> <span class='ocrx_word' id='word_1_86' title='bbox 309 1310 372 1398; x_wconf 50' lang='grc' dir='ltr'>αθ*</span> <span class='ocrx_word' id='word_1_87' title='bbox 396 1255 1346 1412; x_wconf 44' lang='grc' dir='ltr'>011111,111ἒὲ311ῑαῖ16ἓῗῖἒιὲἒὶἶῖἕίἃῗὶέἓιεοῖῗαῗίἴ</span> 
     </span>
     <span class='ocr_line' id='line_1_12' title="bbox 160 1359 1346 1516; baseline -0.008 -32"><span class='ocrx_word' id='word_1_88' title='bbox 160 1369 225 1484; x_wconf 48' lang='lat' dir='ltr'>‘lieni</span> <span class='ocrx_word' id='word_1_89' title='bbox 238 1369 372 1516; x_wconf 49' lang='lat' dir='ltr'>lgieohfflj</span> <span class='ocrx_word' id='word_1_90' title='bbox 393 1417 469 1476; x_wconf 77' lang='lat' dir='ltr'>anim</span> <span class='ocrx_word' id='word_1_91' title='bbox 495 1416 619 1476; x_wconf 87' lang='lat' dir='ltr'>Vocatio</span> <span class='ocrx_word' id='word_1_92' title='bbox 645 1419 785 1478; x_wconf 86' lang='lat' dir='ltr'>Gentinm</span> <span class='ocrx_word' id='word_1_93' title='bbox 794 1359 956 1496; x_wconf 88' lang='lat' dir='ltr'>pproprium</span> <span class='ocrx_word' id='word_1_94' title='bbox 982 1439 1054 1497; x_wconf 87' lang='lat' dir='ltr'>opus</span> <span class='ocrx_word' id='word_1_95' title='bbox 1073 1417 1193 1477; x_wconf 81' lang='lat' dir='ltr'>Messiae</span> <span class='ocrx_word' id='word_1_96' title='bbox 1207 1381 1294 1476; x_wconf 74' lang='lat' dir='ltr'>fucrit</span> <span class='ocrx_word' id='word_1_97' title='bbox 1308 1437 1346 1474; x_wconf 84' lang='lat' dir='ltr'>ex</span> 
     </span>
     <span class='ocr_line' id='line_1_13' title="bbox 155 1473 1343 1585; baseline -0.001 -28"><span class='ocrx_word' id='word_1_98' title='bbox 155 1475 267 1585; x_wconf 47' lang='lat'>{3¹:2⁰¹</span> <span class='ocrx_word' id='word_1_99' title='bbox 287 1473 331 1516; x_wconf 63' lang='lat'><em>‘¹²¹¹</em></span> <span class='ocrx_word' id='word_1_100' title='bbox 348 1486 363 1516; x_wconf 76' lang='lat'>⁸</span> <span class='ocrx_word' id='word_1_101' title='bbox 394 1495 526 1557; x_wconf 89' lang='lat' dir='ltr'>Oraculis</span> <span class='ocrx_word' id='word_1_102' title='bbox 541 1497 731 1576; x_wconf 90' lang='lat' dir='ltr'>Propheticis,</span> <span class='ocrx_word' id='word_1_103' title='bbox 748 1499 823 1560; x_wconf 84' lang='lat' dir='ltr'>Gan.</span> <span class='ocrx_word' id='word_1_104' title='bbox 839 1499 911 1557; x_wconf 88' lang='lat' dir='ltr'>xvii.</span> <span class='ocrx_word' id='word_1_105' title='bbox 928 1502 955 1575; x_wconf 82' lang='lat'>5,</span> <span class='ocrx_word' id='word_1_106' title='bbox 971 1507 1001 1558; x_wconf 87' lang='lat' dir='ltr'>et</span> <span class='ocrx_word' id='word_1_107' title='bbox 1015 1499 1088 1557; x_wconf 79' lang='lat' dir='ltr'>xlix,</span> <span class='ocrx_word' id='word_1_108' title='bbox 1105 1500 1153 1556; x_wconf 89' lang='lat'>10.</span> <span class='ocrx_word' id='word_1_109' title='bbox 1176 1497 1254 1556; x_wconf 90' lang='lat' dir='ltr'>Psal.</span> <span class='ocrx_word' id='word_1_110' title='bbox 1269 1497 1299 1556; x_wconf 91' lang='lat' dir='ltr'>ii.</span> <span class='ocrx_word' id='word_1_111' title='bbox 1315 1499 1343 1573; x_wconf 90' lang='lat'>8,</span> 
     </span>
     <span class='ocr_line' id='line_1_14' title="bbox 393 1577 1343 1656; baseline -0.003 -19"><span class='ocrx_word' id='word_1_112' title='bbox 393 1586 422 1637; x_wconf 85' lang='lat' dir='ltr'>et</span> <span class='ocrx_word' id='word_1_113' title='bbox 436 1577 509 1636; x_wconf 87' lang='lat' dir='ltr'>xxii.</span> <span class='ocrx_word' id='word_1_114' title='bbox 524 1583 572 1653; x_wconf 80' lang='lat'>27,</span> <span class='ocrx_word' id='word_1_115' title='bbox 589 1581 636 1656; x_wconf 89' lang='lat'>30,</span> <span class='ocrx_word' id='word_1_116' title='bbox 649 1587 678 1638; x_wconf 86' lang='lat' dir='ltr'>et</span> <span class='ocrx_word' id='word_1_117' title='bbox 691 1579 786 1638; x_wconf 84' lang='lat' dir='ltr'>lxviii.</span> <span class='ocrx_word' id='word_1_118' title='bbox 802 1581 849 1655; x_wconf 89' lang='lat'>31,</span> <span class='ocrx_word' id='word_1_119' title='bbox 866 1581 913 1655; x_wconf 78' lang='lat'>32,</span> <span class='ocrx_word' id='word_1_120' title='bbox 929 1586 959 1637; x_wconf 90' lang='lat' dir='ltr'>et</span> <span class='ocrx_word' id='word_1_121' title='bbox 979 1579 1061 1637; x_wconf 86' lang='lat' dir='ltr'>xlvii.</span> <span class='ocrx_word' id='word_1_122' title='bbox 1079 1583 1105 1652; x_wconf 83' lang='grc'>7,</span> <span class='ocrx_word' id='word_1_123' title='bbox 1122 1581 1150 1653; x_wconf 89' lang='grc'>8,</span> <span class='ocrx_word' id='word_1_124' title='bbox 1166 1580 1194 1652; x_wconf 87' lang='grc'>9,</span> <span class='ocrx_word' id='word_1_125' title='bbox 1210 1585 1299 1636; x_wconf 86' lang='lat' dir='ltr'>etex.</span> <span class='ocrx_word' id='word_1_126' title='bbox 1316 1581 1343 1652; x_wconf 77' lang='lat'>2,</span> 
     </span>
     <span class='ocr_line' id='line_1_15' title="bbox 128 1655 1344 1734; baseline -0.002 -18"><span class='ocrx_word' id='word_1_127' title='bbox 128 1659 158 1716; x_wconf 87' lang='grc'>3.</span> <span class='ocrx_word' id='word_1_128' title='bbox 180 1657 255 1717; x_wconf 86' lang='lat' dir='ltr'>Hos.</span> <span class='ocrx_word' id='word_1_129' title='bbox 270 1657 289 1716; x_wconf 93' lang='lat' dir='ltr'>i.</span> <span class='ocrx_word' id='word_1_130' title='bbox 307 1660 354 1734; x_wconf 90' lang='lat'>10,</span> <span class='ocrx_word' id='word_1_131' title='bbox 372 1660 419 1717; x_wconf 91' lang='lat'>11.</span> <span class='ocrx_word' id='word_1_132' title='bbox 440 1659 519 1718; x_wconf 87' lang='lat' dir='ltr'>Joel.</span> <span class='ocrx_word' id='word_1_133' title='bbox 533 1659 563 1718; x_wconf 91' lang='lat' dir='ltr'>ii.</span> <span class='ocrx_word' id='word_1_134' title='bbox 579 1662 627 1719; x_wconf 82' lang='lat'>28.</span> <span class='ocrx_word' id='word_1_135' title='bbox 650 1660 707 1718; x_wconf 86' lang='lat' dir='ltr'>Isa.</span> <span class='ocrx_word' id='word_1_136' title='bbox 723 1659 753 1717; x_wconf 91' lang='lat' dir='ltr'>ii.</span> <span class='ocrx_word' id='word_1_137' title='bbox 765 1664 793 1734; x_wconf 77' lang='lat'>2,</span> <span class='ocrx_word' id='word_1_138' title='bbox 809 1661 837 1734; x_wconf 86' lang='lat'>3,</span> <span class='ocrx_word' id='word_1_139' title='bbox 853 1667 882 1717; x_wconf 89' lang='lat' dir='ltr'>et</span> <span class='ocrx_word' id='word_1_140' title='bbox 896 1659 936 1716; x_wconf 85' lang='lat' dir='ltr'>xi.</span> <span class='ocrx_word' id='word_1_141' title='bbox 954 1660 999 1734; x_wconf 89' lang='lat'>10,</span> <span class='ocrx_word' id='word_1_142' title='bbox 1016 1666 1046 1717; x_wconf 88' lang='lat' dir='ltr'>et</span> <span class='ocrx_word' id='word_1_143' title='bbox 1059 1658 1121 1716; x_wconf 90' lang='lat' dir='ltr'>xlii.</span> <span class='ocrx_word' id='word_1_144' title='bbox 1139 1661 1164 1732; x_wconf 88' lang='lat' dir='ltr'>l,</span> <span class='ocrx_word' id='word_1_145' title='bbox 1177 1661 1205 1732; x_wconf 86' lang='grc'>4,</span> <span class='ocrx_word' id='word_1_146' title='bbox 1221 1663 1250 1714; x_wconf 89' lang='lat' dir='ltr'>et</span> <span class='ocrx_word' id='word_1_147' title='bbox 1270 1655 1344 1714; x_wconf 85' lang='lat' dir='ltr'>xlix.</span> 
     </span>
    </p>
   </div>
   <div class='ocr_carea' id='block_1_3' title="bbox 128 1737 1456 1816">
    <p class='ocr_par' dir='ltr' id='par_1_3' title="bbox 128 1737 1456 1816">
     <span class='ocr_line' id='line_1_16' title="bbox 128 1737 1456 1816; baseline -0.003 -18"><span class='ocrx_word' id='word_1_148' title='bbox 128 1738 267 1813; x_wconf 78' lang='lat' dir='ltr'>6,et1iv.</span> <span class='ocrx_word' id='word_1_149' title='bbox 285 1740 311 1813; x_wconf 96' lang='lat' dir='ltr'>l,</span> <span class='ocrx_word' id='word_1_150' title='bbox 328 1743 355 1814; x_wconf 79' lang='lat'>2,</span> <span class='ocrx_word' id='word_1_151' title='bbox 372 1747 400 1797; x_wconf 93' lang='lat' dir='ltr'>et</span> <span class='ocrx_word' id='word_1_152' title='bbox 424 1739 532 1816; x_wconf 86' lang='lat' dir='ltr'>passim</span> <span class='ocrx_word' id='word_1_153' title='bbox 557 1739 635 1814; x_wconf 90' lang='lat' dir='ltr'>alibi,</span> <span class='ocrx_word' id='word_1_154' title='bbox 659 1739 698 1798; x_wconf 89' lang='lat' dir='ltr'>Et</span> <span class='ocrx_word' id='word_1_155' title='bbox 719 1759 765 1798; x_wconf 91' lang='lat' dir='ltr'>res</span> <span class='ocrx_word' id='word_1_156' title='bbox 785 1739 849 1816; x_wconf 91' lang='lat' dir='ltr'>ipsa</span> <span class='ocrx_word' id='word_1_157' title='bbox 873 1738 985 1813; x_wconf 86' lang='lat' dir='ltr'>clamet,</span> <span class='ocrx_word' id='word_1_158' title='bbox 1002 1745 1031 1796; x_wconf 89' lang='lat' dir='ltr'>ct</span> <span class='ocrx_word' id='word_1_159' title='bbox 1044 1737 1229 1796; x_wconf 86' lang='lat' dir='ltr'>historiarum</span> <span class='ocrx_word' id='word_1_160' title='bbox 1243 1756 1344 1795; x_wconf 88' lang='lat' dir='ltr'>monu-</span> <span class='ocrx_word' id='word_1_161' title='bbox 1451 1776 1456 1785; x_wconf 85' lang='lat'><strong>·</strong></span> 
     </span>
    </p>
   </div>
   <div class='ocr_carea' id='block_1_4' title="bbox 126 1815 1347 3342">
    <p class='ocr_par' dir='ltr' id='par_1_4' title="bbox 126 1815 1347 3342">
     <span class='ocr_line' id='line_1_17' title="bbox 127 1815 1344 1896; baseline -0.002 -20"><span class='ocrx_word' id='word_1_162' title='bbox 127 1827 227 1877; x_wconf 87' lang='lat' dir='ltr'>menta</span> <span class='ocrx_word' id='word_1_163' title='bbox 240 1827 383 1878; x_wconf 85' lang='lat' dir='ltr'>testentur</span> <span class='ocrx_word' id='word_1_164' title='bbox 396 1820 451 1877; x_wconf 94' lang='lat' dir='ltr'>hoc</span> <span class='ocrx_word' id='word_1_165' title='bbox 462 1819 568 1880; x_wconf 87' lang='lat' dir='ltr'>factum</span> <span class='ocrx_word' id='word_1_166' title='bbox 584 1819 672 1878; x_wconf 87' lang='lat' dir='ltr'>hrisse</span> <span class='ocrx_word' id='word_1_167' title='bbox 693 1839 744 1896; x_wconf 90' lang='lat' dir='ltr'>per</span> <span class='ocrx_word' id='word_1_168' title='bbox 764 1818 966 1896; x_wconf 88' lang='lat' dir='ltr'>Evangelium‚</span> <span class='ocrx_word' id='word_1_169' title='bbox 983 1819 1023 1876; x_wconf 89' lang='lat' dir='ltr'>ita</span> <span class='ocrx_word' id='word_1_170' title='bbox 1043 1825 1076 1877; x_wconf 89' lang='lat' dir='ltr'>ut</span> <span class='ocrx_word' id='word_1_171' title='bbox 1099 1817 1183 1876; x_wconf 89' lang='lat' dir='ltr'>brevi</span> <span class='ocrx_word' id='word_1_172' title='bbox 1206 1815 1344 1894; x_wconf 89' lang='lat' dir='ltr'>temporis</span> 
     </span>
     <span class='ocr_line' id='line_1_18' title="bbox 127 1896 1344 1978; baseline -0.002 -21"><span class='ocrx_word' id='word_1_173' title='bbox 127 1899 224 1978; x_wconf 87' lang='lat' dir='ltr'>spatio</span> <span class='ocrx_word' id='word_1_174' title='bbox 238 1898 325 1976; x_wconf 88' lang='lat' dir='ltr'>longe</span> <span class='ocrx_word' id='word_1_175' title='bbox 339 1899 455 1978; x_wconf 85' lang='lat' dir='ltr'>lataque</span> <span class='ocrx_word' id='word_1_176' title='bbox 478 1921 531 1978; x_wconf 90' lang='lat' dir='ltr'>per</span> <span class='ocrx_word' id='word_1_177' title='bbox 553 1908 646 1959; x_wconf 86' lang='lat' dir='ltr'>totum</span> <span class='ocrx_word' id='word_1_178' title='bbox 671 1900 769 1958; x_wconf 91' lang='lat' dir='ltr'>orbem</span> <span class='ocrx_word' id='word_1_179' title='bbox 784 1898 1003 1958; x_wconf 86' lang='lat' dir='ltr'>disseminatum</span> <span class='ocrx_word' id='word_1_180' title='bbox 1016 1896 1110 1973; x_wconf 80' lang='lat' dir='ltr'>fucrit,</span> <span class='ocrx_word' id='word_1_181' title='bbox 1127 1905 1156 1956; x_wconf 87' lang='lat' dir='ltr'>et</span> <span class='ocrx_word' id='word_1_182' title='bbox 1171 1897 1281 1956; x_wconf 85' lang='lat' dir='ltr'>Gentes</span> <span class='ocrx_word' id='word_1_183' title='bbox 1291 1917 1344 1955; x_wconf 91' lang='lat' dir='ltr'>nn·</span> 
     </span>
     <span class='ocr_line' id='line_1_19' title="bbox 127 1977 1346 2057; baseline -0.002 -19"><span class='ocrx_word' id='word_1_184' title='bbox 127 1979 275 2057; x_wconf 88' lang='lat' dir='ltr'>diqnaque</span> <span class='ocrx_word' id='word_1_185' title='bbox 290 1979 328 2038; x_wconf 87' lang='lat' dir='ltr'>ad</span> <span class='ocrx_word' id='word_1_186' title='bbox 343 1979 489 2040; x_wconf 83' lang='lat' dir='ltr'>Christum</span> <span class='ocrx_word' id='word_1_187' title='bbox 514 1979 714 2056; x_wconf 87' lang='lat' dir='ltr'>confluxerint,</span> <span class='ocrx_word' id='word_1_188' title='bbox 730 1988 760 2039; x_wconf 92' lang='lat' dir='ltr'>et</span> <span class='ocrx_word' id='word_1_189' title='bbox 775 1979 902 2038; x_wconf 85' lang='lat' dir='ltr'>Caesares</span> <span class='ocrx_word' id='word_1_190' title='bbox 927 1978 982 2056; x_wconf 88' lang='lat' dir='ltr'>ipsi</span> <span class='ocrx_word' id='word_1_191' title='bbox 1003 1998 1037 2036; x_wconf 88' lang='lat' dir='ltr'>ac</span> <span class='ocrx_word' id='word_1_192' title='bbox 1057 1977 1154 2054; x_wconf 86' lang='lat' dir='ltr'>Reges</span> <span class='ocrx_word' id='word_1_193' title='bbox 1174 1997 1294 2036; x_wconf 87' lang='lat' dir='ltr'>coronas</span> <span class='ocrx_word' id='word_1_194' title='bbox 1316 1985 1346 2036; x_wconf 86' lang='lat' dir='ltr'>et</span> 
     </span>
     <span class='ocr_line' id='line_1_20' title="bbox 127 2057 1345 2138; baseline -0.002 -20"><span class='ocrx_word' id='word_1_195' title='bbox 127 2068 244 2137; x_wconf 85' lang='lat' dir='ltr'>sceptra</span> <span class='ocrx_word' id='word_1_196' title='bbox 268 2079 320 2118; x_wconf 86' lang='lat' dir='ltr'>sua</span> <span class='ocrx_word' id='word_1_197' title='bbox 334 2060 372 2118; x_wconf 86' lang='lat' dir='ltr'>ad</span> <span class='ocrx_word' id='word_1_198' title='bbox 386 2061 450 2138; x_wconf 89' lang='lat' dir='ltr'>ejus</span> <span class='ocrx_word' id='word_1_199' title='bbox 463 2060 552 2138; x_wconf 85' lang='lat' dir='ltr'>pedes</span> <span class='ocrx_word' id='word_1_200' title='bbox 567 2060 760 2138; x_wconf 80' lang='lat' dir='ltr'>subjecerint3</span> <span class='ocrx_word' id='word_1_201' title='bbox 784 2059 864 2119; x_wconf 92' lang='lat' dir='ltr'>Nihil</span> <span class='ocrx_word' id='word_1_202' title='bbox 875 2079 969 2118; x_wconf 79' lang='lat' dir='ltr'>causae</span> <span class='ocrx_word' id='word_1_203' title='bbox 984 2058 1043 2117; x_wconf 90' lang='lat' dir='ltr'>dici</span> <span class='ocrx_word' id='word_1_204' title='bbox 1055 2066 1159 2135; x_wconf 88' lang='lat' dir='ltr'>potest,</span> <span class='ocrx_word' id='word_1_205' title='bbox 1175 2078 1227 2117; x_wconf 90' lang='lat' dir='ltr'>cur</span> <span class='ocrx_word' id='word_1_206' title='bbox 1240 2057 1262 2117; x_wconf 91' lang='lat' dir='ltr'>J</span> <span class='ocrx_word' id='word_1_207' title='bbox 1263 2077 1345 2116; x_wconf 91' lang='lat' dir='ltr'>esum</span> 
     </span>
     <span class='ocr_line' id='line_1_21' title="bbox 126 2137 1222 2231; baseline -0.001 -33"><span class='ocrx_word' id='word_1_208' title='bbox 126 2149 271 2216; x_wconf 88' lang='lat' dir='ltr'>nostrum,</span> <span class='ocrx_word' id='word_1_209' title='bbox 286 2141 335 2200; x_wconf 82' lang='lat' dir='ltr'>vel</span> <span class='ocrx_word' id='word_1_210' title='bbox 348 2160 387 2199; x_wconf 88' lang='lat' dir='ltr'>cx</span> <span class='ocrx_word' id='word_1_211' title='bbox 400 2142 454 2200; x_wconf 87' lang='lat' dir='ltr'>hac</span> <span class='ocrx_word' id='word_1_212' title='bbox 469 2161 527 2200; x_wconf 89' lang='lat' dir='ltr'>una</span> <span class='ocrx_word' id='word_1_213' title='bbox 540 2150 608 2200; x_wconf 88' lang='lat' dir='ltr'>nota</span> <span class='ocrx_word' id='word_1_214' title='bbox 618 2161 720 2200; x_wconf 87' lang='lat' dir='ltr'>verum</span> <span class='ocrx_word' id='word_1_215' title='bbox 735 2139 873 2200; x_wconf 84' lang='lat' dir='ltr'>Messinm</span> <span class='ocrx_word' id='word_1_216' title='bbox 887 2139 976 2198; x_wconf 88' lang='lat' dir='ltr'>fuisse</span> <span class='ocrx_word' id='word_1_217' title='bbox 990 2159 1048 2197; x_wconf 88' lang='lat' dir='ltr'>non</span> <span class='ocrx_word' id='word_1_218' title='bbox 1063 2137 1222 2231; x_wconf 85' lang='lat' dir='ltr'>crcdamus.</span> 
     </span>
     <span class='ocr_line' id='line_1_22' title="bbox 143 2219 1345 2388; baseline -0.002 -28"><span class='ocrx_word' id='word_1_219' title='bbox 143 2259 366 2388; x_wconf 58' lang='lat' dir='ltr'>tantast.</span> <span class='ocrx_word' id='word_1_220' title='bbox 396 2221 732 2378; x_wconf 65' lang='lat' dir='ltr'>ahllalttttt</span> <span class='ocrx_word' id='word_1_221' title='bbox 748 2219 1345 2380; x_wconf 59' lang='lat' dir='ltr'>lnthttttlt‘ttltffttntnt?</span> 
     </span>
     <span class='ocr_line' id='line_1_23' title="bbox 159 2376 1343 2460; baseline -0.003 -19"><span class='ocrx_word' id='word_1_222' title='bbox 159 2376 205 2422; x_wconf 79' lang='lat'>¹¹¹²</span> <span class='ocrx_word' id='word_1_223' title='bbox 394 2383 437 2441; x_wconf 87' lang='lat' dir='ltr'>sia</span> <span class='ocrx_word' id='word_1_224' title='bbox 450 2391 591 2460; x_wconf 88' lang='lat' dir='ltr'>receptus,</span> <span class='ocrx_word' id='word_1_225' title='bbox 608 2390 637 2442; x_wconf 87' lang='lat' dir='ltr'>et</span> <span class='ocrx_word' id='word_1_226' title='bbox 650 2382 788 2442; x_wconf 87' lang='lat' dir='ltr'>doctrinae</span> <span class='ocrx_word' id='word_1_227' title='bbox 800 2383 863 2459; x_wconf 87' lang='lat' dir='ltr'>ejus</span> <span class='ocrx_word' id='word_1_228' title='bbox 877 2380 949 2440; x_wconf 87' lang='lat' dir='ltr'>fides</span> <span class='ocrx_word' id='word_1_229' title='bbox 957 2380 1058 2440; x_wconf 86' lang='lat' dir='ltr'>habita</span> <span class='ocrx_word' id='word_1_230' title='bbox 1066 2379 1168 2439; x_wconf 86' lang='lat' dir='ltr'>fuisset</span> <span class='ocrx_word' id='word_1_231' title='bbox 1179 2380 1209 2437; x_wconf 91' lang='lat' dir='ltr'>in</span> <span class='ocrx_word' id='word_1_232' title='bbox 1222 2379 1343 2447; x_wconf 91' lang='lat' dir='ltr'>mundo,</span> 
     </span>
     <span class='ocr_line' id='line_1_24' title="bbox 190 2439 1345 2547; baseline -0.003 -25"><span class='ocrx_word' id='word_1_233' title='bbox 190 2465 196 2478; x_wconf 95' lang='lat'>&#39;</span> <span class='ocrx_word' id='word_1_234' title='bbox 253 2494 258 2506; x_wconf 95' lang='lat'>·</span> <span class='ocrx_word' id='word_1_235' title='bbox 287 2439 331 2547; x_wconf 48' lang='lat' dir='ltr'>{u</span> <span class='ocrx_word' id='word_1_236' title='bbox 391 2470 435 2522; x_wconf 89' lang='lat' dir='ltr'>tot</span> <span class='ocrx_word' id='word_1_237' title='bbox 444 2463 589 2540; x_wconf 87' lang='lat' dir='ltr'>tantisque</span> <span class='ocrx_word' id='word_1_238' title='bbox 601 2463 816 2523; x_wconf 88' lang='lat' dir='ltr'>occurrentibus</span> <span class='ocrx_word' id='word_1_239' title='bbox 827 2461 984 2521; x_wconf 84' lang='lat' dir='ltr'>obstaculis</span> <span class='ocrx_word' id='word_1_240' title='bbox 995 2481 1068 2539; x_wconf 90' lang='lat' dir='ltr'>pene</span> <span class='ocrx_word' id='word_1_241' title='bbox 1082 2459 1345 2538; x_wconf 82' lang='lat' dir='ltr'>insuperabilibus;</span> 
     </span>
     <span class='ocr_line' id='line_1_25' title="bbox 393 2540 1344 2621; baseline -0.003 -20"><span class='ocrx_word' id='word_1_242' title='bbox 393 2543 467 2602; x_wconf 85' lang='lat' dir='ltr'>Tum</span> <span class='ocrx_word' id='word_1_243' title='bbox 482 2563 499 2601; x_wconf 89' lang='lat' dir='ltr'>a</span> <span class='ocrx_word' id='word_1_244' title='bbox 512 2552 593 2621; x_wconf 87' lang='lat' dir='ltr'>parte</span> <span class='ocrx_word' id='word_1_245' title='bbox 610 2544 716 2602; x_wconf 62' lang='lat' dir='ltr'>otmari</span> <span class='ocrx_word' id='word_1_246' title='bbox 728 2543 820 2620; x_wconf 90' lang='lat' dir='ltr'>ipsius</span> <span class='ocrx_word' id='word_1_247' title='bbox 831 2541 993 2618; x_wconf 86' lang='lat' dir='ltr'>Religionis</span> <span class='ocrx_word' id='word_1_248' title='bbox 1005 2540 1174 2617; x_wconf 85' lang='lat' dir='ltr'>fundatoris,</span> <span class='ocrx_word' id='word_1_249' title='bbox 1190 2541 1265 2598; x_wconf 80' lang='lat' dir='ltr'>Tum</span> <span class='ocrx_word' id='word_1_250' title='bbox 1280 2543 1344 2599; x_wconf 85' lang='lat' dir='ltr'>doc-</span> 
     </span>
     <span class='ocr_line' id='line_1_26' title="bbox 128 2619 1346 2700; baseline 0 -22"><span class='ocrx_word' id='word_1_251' title='bbox 128 2619 215 2679; x_wconf 82' lang='lat' dir='ltr'>trinoe</span> <span class='ocrx_word' id='word_1_252' title='bbox 224 2620 310 2697; x_wconf 72' lang='lat' dir='ltr'>apcius</span> <span class='ocrx_word' id='word_1_253' title='bbox 318 2622 517 2699; x_wconf 74' lang='lat' dir='ltr'>praedicandae,</span> <span class='ocrx_word' id='word_1_254' title='bbox 530 2624 605 2683; x_wconf 80' lang='lat' dir='ltr'>&#39;Irim</span> <span class='ocrx_word' id='word_1_255' title='bbox 615 2625 784 2683; x_wconf 84' lang='lat' dir='ltr'>Praeconnm</span> <span class='ocrx_word' id='word_1_256' title='bbox 798 2623 934 2700; x_wconf 89' lang='lat' dir='ltr'>ipsorum,</span> <span class='ocrx_word' id='word_1_257' title='bbox 950 2621 1025 2680; x_wconf 87' lang='lat' dir='ltr'>Turn</span> <span class='ocrx_word' id='word_1_258' title='bbox 1036 2622 1155 2680; x_wconf 79' lang='lat' dir='ltr'>docendi</span> <span class='ocrx_word' id='word_1_259' title='bbox 1163 2621 1247 2678; x_wconf 83' lang='lat' dir='ltr'>modi.</span> <span class='ocrx_word' id='word_1_260' title='bbox 1271 2620 1346 2679; x_wconf 90' lang='lat' dir='ltr'>Nam</span> 
     </span>
     <span class='ocr_line' id='line_1_27' title="bbox 128 2699 1346 2781; baseline -0.002 -22"><span class='ocrx_word' id='word_1_261' title='bbox 128 2699 156 2759; x_wconf 88' lang='lat' dir='ltr'>si</span> <span class='ocrx_word' id='word_1_262' title='bbox 172 2700 301 2760; x_wconf 75' lang='lat' dir='ltr'>Clarr&#39;abae</span> <span class='ocrx_word' id='word_1_263' title='bbox 315 2703 376 2780; x_wconf 87' lang='lat' dir='ltr'>ipsc</span> <span class='ocrx_word' id='word_1_264' title='bbox 391 2703 594 2764; x_wconf 84' lang='lat' dir='ltr'>attendebatur</span> <span class='ocrx_word' id='word_1_265' title='bbox 617 2704 755 2781; x_wconf 89' lang='lat' dir='ltr'>Princeps</span> <span class='ocrx_word' id='word_1_266' title='bbox 769 2710 799 2762; x_wconf 90' lang='lat' dir='ltr'>et</span> <span class='ocrx_word' id='word_1_267' title='bbox 820 2703 915 2779; x_wconf 87' lang='lat' dir='ltr'>Caput</span> <span class='ocrx_word' id='word_1_268' title='bbox 938 2700 1110 2779; x_wconf 86' lang='lat' dir='ltr'>Religionis,</span> <span class='ocrx_word' id='word_1_269' title='bbox 1125 2701 1212 2758; x_wconf 90' lang='lat' dir='ltr'>homo</span> <span class='ocrx_word' id='word_1_270' title='bbox 1232 2699 1301 2757; x_wconf 87' lang='lat' dir='ltr'>vilis</span> <span class='ocrx_word' id='word_1_271' title='bbox 1315 2700 1346 2757; x_wconf 94' lang='lat' dir='ltr'>in</span> 
     </span>
     <span class='ocr_line' id='line_1_28' title="bbox 129 2779 1347 2862; baseline -0.002 -21"><span class='ocrx_word' id='word_1_272' title='bbox 129 2781 258 2858; x_wconf 88' lang='lat' dir='ltr'>speciem</span> <span class='ocrx_word' id='word_1_273' title='bbox 270 2791 339 2859; x_wconf 89' lang='lat' dir='ltr'>erat,</span> <span class='ocrx_word' id='word_1_274' title='bbox 354 2791 444 2861; x_wconf 88' lang='lat' dir='ltr'>patre,</span> <span class='ocrx_word' id='word_1_275' title='bbox 460 2791 493 2844; x_wconf 91' lang='lat' dir='ltr'>nt</span> <span class='ocrx_word' id='word_1_276' title='bbox 516 2785 679 2862; x_wconf 87' lang='lat' dir='ltr'>putabatur,</span> <span class='ocrx_word' id='word_1_277' title='bbox 702 2783 793 2860; x_wconf 88' lang='lat' dir='ltr'>fabro,</span> <span class='ocrx_word' id='word_1_278' title='bbox 818 2782 926 2841; x_wconf 89' lang='lat' dir='ltr'>nullius</span> <span class='ocrx_word' id='word_1_279' title='bbox 949 2780 1100 2858; x_wconf 86' lang='lat' dir='ltr'>dignitatis</span> <span class='ocrx_word' id='word_1_280' title='bbox 1114 2788 1144 2839; x_wconf 87' lang='lat' dir='ltr'>at</span> <span class='ocrx_word' id='word_1_281' title='bbox 1157 2779 1282 2838; x_wconf 91' lang='lat' dir='ltr'>nominis</span> <span class='ocrx_word' id='word_1_282' title='bbox 1296 2787 1347 2838; x_wconf 89' lang='lat' dir='ltr'>aut</span> 
     </span>
     <span class='ocr_line' id='line_1_29' title="bbox 128 2859 1344 2943; baseline -0.002 -22"><span class='ocrx_word' id='word_1_283' title='bbox 128 2860 249 2938; x_wconf 86' lang='lat' dir='ltr'>ordinis,</span> <span class='ocrx_word' id='word_1_284' title='bbox 265 2863 324 2922; x_wconf 91' lang='lat' dir='ltr'>imo</span> <span class='ocrx_word' id='word_1_285' title='bbox 338 2883 355 2922; x_wconf 89' lang='lat' dir='ltr'>a</span> <span class='ocrx_word' id='word_1_286' title='bbox 368 2864 476 2942; x_wconf 88' lang='lat' dir='ltr'>proprii</span> <span class='ocrx_word' id='word_1_287' title='bbox 490 2865 589 2942; x_wconf 91' lang='lat' dir='ltr'>populi</span> <span class='ocrx_word' id='word_1_288' title='bbox 602 2864 777 2943; x_wconf 89' lang='lat' dir='ltr'>primoribus</span> <span class='ocrx_word' id='word_1_289' title='bbox 802 2870 983 2939; x_wconf 90' lang='lat' dir='ltr'>contemptus</span> <span class='ocrx_word' id='word_1_290' title='bbox 1005 2870 1034 2920; x_wconf 89' lang='lat' dir='ltr'>et</span> <span class='ocrx_word' id='word_1_291' title='bbox 1053 2859 1235 2919; x_wconf 87' lang='lat' dir='ltr'>contumeliis</span> <span class='ocrx_word' id='word_1_292' title='bbox 1250 2859 1344 2918; x_wconf 87' lang='lat' dir='ltr'>omnis</span> 
     </span>
     <span class='ocr_line' id='line_1_30' title="bbox 169 2938 1344 3024; baseline -0.003 -22"><span class='ocrx_word' id='word_1_293' title='bbox 169 2943 247 3002; x_wconf 88' lang='lat' dir='ltr'>neris</span> <span class='ocrx_word' id='word_1_294' title='bbox 271 2943 400 3021; x_wconf 81' lang='lat' dir='ltr'>affectus,</span> <span class='ocrx_word' id='word_1_295' title='bbox 423 2952 453 3004; x_wconf 89' lang='lat' dir='ltr'>et</span> <span class='ocrx_word' id='word_1_296' title='bbox 476 2945 594 3004; x_wconf 83' lang='lat' dir='ltr'>tandem</span> <span class='ocrx_word' id='word_1_297' title='bbox 616 2945 749 3024; x_wconf 85' lang='lat' dir='ltr'>captivus</span> <span class='ocrx_word' id='word_1_298' title='bbox 772 2943 884 3018; x_wconf 89' lang='lat' dir='ltr'>ductus,</span> <span class='ocrx_word' id='word_1_299' title='bbox 911 2951 940 3000; x_wconf 92' lang='lat' dir='ltr'>et</span> <span class='ocrx_word' id='word_1_300' title='bbox 955 2941 1031 3000; x_wconf 87' lang='lat' dir='ltr'>servi</span> <span class='ocrx_word' id='word_1_301' title='bbox 1046 2941 1076 2998; x_wconf 93' lang='lat' dir='ltr'>in</span> <span class='ocrx_word' id='word_1_302' title='bbox 1096 2959 1205 2998; x_wconf 88' lang='lat' dir='ltr'>morem</span> <span class='ocrx_word' id='word_1_303' title='bbox 1219 2938 1344 3014; x_wconf 84' lang='lat' dir='ltr'>vinctus,</span> 
     </span>
     <span class='ocr_line' id='line_1_31' title="bbox 128 2961 1347 3101; baseline -0.002 -21"><span class='ocrx_word' id='word_1_304' title='bbox 128 2961 297 3100; x_wconf 61' lang='lat' dir='ltr'>ddgellatus</span> <span class='ocrx_word' id='word_1_305' title='bbox 322 3032 351 3084; x_wconf 92' lang='lat' dir='ltr'>et</span> <span class='ocrx_word' id='word_1_306' title='bbox 373 3025 529 3084; x_wconf 87' lang='lat' dir='ltr'>cruciarius</span> <span class='ocrx_word' id='word_1_307' title='bbox 552 3025 655 3101; x_wconf 89' lang='lat' dir='ltr'>factus,</span> <span class='ocrx_word' id='word_1_308' title='bbox 679 3025 770 3084; x_wconf 89' lang='lat' dir='ltr'>instar</span> <span class='ocrx_word' id='word_1_309' title='bbox 793 3021 950 3100; x_wconf 87' lang='lat' dir='ltr'>perduellis</span> <span class='ocrx_word' id='word_1_310' title='bbox 964 3029 992 3080; x_wconf 89' lang='lat' dir='ltr'>et</span> <span class='ocrx_word' id='word_1_311' title='bbox 1018 3019 1182 3097; x_wconf 88' lang='lat' dir='ltr'>Majcstatis</span> <span class='ocrx_word' id='word_1_312' title='bbox 1196 3018 1303 3076; x_wconf 83' lang='lat' dir='ltr'>divinae</span> <span class='ocrx_word' id='word_1_313' title='bbox 1318 3027 1347 3078; x_wconf 88' lang='lat' dir='ltr'>et</span> 
     </span>
     <span class='ocr_line' id='line_1_32' title="bbox 129 3098 1343 3184; baseline -0.003 -22"><span class='ocrx_word' id='word_1_314' title='bbox 129 3103 266 3163; x_wconf 85' lang='lat' dir='ltr'>humanae</span> <span class='ocrx_word' id='word_1_315' title='bbox 287 3103 364 3164; x_wconf 86' lang='lat' dir='ltr'>laesae</span> <span class='ocrx_word' id='word_1_316' title='bbox 387 3105 438 3182; x_wconf 89' lang='lat' dir='ltr'>rei,</span> <span class='ocrx_word' id='word_1_317' title='bbox 464 3106 564 3165; x_wconf 88' lang='lat' dir='ltr'>infami</span> <span class='ocrx_word' id='word_1_318' title='bbox 587 3107 668 3184; x_wconf 90' lang='lat' dir='ltr'>ligno</span> <span class='ocrx_word' id='word_1_319' title='bbox 690 3103 804 3162; x_wconf 88' lang='lat' dir='ltr'>affixus.</span> <span class='ocrx_word' id='word_1_320' title='bbox 847 3102 918 3178; x_wconf 88' lang='lat' dir='ltr'>Quis</span> <span class='ocrx_word' id='word_1_321' title='bbox 942 3121 1012 3160; x_wconf 88' lang='lat' dir='ltr'>vero</span> <span class='ocrx_word' id='word_1_322' title='bbox 1037 3099 1169 3158; x_wconf 88' lang='lat' dir='ltr'>arbitrari</span> <span class='ocrx_word' id='word_1_323' title='bbox 1191 3098 1343 3176; x_wconf 86' lang='lat' dir='ltr'>potuisset,</span> 
     </span>
     <span class='ocr_line' id='line_1_33' title="bbox 132 3178 1346 3261; baseline -0.003 -19"><span class='ocrx_word' id='word_1_324' title='bbox 132 3183 230 3242; x_wconf 87' lang='lat' dir='ltr'>Deum</span> <span class='ocrx_word' id='word_1_325' title='bbox 244 3193 304 3244; x_wconf 89' lang='lat' dir='ltr'>tam</span> <span class='ocrx_word' id='word_1_326' title='bbox 319 3185 372 3244; x_wconf 84' lang='lat' dir='ltr'>vili</span> <span class='ocrx_word' id='word_1_327' title='bbox 386 3194 488 3245; x_wconf 88' lang='lat' dir='ltr'>ettam</span> <span class='ocrx_word' id='word_1_328' title='bbox 510 3187 625 3261; x_wconf 86' lang='lat' dir='ltr'>misero,</span> <span class='ocrx_word' id='word_1_329' title='bbox 641 3193 673 3244; x_wconf 89' lang='lat' dir='ltr'>ut</span> <span class='ocrx_word' id='word_1_330' title='bbox 697 3184 858 3258; x_wconf 88' lang='lat' dir='ltr'>videbatur,</span> <span class='ocrx_word' id='word_1_331' title='bbox 874 3181 1066 3240; x_wconf 88' lang='lat' dir='ltr'>homuncione</span> <span class='ocrx_word' id='word_1_332' title='bbox 1089 3178 1126 3238; x_wconf 91' lang='lat' dir='ltr'>ad</span> <span class='ocrx_word' id='word_1_333' title='bbox 1146 3186 1258 3238; x_wconf 87' lang='lat' dir='ltr'>tantum</span> <span class='ocrx_word' id='word_1_334' title='bbox 1273 3199 1346 3258; x_wconf 88' lang='lat' dir='ltr'>opus</span> 
     </span>
     <span class='ocr_line' id='line_1_34' title="bbox 129 3258 1347 3342; baseline -0.003 -20"><span class='ocrx_word' id='word_1_335' title='bbox 129 3265 330 3342; x_wconf 87' lang='lat' dir='ltr'>peragendum</span> <span class='ocrx_word' id='word_1_336' title='bbox 345 3266 388 3324; x_wconf 91' lang='lat' dir='ltr'>uti</span> <span class='ocrx_word' id='word_1_337' title='bbox 401 3266 553 3326; x_wconf 83' lang='lat' dir='ltr'>voluisse?</span> <span class='ocrx_word' id='word_1_338' title='bbox 574 3266 657 3325; x_wconf 84' lang='lat' dir='ltr'>Certe</span> <span class='ocrx_word' id='word_1_339' title='bbox 671 3266 695 3326; x_wconf 88' lang='lat' dir='ltr'>J</span> <span class='ocrx_word' id='word_1_340' title='bbox 696 3263 786 3324; x_wconf 85' lang='lat' dir='ltr'>udaeis</span> <span class='ocrx_word' id='word_1_341' title='bbox 808 3263 966 3322; x_wconf 89' lang='lat' dir='ltr'>maximum</span> <span class='ocrx_word' id='word_1_342' title='bbox 985 3260 1041 3320; x_wconf 93' lang='lat' dir='ltr'>hoc</span> <span class='ocrx_word' id='word_1_343' title='bbox 1056 3259 1223 3320; x_wconf 86' lang='lat' dir='ltr'>scandalum</span> <span class='ocrx_word' id='word_1_344' title='bbox 1238 3258 1301 3336; x_wconf 81' lang='lat' dir='ltr'>fuit,</span> <span class='ocrx_word' id='word_1_345' title='bbox 1317 3268 1347 3320; x_wconf 93' lang='lat' dir='ltr'>ct</span> 
     </span>
    </p>
   </div>
   <div class='ocr_carea' id='block_1_5' title="bbox 130 3340 1345 3484">
    <p class='ocr_par' dir='ltr' id='par_1_5' title="bbox 130 3340 1345 3484">
     <span class='ocr_line' id='line_1_35' title="bbox 132 3340 1345 3484; baseline -0.002 -81"><span class='ocrx_word' id='word_1_346' title='bbox 132 3345 247 3484; x_wconf 56' lang='lat' dir='ltr'>§Irlagcis</span> <span class='ocrx_word' id='word_1_347' title='bbox 262 3346 393 3423; x_wconf 86' lang='lat' dir='ltr'>stultitia,</span> <span class='ocrx_word' id='word_1_348' title='bbox 409 3346 488 3425; x_wconf 91' lang='lat' dir='ltr'>qnod</span> <span class='ocrx_word' id='word_1_349' title='bbox 501 3347 623 3406; x_wconf 89' lang='lat' dir='ltr'>Vocatis</span> <span class='ocrx_word' id='word_1_350' title='bbox 637 3345 691 3406; x_wconf 84' lang='lat' dir='ltr'>fnit</span> <span class='ocrx_word' id='word_1_351' title='bbox 705 3365 817 3434; x_wconf 87' lang='lat' dir='ltr'>summa</span> <span class='ocrx_word' id='word_1_352' title='bbox 830 3341 960 3422; x_wconf 88' lang='lat' dir='ltr'>potentia</span> <span class='ocrx_word' id='word_1_353' title='bbox 969 3348 998 3402; x_wconf 89' lang='lat' dir='ltr'>et</span> <span class='ocrx_word' id='word_1_354' title='bbox 1009 3340 1150 3420; x_wconf 89' lang='lat' dir='ltr'>sapientia</span> <span class='ocrx_word' id='word_1_355' title='bbox 1165 3340 1229 3417; x_wconf 89' lang='lat' dir='ltr'>Dei,</span> <span class='ocrx_word' id='word_1_356' title='bbox 1248 3343 1263 3398; x_wconf 94' lang='lat' dir='ltr'>l</span> <span class='ocrx_word' id='word_1_357' title='bbox 1280 3341 1345 3400; x_wconf 83' lang='lat' dir='ltr'>Cor.</span> 
     </span>
     <span class='ocr_line' id='line_1_36' title="bbox 130 3444 218 3484; baseline 0.011 -1"><span class='ocrx_word' id='word_1_358' title='bbox 130 3444 151 3484; x_wconf 89' lang='lat'>1.</span> <span class='ocrx_word' id='word_1_359' title='bbox 210 3470 218 3484; x_wconf 92' lang='lat'><strong>.</strong></span> 
     </span>
    </p>
   </div>
   <div class='ocr_carea' id='block_1_6' title="bbox 146 3563 364 3679">
    <p class='ocr_par' dir='ltr' id='par_1_6' title="bbox 146 3563 364 3679">
     <span class='ocr_line' id='line_1_37' title="bbox 146 3563 364 3612; baseline 0.009 -3"><span class='ocrx_word' id='word_1_360' title='bbox 146 3563 170 3609; x_wconf 83' lang='lat'>2.</span> <span class='ocrx_word' id='word_1_361' title='bbox 184 3565 209 3610; x_wconf 78' lang='lat' dir='ltr'>A</span> <span class='ocrx_word' id='word_1_362' title='bbox 241 3564 364 3612; x_wconf 77' lang='lat' dir='ltr'>Doctrinae</span> 
     </span>
     <span class='ocr_line' id='line_1_38' title="bbox 208 3627 312 3679; baseline 0.01 -11"><span class='ocrx_word' id='word_1_363' title='bbox 208 3627 312 3679; x_wconf 68' lang='lat' dir='ltr'>natum</span> 
     </span>
    </p>
   </div>
   <div class='ocr_carea' id='block_1_7' title="bbox 131 3501 1346 4389">
    <p class='ocr_par' dir='ltr' id='par_1_7' title="bbox 131 3501 1346 4389">
     <span class='ocr_line' id='line_1_39' title="bbox 440 3501 1346 3580; baseline -0.003 -15"><span class='ocrx_word' id='word_1_364' title='bbox 440 3507 570 3568; x_wconf 87' lang='lat' dir='ltr'>XXIII.</span> <span class='ocrx_word' id='word_1_365' title='bbox 593 3509 739 3568; x_wconf 63' lang='lat' dir='ltr'>Doctrinae</span> <span class='ocrx_word' id='word_1_366' title='bbox 749 3517 856 3566; x_wconf 83' lang='lat' dir='ltr'>natura</span> <span class='ocrx_word' id='word_1_367' title='bbox 866 3505 896 3564; x_wconf 93' lang='lat' dir='ltr'>id</span> <span class='ocrx_word' id='word_1_368' title='bbox 907 3503 1065 3578; x_wconf 89' lang='lat' dir='ltr'>confirmat,</span> <span class='ocrx_word' id='word_1_369' title='bbox 1076 3523 1141 3580; x_wconf 87' lang='lat' dir='ltr'>quac</span> <span class='ocrx_word' id='word_1_370' title='bbox 1154 3501 1221 3562; x_wconf 87' lang='lat' dir='ltr'>talis</span> <span class='ocrx_word' id='word_1_371' title='bbox 1235 3501 1298 3578; x_wconf 85' lang='lat' dir='ltr'>fuit,</span> <span class='ocrx_word' id='word_1_372' title='bbox 1314 3510 1346 3562; x_wconf 92' lang='lat' dir='ltr'>ut</span> 
     </span>
     <span class='ocr_line' id='line_1_40' title="bbox 399 3583 1346 3667; baseline -0.006 -20"><span class='ocrx_word' id='word_1_373' title='bbox 399 3588 532 3647; x_wconf 89' lang='lat' dir='ltr'>homines</span> <span class='ocrx_word' id='word_1_374' title='bbox 553 3588 650 3667; x_wconf 92' lang='lat' dir='ltr'>potius</span> <span class='ocrx_word' id='word_1_375' title='bbox 672 3589 772 3666; x_wconf 84' lang='lat' dir='ltr'>fugare</span> <span class='ocrx_word' id='word_1_376' title='bbox 797 3587 915 3646; x_wconf 87' lang='lat' dir='ltr'>deberet</span> <span class='ocrx_word' id='word_1_377' title='bbox 933 3605 1020 3663; x_wconf 90' lang='lat' dir='ltr'>qnam</span> <span class='ocrx_word' id='word_1_378' title='bbox 1039 3583 1172 3659; x_wconf 84' lang='lat' dir='ltr'>allicere;</span> <span class='ocrx_word' id='word_1_379' title='bbox 1187 3603 1245 3642; x_wconf 91' lang='lat' dir='ltr'>non</span> <span class='ocrx_word' id='word_1_380' title='bbox 1259 3583 1346 3641; x_wconf 89' lang='lat' dir='ltr'>modo</span> 
     </span>
     <span class='ocr_line' id='line_1_41' title="bbox 400 3662 1346 3747; baseline -0.007 -19"><span class='ocrx_word' id='word_1_381' title='bbox 400 3669 469 3747; x_wconf 88' lang='lat' dir='ltr'>qnia</span> <span class='ocrx_word' id='word_1_382' title='bbox 482 3669 640 3729; x_wconf 88' lang='lat' dir='ltr'>contrarias</span> <span class='ocrx_word' id='word_1_383' title='bbox 664 3669 736 3728; x_wconf 85' lang='lat' dir='ltr'>alias</span> <span class='ocrx_word' id='word_1_384' title='bbox 750 3687 850 3727; x_wconf 90' lang='lat' dir='ltr'>omnes</span> <span class='ocrx_word' id='word_1_385' title='bbox 872 3665 1040 3742; x_wconf 86' lang='lat' dir='ltr'>Religiones</span> <span class='ocrx_word' id='word_1_386' title='bbox 1061 3663 1098 3723; x_wconf 90' lang='lat' dir='ltr'>ab</span> <span class='ocrx_word' id='word_1_387' title='bbox 1112 3663 1191 3722; x_wconf 92' lang='lat' dir='ltr'>omni</span> <span class='ocrx_word' id='word_1_388' title='bbox 1209 3662 1268 3722; x_wconf 82' lang='lat' dir='ltr'>scre</span> <span class='ocrx_word' id='word_1_389' title='bbox 1283 3683 1346 3722; x_wconf 86' lang='lat' dir='ltr'>aevo</span> 
     </span>
     <span class='ocr_line' id='line_1_42' title="bbox 131 3742 1345 3829; baseline -0.01 -17"><span class='ocrx_word' id='word_1_390' title='bbox 131 3759 265 3829; x_wconf 80' lang='lat' dir='ltr'>receptas</span> <span class='ocrx_word' id='word_1_391' title='bbox 286 3750 403 3829; x_wconf 89' lang='lat' dir='ltr'>patrias,</span> <span class='ocrx_word' id='word_1_392' title='bbox 419 3757 449 3809; x_wconf 90' lang='lat' dir='ltr'>ct</span> <span class='ocrx_word' id='word_1_393' title='bbox 462 3749 551 3826; x_wconf 87' lang='lat' dir='ltr'>longo</span> <span class='ocrx_word' id='word_1_394' title='bbox 565 3769 619 3808; x_wconf 90' lang='lat' dir='ltr'>usn</span> <span class='ocrx_word' id='word_1_395' title='bbox 637 3749 821 3824; x_wconf 86' lang='lat' dir='ltr'>inveteratas,</span> <span class='ocrx_word' id='word_1_396' title='bbox 837 3747 1001 3822; x_wconf 87' lang='lat' dir='ltr'>damnabat,</span> <span class='ocrx_word' id='word_1_397' title='bbox 1024 3753 1053 3804; x_wconf 89' lang='lat' dir='ltr'>et</span> <span class='ocrx_word' id='word_1_398' title='bbox 1066 3753 1099 3805; x_wconf 92' lang='lat' dir='ltr'>ut</span> <span class='ocrx_word' id='word_1_399' title='bbox 1113 3743 1243 3803; x_wconf 87' lang='lat' dir='ltr'>funditus</span> <span class='ocrx_word' id='word_1_400' title='bbox 1257 3742 1345 3802; x_wconf 87' lang='lat' dir='ltr'>extir-</span> 
     </span>
     <span class='ocr_line' id='line_1_43' title="bbox 132 3823 1346 3912; baseline -0.01 -20"><span class='ocrx_word' id='word_1_401' title='bbox 132 3840 274 3912; x_wconf 87' lang='lat' dir='ltr'>parentur</span> <span class='ocrx_word' id='word_1_402' title='bbox 286 3832 418 3909; x_wconf 88' lang='lat' dir='ltr'>urgebat,</span> <span class='ocrx_word' id='word_1_403' title='bbox 434 3839 571 3908; x_wconf 89' lang='lat' dir='ltr'>tanquam</span> <span class='ocrx_word' id='word_1_404' title='bbox 582 3848 681 3905; x_wconf 82' lang='lat' dir='ltr'>vanas,</span> <span class='ocrx_word' id='word_1_405' title='bbox 696 3829 792 3905; x_wconf 80' lang='lat' dir='ltr'>falsas,</span> <span class='ocrx_word' id='word_1_406' title='bbox 805 3836 834 3887; x_wconf 90' lang='lat' dir='ltr'>et</span> <span class='ocrx_word' id='word_1_407' title='bbox 849 3828 912 3886; x_wconf 92' lang='lat' dir='ltr'>Deo</span> <span class='ocrx_word' id='word_1_408' title='bbox 927 3826 1062 3904; x_wconf 90' lang='lat' dir='ltr'>indignas</span> <span class='ocrx_word' id='word_1_409' title='bbox 1076 3833 1106 3885; x_wconf 90' lang='lat' dir='ltr'>et</span> <span class='ocrx_word' id='word_1_410' title='bbox 1119 3824 1269 3898; x_wconf 86' lang='lat' dir='ltr'>inimicas;</span> <span class='ocrx_word' id='word_1_411' title='bbox 1293 3823 1346 3881; x_wconf 90' lang='lat' dir='ltr'>scd</span> 
     </span>
     <span class='ocr_line' id='line_1_44' title="bbox 133 3901 1345 3990; baseline -0.01 -17"><span class='ocrx_word' id='word_1_412' title='bbox 133 3912 224 3973; x_wconf 86' lang='lat' dir='ltr'>etiam</span> <span class='ocrx_word' id='word_1_413' title='bbox 238 3913 307 3990; x_wconf 85' lang='lat' dir='ltr'>quia</span> <span class='ocrx_word' id='word_1_414' title='bbox 319 3920 463 3990; x_wconf 82' lang='lat' dir='ltr'>praccepta</span> <span class='ocrx_word' id='word_1_415' title='bbox 477 3909 643 3970; x_wconf 89' lang='lat' dir='ltr'>continebat</span> <span class='ocrx_word' id='word_1_416' title='bbox 663 3908 859 3987; x_wconf 88' lang='lat' dir='ltr'>ingratissima</span> <span class='ocrx_word' id='word_1_417' title='bbox 873 3916 902 3966; x_wconf 89' lang='lat' dir='ltr'>et</span> <span class='ocrx_word' id='word_1_418' title='bbox 914 3905 1118 3966; x_wconf 87' lang='lat' dir='ltr'>molestissima</span> <span class='ocrx_word' id='word_1_419' title='bbox 1132 3903 1219 3978; x_wconf 88' lang='lat' dir='ltr'>cami,</span> <span class='ocrx_word' id='word_1_420' title='bbox 1236 3901 1281 3960; x_wconf 89' lang='lat' dir='ltr'>sui</span> <span class='ocrx_word' id='word_1_421' title='bbox 1295 3903 1345 3961; x_wconf 86' lang='lat' dir='ltr'>ab·</span> 
     </span>
     <span class='ocr_line' id='line_1_45' title="bbox 131 3981 1344 4071; baseline -0.01 -19"><span class='ocrx_word' id='word_1_422' title='bbox 131 3993 330 4071; x_wconf 83' lang='lat' dir='ltr'>negationem,</span> <span class='ocrx_word' id='word_1_423' title='bbox 345 3991 472 4051; x_wconf 88' lang='lat' dir='ltr'>hostium</span> <span class='ocrx_word' id='word_1_424' title='bbox 483 3991 675 4066; x_wconf 89' lang='lat' dir='ltr'>dilectionem,</span> <span class='ocrx_word' id='word_1_425' title='bbox 690 3990 832 4048; x_wconf 89' lang='lat' dir='ltr'>malorum</span> <span class='ocrx_word' id='word_1_426' title='bbox 846 3995 876 4047; x_wconf 92' lang='lat' dir='ltr'>et</span> <span class='ocrx_word' id='word_1_427' title='bbox 889 3986 983 4047; x_wconf 89' lang='lat' dir='ltr'>crucis</span> <span class='ocrx_word' id='word_1_428' title='bbox 997 3985 1083 4046; x_wconf 86' lang='lat' dir='ltr'>etiam</span> <span class='ocrx_word' id='word_1_429' title='bbox 1098 3982 1259 4042; x_wconf 85' lang='lat' dir='ltr'>durissimae</span> <span class='ocrx_word' id='word_1_430' title='bbox 1273 3981 1344 4040; x_wconf 89' lang='lat' dir='ltr'>tole·</span> 
     </span>
     <span class='ocr_line' id='line_1_46' title="bbox 132 4061 1346 4148; baseline -0.011 -15"><span class='ocrx_word' id='word_1_431' title='bbox 132 4073 268 4148; x_wconf 81' lang='lat' dir='ltr'>tantiam,</span> <span class='ocrx_word' id='word_1_432' title='bbox 283 4080 313 4132; x_wconf 93' lang='lat' dir='ltr'>et</span> <span class='ocrx_word' id='word_1_433' title='bbox 326 4071 433 4131; x_wconf 87' lang='lat' dir='ltr'>avitiis</span> <span class='ocrx_word' id='word_1_434' title='bbox 444 4080 474 4130; x_wconf 91' lang='lat' dir='ltr'>et</span> <span class='ocrx_word' id='word_1_435' title='bbox 483 4071 682 4148; x_wconf 86' lang='lat' dir='ltr'>voluptatibus</span> <span class='ocrx_word' id='word_1_436' title='bbox 697 4069 830 4129; x_wconf 88' lang='lat' dir='ltr'>omnibns</span> <span class='ocrx_word' id='word_1_437' title='bbox 839 4067 1043 4128; x_wconf 87' lang='lat' dir='ltr'>abstinentiam</span> <span class='ocrx_word' id='word_1_438' title='bbox 1054 4087 1061 4140; x_wconf 88' lang='lat'>;</span> <span class='ocrx_word' id='word_1_439' title='bbox 1085 4061 1227 4139; x_wconf 87' lang='lat' dir='ltr'>Mystcria</span> <span class='ocrx_word' id='word_1_440' title='bbox 1240 4061 1346 4120; x_wconf 89' lang='lat' dir='ltr'>rationi</span> 
     </span>
     <span class='ocr_line' id='line_1_47' title="bbox 134 4141 1345 4230; baseline -0.012 -16"><span class='ocrx_word' id='word_1_441' title='bbox 134 4151 263 4214; x_wconf 75' lang='lat' dir='ltr'>absurde</span> <span class='ocrx_word' id='word_1_442' title='bbox 277 4161 307 4212; x_wconf 91' lang='lat' dir='ltr'>et</span> <span class='ocrx_word' id='word_1_443' title='bbox 319 4151 461 4230; x_wconf 87' lang='lat' dir='ltr'>impervia</span> <span class='ocrx_word' id='word_1_444' title='bbox 474 4151 605 4228; x_wconf 91' lang='lat' dir='ltr'>docebat,</span> <span class='ocrx_word' id='word_1_445' title='bbox 621 4149 706 4228; x_wconf 88' lang='lat' dir='ltr'>quale</span> <span class='ocrx_word' id='word_1_446' title='bbox 728 4158 773 4209; x_wconf 89' lang='lat' dir='ltr'>est</span> <span class='ocrx_word' id='word_1_447' title='bbox 796 4150 891 4209; x_wconf 87' lang='lat' dir='ltr'>Deum</span> <span class='ocrx_word' id='word_1_448' title='bbox 912 4146 1012 4224; x_wconf 87' lang='lat' dir='ltr'>gloriae</span> <span class='ocrx_word' id='word_1_449' title='bbox 1035 4151 1064 4202; x_wconf 89' lang='lat' dir='ltr'>et</span> <span class='ocrx_word' id='word_1_450' title='bbox 1089 4141 1251 4218; x_wconf 89' lang='lat' dir='ltr'>Principem</span> <span class='ocrx_word' id='word_1_451' title='bbox 1275 4141 1345 4200; x_wconf 85' lang='lat' dir='ltr'>vitae</span> 
     </span>
     <span class='ocr_line' id='line_1_48' title="bbox 132 4221 1346 4308; baseline -0.012 -13"><span class='ocrx_word' id='word_1_452' title='bbox 132 4233 306 4295; x_wconf 81' lang='lat' dir='ltr'>crucifixum</span> <span class='ocrx_word' id='word_1_453' title='bbox 321 4253 394 4293; x_wconf 87' lang='lat' dir='ltr'>esse.</span> <span class='ocrx_word' id='word_1_454' title='bbox 436 4231 479 4291; x_wconf 80' lang='lat' dir='ltr'>Aa</span> <span class='ocrx_word' id='word_1_455' title='bbox 493 4231 517 4290; x_wconf 84' lang='lat' dir='ltr'>si</span> <span class='ocrx_word' id='word_1_456' title='bbox 536 4231 615 4290; x_wconf 89' lang='lat' dir='ltr'>Deus</span> <span class='ocrx_word' id='word_1_457' title='bbox 629 4231 692 4306; x_wconf 81' lang='lat' dir='ltr'>fnit,</span> <span class='ocrx_word' id='word_1_458' title='bbox 708 4229 779 4308; x_wconf 92' lang='lat' dir='ltr'>qnid</span> <span class='ocrx_word' id='word_1_459' title='bbox 792 4227 969 4288; x_wconf 83' lang='lat' dir='ltr'>absurdius?</span> <span class='ocrx_word' id='word_1_460' title='bbox 991 4225 1015 4284; x_wconf 85' lang='lat' dir='ltr'>si</span> <span class='ocrx_word' id='word_1_461' title='bbox 1028 4224 1124 4298; x_wconf 89' lang='lat' dir='ltr'>homo,</span> <span class='ocrx_word' id='word_1_462' title='bbox 1140 4221 1346 4300; x_wconf 84' lang='lat' dir='ltr'>qnidvanins?</span> 
     </span>
     <span class='ocr_line' id='line_1_49' title="bbox 134 4301 1344 4389; baseline -0.012 -15"><span class='ocrx_word' id='word_1_463' title='bbox 134 4314 285 4374; x_wconf 88' lang='lat' dir='ltr'>Promissa</span> <span class='ocrx_word' id='word_1_464' title='bbox 305 4314 336 4372; x_wconf 91' lang='lat' dir='ltr'>in</span> <span class='ocrx_word' id='word_1_465' title='bbox 359 4314 415 4371; x_wconf 90' lang='lat' dir='ltr'>hoc</span> <span class='ocrx_word' id='word_1_466' title='bbox 437 4312 534 4372; x_wconf 88' lang='lat' dir='ltr'>seculo</span> <span class='ocrx_word' id='word_1_467' title='bbox 554 4311 604 4370; x_wconf 85' lang='lat' dir='ltr'>vel</span> <span class='ocrx_word' id='word_1_468' title='bbox 624 4312 740 4389; x_wconf 86' lang='lat' dir='ltr'>exigua,</span> <span class='ocrx_word' id='word_1_469' title='bbox 762 4311 810 4368; x_wconf 89' lang='lat' dir='ltr'>vel</span> <span class='ocrx_word' id='word_1_470' title='bbox 831 4308 912 4368; x_wconf 85' lang='lat' dir='ltr'>nulla</span> <span class='ocrx_word' id='word_1_471' title='bbox 931 4304 1117 4385; x_wconf 87' lang='lat' dir='ltr'>proponebat,</span> <span class='ocrx_word' id='word_1_472' title='bbox 1136 4301 1187 4360; x_wconf 85' lang='lat' dir='ltr'>sed</span> <span class='ocrx_word' id='word_1_473' title='bbox 1207 4301 1344 4359; x_wconf 87' lang='lat' dir='ltr'>honorem</span> 
     </span>
    </p>
   </div>
   <div class='ocr_carea' id='block_1_8' title="bbox 134 4379 1349 4792">
    <p class='ocr_par' dir='ltr' id='par_1_8' title="bbox 134 4379 1349 4792">
     <span class='ocr_line' id='line_1_50' title="bbox 134 4379 1346 4472; baseline -0.012 -17"><span class='ocrx_word' id='word_1_474' title='bbox 134 4394 277 4472; x_wconf 76' lang='lat' dir='ltr'>martyrii,</span> <span class='ocrx_word' id='word_1_475' title='bbox 300 4402 329 4454; x_wconf 90' lang='lat' dir='ltr'>et</span> <span class='ocrx_word' id='word_1_476' title='bbox 350 4413 423 4452; x_wconf 89' lang='lat' dir='ltr'>onus</span> <span class='ocrx_word' id='word_1_477' title='bbox 447 4393 549 4469; x_wconf 89' lang='lat' dir='ltr'>crucis,</span> <span class='ocrx_word' id='word_1_478' title='bbox 573 4391 678 4452; x_wconf 85' lang='lat' dir='ltr'>Matth.</span> <span class='ocrx_word' id='word_1_479' title='bbox 700 4391 761 4449; x_wconf 82' lang='lat' dir='ltr'>xvi.</span> <span class='ocrx_word' id='word_1_480' title='bbox 783 4393 831 4464; x_wconf 82' lang='lat'>24,</span> <span class='ocrx_word' id='word_1_481' title='bbox 853 4388 923 4449; x_wconf 89' lang='lat' dir='ltr'>Joh.</span> <span class='ocrx_word' id='word_1_482' title='bbox 939 4405 989 4444; x_wconf 88' lang='lat' dir='ltr'>xv.</span> <span class='ocrx_word' id='word_1_483' title='bbox 1013 4386 1059 4460; x_wconf 89' lang='lat'>18,</span> <span class='ocrx_word' id='word_1_484' title='bbox 1084 4385 1130 4457; x_wconf 89' lang='grc'>19,</span> <span class='ocrx_word' id='word_1_485' title='bbox 1153 4381 1221 4439; x_wconf 91' lang='lat' dir='ltr'>Act.</span> <span class='ocrx_word' id='word_1_486' title='bbox 1241 4379 1281 4439; x_wconf 92' lang='lat' dir='ltr'>ix.</span> <span class='ocrx_word' id='word_1_487' title='bbox 1299 4383 1346 4440; x_wconf 91' lang='grc'>16.</span> 
     </span>
     <span class='ocr_line' id='line_1_51' title="bbox 136 4461 1347 4552; baseline -0.015 -16"><span class='ocrx_word' id='word_1_488' title='bbox 136 4476 210 4552; x_wconf 88' lang='lat' dir='ltr'>Quis</span> <span class='ocrx_word' id='word_1_489' title='bbox 230 4494 302 4533; x_wconf 85' lang='lat' dir='ltr'>vero</span> <span class='ocrx_word' id='word_1_490' title='bbox 321 4475 362 4533; x_wconf 85' lang='lat' dir='ltr'>ita</span> <span class='ocrx_word' id='word_1_491' title='bbox 376 4472 495 4532; x_wconf 86' lang='lat' dir='ltr'>suadeat</span> <span class='ocrx_word' id='word_1_492' title='bbox 514 4481 543 4532; x_wconf 88' lang='lat' dir='ltr'>ct</span> <span class='ocrx_word' id='word_1_493' title='bbox 557 4473 655 4551; x_wconf 86' lang='lat' dir='ltr'>copias</span> <span class='ocrx_word' id='word_1_494' title='bbox 675 4471 820 4530; x_wconf 77' lang='lat' dir='ltr'>adornet?</span> <span class='ocrx_word' id='word_1_495' title='bbox 841 4467 891 4527; x_wconf 85' lang='lat' dir='ltr'>An</span> <span class='ocrx_word' id='word_1_496' title='bbox 905 4464 1042 4525; x_wconf 88' lang='lat' dir='ltr'>credibile</span> <span class='ocrx_word' id='word_1_497' title='bbox 1063 4471 1107 4522; x_wconf 89' lang='lat' dir='ltr'>est</span> <span class='ocrx_word' id='word_1_498' title='bbox 1126 4470 1170 4521; x_wconf 90' lang='lat' dir='ltr'>tot</span> <span class='ocrx_word' id='word_1_499' title='bbox 1190 4469 1292 4536; x_wconf 87' lang='lat' dir='ltr'>gentes</span> <span class='ocrx_word' id='word_1_500' title='bbox 1316 4461 1347 4519; x_wconf 93' lang='lat' dir='ltr'>in</span> 
     </span>
     <span class='ocr_line' id='line_1_52' title="bbox 135 4539 1347 4633; baseline -0.013 -17"><span class='ocrx_word' id='word_1_501' title='bbox 135 4565 196 4616; x_wconf 86' lang='lat' dir='ltr'>tam</span> <span class='ocrx_word' id='word_1_502' title='bbox 218 4553 322 4633; x_wconf 57' lang='lat' dir='ltr'>gavia</span> <span class='ocrx_word' id='word_1_503' title='bbox 336 4562 365 4614; x_wconf 87' lang='lat' dir='ltr'>et</span> <span class='ocrx_word' id='word_1_504' title='bbox 387 4553 477 4612; x_wconf 86' lang='lat' dir='ltr'>ardua</span> <span class='ocrx_word' id='word_1_505' title='bbox 497 4561 640 4631; x_wconf 85' lang='lat' dir='ltr'>praecepta</span> <span class='ocrx_word' id='word_1_506' title='bbox 661 4569 859 4626; x_wconf 86' lang='lat' dir='ltr'>consensuras,</span> <span class='ocrx_word' id='word_1_507' title='bbox 875 4554 985 4607; x_wconf 90' lang='lat' dir='ltr'>tantam</span> <span class='ocrx_word' id='word_1_508' title='bbox 999 4545 1131 4603; x_wconf 88' lang='lat' dir='ltr'>laborum</span> <span class='ocrx_word' id='word_1_509' title='bbox 1143 4539 1258 4615; x_wconf 90' lang='lat' dir='ltr'>molem,</span> <span class='ocrx_word' id='word_1_510' title='bbox 1285 4541 1347 4600; x_wconf 87' lang='lat' dir='ltr'>sine</span> 
     </span>
     <span class='ocr_line' id='line_1_53' title="bbox 135 4623 1346 4711; baseline -0.013 -16"><span class='ocrx_word' id='word_1_511' title='bbox 135 4637 197 4697; x_wconf 88' lang='lat' dir='ltr'>ulla</span> <span class='ocrx_word' id='word_1_512' title='bbox 211 4634 353 4710; x_wconf 88' lang='lat' dir='ltr'>mercede,</span> <span class='ocrx_word' id='word_1_513' title='bbox 377 4634 439 4692; x_wconf 89' lang='lat' dir='ltr'>sinc</span> <span class='ocrx_word' id='word_1_514' title='bbox 462 4633 521 4692; x_wconf 92' lang='lat' dir='ltr'>ullo</span> <span class='ocrx_word' id='word_1_515' title='bbox 535 4633 718 4711; x_wconf 87' lang='lat' dir='ltr'>voluptatum</span> <span class='ocrx_word' id='word_1_516' title='bbox 731 4631 821 4689; x_wconf 90' lang='lat' dir='ltr'>illicio</span> <span class='ocrx_word' id='word_1_517' title='bbox 842 4627 988 4688; x_wconf 86' lang='lat' dir='ltr'>subituras</span> <span class='ocrx_word' id='word_1_518' title='bbox 1009 4624 1106 4700; x_wconf 89' lang='lat' dir='ltr'>fnisse,</span> <span class='ocrx_word' id='word_1_519' title='bbox 1123 4623 1180 4680; x_wconf 89' lang='lat' dir='ltr'>imo</span> <span class='ocrx_word' id='word_1_520' title='bbox 1195 4639 1261 4680; x_wconf 90' lang='lat' dir='ltr'>cum</span> <span class='ocrx_word' id='word_1_521' title='bbox 1274 4641 1346 4698; x_wconf 79' lang='lat' dir='ltr'>prae-</span> 
     </span>
     <span class='ocr_line' id='line_1_54' title="bbox 135 4701 1349 4792; baseline -0.015 -14"><span class='ocrx_word' id='word_1_522' title='bbox 135 4715 305 4780; x_wconf 83' lang='lat' dir='ltr'>santissimo</span> <span class='ocrx_word' id='word_1_523' title='bbox 318 4733 413 4776; x_wconf 84' lang='lat' dir='ltr'>rernm</span> <span class='ocrx_word' id='word_1_524' title='bbox 428 4713 555 4774; x_wconf 90' lang='lat' dir='ltr'>omnium</span> <span class='ocrx_word' id='word_1_525' title='bbox 577 4712 633 4776; x_wconf 88' lang='lat' dir='ltr'>sibi</span> <span class='ocrx_word' id='word_1_526' title='bbox 653 4711 882 4792; x_wconf 86' lang='lat' dir='ltr'>gratissimarum</span> <span class='ocrx_word' id='word_1_527' title='bbox 899 4707 1013 4783; x_wconf 89' lang='lat' dir='ltr'>damno,</span> <span class='ocrx_word' id='word_1_528' title='bbox 1029 4705 1066 4766; x_wconf 94' lang='lat' dir='ltr'>ad</span> <span class='ocrx_word' id='word_1_529' title='bbox 1081 4702 1277 4765; x_wconf 85' lang='lat' dir='ltr'>calamitosam</span> <span class='ocrx_word' id='word_1_530' title='bbox 1290 4701 1349 4762; x_wconf 85' lang='lat' dir='ltr'>vir·</span> 
     </span>
    </p>
   </div>
   <div class='ocr_carea' id='block_1_9' title="bbox 0 0 1584 5206">
    <p class='ocr_par' dir='ltr' id='par_1_9' title="bbox 0 0 1584 5206">
     <span class='ocr_line' id='line_1_55' title="bbox 0 0 1584 5206; baseline 0 0"><span class='ocrx_word' id='word_1_531' title='bbox 0 0 1584 5206; x_wconf 95' lang='lat' dir='ltr'> </span> 
     </span>
    </p>
   </div>
  </div>
 </body>
</html>
