3186 5210
178 427 294 478 eumer.
309 403 358 486 11.]
647 419 686 468 un
700 419 951 463 rusmmcuuroue.
1331 403 1389 463 565

179 589 285 648 genere
300 583 428 644 operum,
443 562 572 641 proclive
587 559 642 621 fuit
656 529 781 639 objicere
795 561 826 620 id
840 563 944 640 ipsum,
959 561 1037 640 quod
1058 561 1203 640 hodieque
1216 561 1301 621 nobis
1315 561 1388 640 obji-

180 651 261 710 ciunt
276 644 441 720 Pontificii3
473 661 576 720 nempe
594 661 840 719 supervacaneum
862 661 926 700 esse
946 641 1021 700 bene
1036 643 1157 720 operari,
1173 642 1198 700 si
1212 641 1324 702 nudum
1346 649 1390 701 est

179 749 299 807 operum
313 725 455 797 meritum,
482 722 539 780 imo
558 721 655 800 potius
669 722 847 799 peccandum
869 728 903 780 ut
924 721 1052 780 abundet
1066 722 1168 799 gratio.
1211 721 1303 797 Quam
1322 741 1388 799 pro-

178 809 310 868 fanomm
335 803 527 883 objectionem
554 821 613 860 non
639 801 746 860 refellit
774 801 935 879 Apostolus
955 821 1007 878 per
1027 800 1242 862 distinctionem
1269 821 1388 879 operum

179 885 410 948 antecedentium
432 891 461 942 et
485 881 731 960 subsequentium,
747 882 825 959 quod
847 881 947 959 utique
969 881 1045 939 facto
1059 901 1132 958 opus
1145 890 1207 942 erat
1220 902 1258 942 ex
1273 881 1388 941 Adver-

179 969 317 1028 sariorum
329 962 501 1042 hypotheai;
524 963 576 1022 sed
596 961 788 1038 explicatione
810 960 1053 1037 sanctificationis,
1069 961 1189 1039 ejusque
1204 981 1269 1022 cum
1279 961 1387 1041 justifi-

178 1049 291 1107 catione
305 1043 500 1104 indissolubili
512 1062 600 1101 nexu.
1371 1107 1375 1116 φ

480 1122 576 1181 XIII.
598 1122 705 1196 Tertio,
721 1121 796 1198 Quia
811 1119 1006 1196 “justificatio
1020 1129 1119 1180 nostra
1132 1121 1166 1181 fit
1179 1122 1278 1199 gratis,
1294 1121 1389 1200 gratia

441 1203 497 1262 Dei
505 1222 558 1280 per
565 1202 790 1280 redemptionem
801 1201 937 1276 Christi,''
950 1201 1035 1260 Rom.
1046 1202 1087 1260 iii.
1097 1205 1145 1278 24,
1160 1200 1211 1261 uhi
1225 1202 1319 1280 gratia
1334 1201 1389 1260 Dei

438 1302 497 1340 non
519 1290 620 1359 potest
637 1291 737 1341 notare
759 1281 889 1340 habitum
914 1279 1041 1340 inlusum
1066 1281 1222 1358 eharitatis,
1245 1291 1279 1342 ut
1300 1281 1391 1341 vellet

178 1363 325 1437 Bellarm,
333 1361 384 1420 sed
393 1361 522 1421 savorem
530 1371 560 1421 et
568 1361 799 1422 benevolentiam
810 1361 874 1435 Dei,
883 1369 946 1419 tum
952 1361 1020 1438 quia
1029 1361 1152 1420 dicimur
1155 1362 1306 1439 justificati
1313 1373 1343 1436 τῇ
1351 1371 1391 1417 aa

178 1453 219 1500 «st
229 1453 319 1516 χάρη,
331 1443 417 1518 indua
438 1444 544 1518 pratia,
560 1441 599 1501 id.
614 1451 751 1520 tanquam
766 1460 853 1500 causa
867 1449 1027 1513 πρηγινμίιῃ,
1041 1442 1248 1518 proestaretiea
1271 1462 1341 1502 vero
1361 1449 1390 1501 et

178 1522 325 1582 meritoria
335 1521 694 1600 poniturinredemptione
709 1521 824 1596 Christi,
839 1520 912 1579 falsa
920 1520 1049 1598 rejicitur
1059 1541 1111 1598 per
1121 1522 1290 1598 particulam
1302 1530 1388 1603 tapeta,

175 1604 276 1681 pratia,
292 1622 356 1679 quae
371 1601 501 1661 excludit
515 1603 612 1661 omnia
621 1602 731 1678 merita,
744 1620 808 1679 quae
820 1600 877 1659 sint
888 1601 919 1657 in
930 1600 1022 1659 nobis.
1045 1605 1073 1661 2.
1089 1601 1191 1660 Gratia
1199 1601 1255 1660 ista
1269 1603 1388 1682 opponi-

177 1692 224 1743 tur
238 1683 374 1760 operibus
384 1690 414 1741 et
427 1681 600 1762 gloriationi,
617 1683 702 1741 Rom.
713 1682 754 1740 xi.
766 1685 793 1757 6,
806 1689 836 1740 et
847 1681 921 1758 Eph.
936 1680 967 1739 ii.
982 1683 1010 1739 9.
1036 1683 1063 1740 3.
1080 1681 1145 1739 Non
1160 1700 1313 1759 possumus
1324 1685 1387 1761 jus-

179 1763 282 1823 tificari
295 1782 347 1840 per
354 1761 580 1840 redemptionem
590 1762 706 1836 Christi,
718 1762 810 1837 aliter,
823 1780 910 1837 quam
920 1779 972 1838 per
982 1760 1200 1838 imputationem
1209 1762 1332 1839 justitia
1343 1765 1387 1842 ip-

180 1843 249 1918 sius,
261 1862 326 1918 quae
337 1850 381 1901 est
392 1850 521 1903 sclevum
539 1863 604 1902 cum
615 1841 730 1919 justitia
739 1840 897 1899 inhaerente
907 1841 938 1898 in
951 1841 1068 1918 negotio
1073 1840 1306 1920 justificationis;
1321 1863 1389 1904 nam

181 1923 205 1981 si
215 1921 408 1999 justificamur
421 1923 452 1980 iu
466 1919 531 2000 alio,
547 1942 605 1981 non
620 1941 773 1999 possumus
783 1920 936 1998 justificari
951 1919 980 1977 in
994 1921 1086 1980 nohis.
1096 1923 1125 1979 4.
1136 1921 1269 1980 Pererius
1284 1923 1391 1984 fatetur

179 2011 249 2076 χέῃ,
257 2002 352 2079 potius
363 2002 410 2061 hio
424 2011 524 2062 notare
534 2001 690 2080 gratuitam
705 2001 762 2060 Dei
786 2002 945 2061 bonitatem
969 2009 998 2059 et
1021 2001 1229 2078 benignitatem
1254 2023 1324 2080 erga
1337 2005 1388 2065 ho-

180 2081 280 2156 mines,
297 2101 360 2158 quae
374 2083 444 2141 alihi
458 2089 590 2158 genesim
608 2091 637 2141 et
652 2089 806 2154 prudente
821 2080 934 2156 dicitur,
950 2080 1007 2140 Tit.
1022 2081 1062 2140 iii.
1080 2084 1108 2139 4.
1141 2081 1202 2141 Nee
1217 2082 1242 2140 si
1259 2083 1385 2145 benevo-

180 2161 270 2220 lentia
285 2162 341 2220 Dei
354 2161 440 2221 efficit
461 2163 491 2219 in
513 2161 678 2220 hominibus
694 2166 800 2229 illest-s,
817 2160 857 2219 id.
871 2161 980 2220 honum
993 2160 1072 2238 quod
1085 2161 1156 2238 ipsis
1170 2161 1242 2238 vult,
1259 2165 1389 2242 sequitur

176 1186 198 1232 3,
215 1187 280 1238 Quis
294 1187 310 1232 J
313 1183 419 1230 ustifica-

209 1249 243 1292 tlo
258 1245 288 1290 fit
304 1245 389 1304 gratis.

66 2277 75 2292 ·
180 2241 274 2300 Deum
290 2241 358 2300 dare
372 2243 559 2301 inherentem
569 2241 723 2319 justitiam,
746 2247 779 2299 ut
803 2260 855 2319 per
868 2261 932 2299 eam
942 2240 1152 2319 justificemur;
1177 2241 1246 2318 quia
1259 2243 1342 2303 Deus
1356 2245 1387 2304 id

178 2321 287 2380 bonum
301 2322 370 2380 facit
392 2321 536 2380 distinctis
551 2321 672 2396 actibus,
684 2321 792 2380 bouum
806 2320 924 2396 quidam
946 2320 1067 2398 justitiae
1081 2321 1230 2398 imputatae
1244 2332 1311 2382 aetu
1321 2325 1384 2402 jua-

180 2400 354 2476 tifieationis,
370 2401 535 2460 inhaerentia
549 2421 619 2460 vero
633 2409 700 2460 cetu
715 2399 959 2476 sanctificationis,
975 2409 1008 2459 ut
1023 2399 1168 2460 Christum
1182 2401 1268 2461 nobis
1281 2402 1350 2464 feeit
1360 2414 1389 2466 ot

178 2480 323 2558 justitiam
338 2490 368 2540 et
381 2481 644 2558 sanctificationem,
662 2485 677 2539 l
694 2479 759 2539 Cor.
774 2481 792 2540 i.
808 2482 857 2540 30.

180 2599 202 2644 4.
219 2599 284 2650 Qu„
297 2599 422 2646 Justifies-
483 2561 574 2620 XIV.
596 2561 713 2636 Quarto,
730 2561 804 2636 Quia
814 2559 985 2638 justificatio
999 2561 1131 2621 consistit
1140 2581 1177 2621 ex
1188 2563 1288 2639 Paulo,
1302 2566 1386 2625 Rom.

211 2661 246 2704 tio
261 2661 376 2706 connisus
396 2663 421 2706 tn
442 2641 482 2700 iv.
497 2644 525 2718 8,
541 2642 572 2699 in
585 2641 754 2700 remissione
767 2649 961 2717 peccatorum.
1003 2641 1065 2700 Nec
1087 2650 1184 2719 potest
1207 2642 1292 2702 aliter
1315 2645 1376 2705 fieri

210 2720 353 2766 f⁰m¹⁸⁵¹⁰¹¹⁰
369 2733 421 2780 1³²⁰
444 2741 509 2780 cum
524 2729 628 2799 agatur
642 2721 677 2780 de
691 2729 851 2798 peccatore.
882 2721 926 2780 At
940 2720 987 2780 ani
996 2721 1308 2798 remittiturpeocatum
1321 2692 1386 2802 grss

210 2781 330 2822 murum.
444 2801 490 2876 tis,
505 2821 564 2861 non
584 2809 681 2879 potest
700 2799 854 2878 justificari
875 2819 928 2878 per
940 2801 1128 2859 inhaerentem
1149 2801 1310 2880 justitiam;
1333 2825 1387 2865 nec

176 2876 292 2953 justitia
305 2877 449 2940 inhaerens
464 2889 508 2940 est
521 2882 652 2941 remissio
665 2888 858 2958 peccatorum.
902 2881 963 2940 Nec
987 2880 1111 2939 elabitur
1134 2881 1185 2957 qui
1199 2881 1313 2960 dixerit,
1329 2904 1388 2943 non

179 2975 242 3014 asse
256 2957 372 3033 quidem
388 2961 585 3020 remissionem
598 2969 790 3038 peccatorum,
807 2961 858 3019 sed
871 2979 937 3019 oum
948 2981 983 3019 ea
996 2968 1093 3019 tamen
1107 2961 1245 3039 conjungi
1259 2963 1290 3020 in
1300 2965 1387 3041 justi·

178 3035 321 3096 ficatione.
362 3039 438 3112 Quia
451 3041 580 3118 implicat
594 3041 737 3100 hominem
749 3040 903 3118 justificari
917 3039 1003 3099 simul
1025 3060 1078 3116 per
1087 3040 1231 3117 justitiam
1245 3042 1386 3103 inhaeren-

178 3123 237 3173 tem
251 3124 281 3174 et
294 3137 345 3194 per
357 3121 555 3181 remissionem
566 3129 758 3199 peccatorum,
774 3130 807 3181 ut
821 3130 865 3180 est
876 3129 1006 3177 aeteram
1017 3119 1171 3199 justificari
1192 3121 1223 3178 in
1237 3141 1277 3199 se,
1303 3132 1334 3184 et
1357 3125 1386 3182 in

178 3195 244 3270 alio,
261 3197 426 3260 obedientia
438 3203 561 3280 propria,
578 3211 607 3261 et
620 3202 723 3260 aliena.

177 3313 198 3358 5.
215 3315 280 3364 Quis
293 3317 420 3364 suffic„
481 3282 553 3341 XV.
576 3281 691 3356 Quinto,
708 3282 732 3340 si
743 3279 1025 3358 Juatificatiofitper
1034 3281 1177 3360 justitiam
1189 3281 1384 3362 inhaerentem,

208 3376 308 3490 ppgpon
325 3383 363 3421 ese
388 3393 418 3423 ex
439 3362 617 3500 Jusppfieapio
629 3363 687 3500 {rit
700 3381 737 3420 ex
755 3361 843 3438 Lege,
858 3380 915 3418 non
931 3381 968 3420 ex
984 3361 1155 3438 Evangelio,
1171 3369 1201 3421 et
1209 3363 1385 3423 confunden-

177 3537 263 3596 quam
276 3540 313 3576 cx
329 3449 706 3600 diametidrsibiooppiiisietbi’
722 3449 1385 3604 tlibbiaia-iiiiiitidiiliiamlidgaiildpiiiiiinitluiieiiii,

176 3619 263 3677 quam
273 3619 324 3676 per
332 3601 353 3660 J
356 3601 484 3660 ustitiam
493 3601 681 3660 inhaerentem
691 3601 753 3660 sive
762 3600 904 3659 actualem
916 3601 977 3660 sive
987 3602 1180 3679 habitualem
1204 3603 1276 3663 Cum
1288 3603 1386 3664 Eran-

176 3680 271 3756 gelioa
284 3680 387 3739 nonin
400 3681 493 3758 nobis,
510 3682 605 3740 sedin
619 3681 677 3740 alio
691 3679 846 3758 quaerenda
860 3681 905 3739 sit.
948 3681 1033 3757 Quod
1048 3683 1207 3760 Apostolus
1216 3685 1292 3743 clare
1304 3685 1388 3745 docet

178 3759 254 3817 Phil.
264 3759 305 3817 iii.
320 3763 347 3836 9,
363 3779 452 3837 quum
466 3761 532 3821 vuit
547 3761 700 3820 “inveniri
714 3760 744 3818 in
760 3760 904 3836 Christo,”
934 3762 1044 3821 scilieet
1057 3763 1209 3840 injudicio
1225 3765 1289 3838 Dei,
1307 3767 1325 3798 “
1336 3766 1386 3823 ha·

176 3837 258 3910 bans,
274 3857 331 3895 non
346 3859 426 3899 suam
435 3841 579 3918 justitiam
593 3861 658 3918 quae
673 3849 768 3900 estex
784 3840 872 3918 Lege,
889 3840 1011 3901 sedeam
1026 3862 1090 3918 quae
1102 3850 1146 3900 est
1156 3861 1207 3918 per
1217 3843 1300 3900 fldem
1312 3844 1334 3902 J
1336 3863 1387 3904 esu

178 3917 285 3974 Christi
297 3939 304 3990 ;
316 3918 333 3944 '’
363 3918 401 3977 id.
416 3939 474 3978 non
491 3922 629 3982 'ustitiam
644 3922 840 3996 inhaerentem,
858 3940 923 3999 quae
938 3921 1029 3980 oritur
1052 3941 1089 3980 ex
1114 3921 1315 3981 observatione
1331 3923 1385 3983 Le-

176 3998 230 4080 gis,
247 4004 276 4055 et
289 4016 354 4072 qum
368 4007 467 4058 nostra
480 3941 593 4074 dieitur,
609 4001 678 4078 quia
691 4000 775 4060 nobis
789 4000 871 4077 inest,
887 4009 917 4060 et
930 4001 1036 4060 nostris
1050 4000 1212 4060 actionibus
1233 4002 1385 4081 perficitur,

174 4076 229 4212 ,sled
244 4075 265 4135 J
267 4076 394 4135 ustitiam
413 4078 467 4137 Dei
481 4087 510 4138 et
524 4080 640 4157 Christi,
656 4101 720 4158 quae
734 4080 819 4139 nobis
833 4081 998 4159 imputatur,
1014 4087 1044 4139 et
1057 4099 1108 4158 per
1121 4079 1205 4138 fidem
1227 4083 1385 4159 apprehen-

198 4165 262 4215 rtur.

174 4281 196 4328 5,
213 4283 261 4334 Qu,
292 4285 323 4328 „0
353 4285 417 4330 in·-
479 4239 570 4299 XVI.
594 4241 692 4316 Sexto,
709 4241 852 4315 Quiahoc
867 4241 988 4318 derogat
1012 4239 1121 4299 meritis
1136 4239 1252 4316 Christi,
1269 4241 1308 4300 Et
1322 4243 1384 4319 glo·

205 4299 415 4390 riurrimacchdi-
437 4319 567 4380 rictionis
581 4341 615 4378 ae
630 4321 771 4398 superbia
786 4329 830 4380 est
844 4329 1054 4398 argumentum.
1098 4320 1172 4378 Nam
1187 4321 1210 4378 si
1229 4321 1343 4398 justitia
1358 4331 1387 4382 et

205 4406 239 4472 to,
254 4403 329 4446 eadee
340 4407 416 4474 mets-
435 4399 538 4460 merita
552 4401 661 4460 Christi
674 4400 839 4477 plenissime
855 4400 1000 4459 sufficiunt
1019 4400 1056 4459 ad
1068 4401 1303 4478 justificationem
1318 4421 1385 4461 nos-

203 4461 416 4562 ppurpnplonandt
437 4487 530 4555 tram;
552 4481 611 4539 Cur
624 4489 780 4539 assuuntur
794 4481 896 4538 merita
916 4480 1067 4539 humana?
1107 4481 1210 4540 Nonne
1225 4481 1266 4540 sio
1281 4481 1387 4559 injuria

437 4559 470 4618 fit
485 4560 608 4635 Christ0,
624 4568 653 4620 et
667 4560 787 4619 materia
801 4559 886 4619 datur
899 4560 1009 4618 homini
1024 4560 1053 4618 in
1078 4561 1173 4638 seipso
1198 4561 1274 4638 apud
1291 4562 1384 4623 Deum

174 4637 343 4714 gloriandi?
385 4639 447 4698 Nec
468 4639 524 4699 hoc
549 4639 706 4699 absurdum
731 4640 842 4699 tollitur
866 4639 988 4698 dicendo
1010 4649 1100 4700 totam
1125 4642 1199 4700 hanc
1211 4642 1387 4718 justitiame

173 4717 289 4778 Christo
310 4719 445 4797 pendere,
460 4721 510 4798 qui
525 4719 648 4780 atillam
667 4720 751 4779 nobis
776 4720 945 4798 impertitur,
971 4729 1001 4779 et
1022 4720 1066 4779 illi
1090 4721 1141 4781 dat
1161 4721 1222 4780 vim
1246 4723 1385 4787 nterondi.
