3192 5206
135 393 251 442 comer.
266 375 346 458 vm]
551 389 589 431 ns
604 391 720 432 orrroro
734 389 852 432 camsrr
867 391 1064 434 uenturomo.
1298 383 1357 441 357

136 537 285 598 oblatione
300 555 365 614 qua
380 533 455 593 fecta
466 540 510 592 est
524 531 636 605 ἰφιίπιξ,
651 540 680 590 et
689 549 753 608 quse
768 531 798 589 in
809 531 943 608 passione
954 543 983 592 et
994 543 1085 593 morte
1098 535 1205 596 Christi
1216 538 1356 615 consistit,

134 635 196 675 non
210 618 248 677 de
263 636 297 675 ea
311 633 376 693 quae
390 613 526 672 continuo
540 611 574 671 fit
587 613 618 670 iu
633 611 722 687 coelis,
738 629 791 669 nec
805 611 881 670 enim
896 612 974 689 quod
984 614 1022 673 fit
1032 614 1069 672 ad
1080 618 1356 677 consummationem

135 698 237 772 seculi,
252 703 349 774 potest
371 693 428 751 dici
449 692 511 750 fieri
525 690 632 766 semel,
655 693 682 749 3.
700 692 744 749 De
759 710 794 749 ee
814 709 908 749 sermo
932 699 985 767 est,
1001 693 1031 750 in
1045 713 1103 770 qua
1126 695 1281 755 visibiliter
1305 717 1355 776 ap-

134 778 241 853 paruit,
257 775 336 853 quod
350 773 386 832 de
401 772 503 831 diebus
517 771 618 830 Carnis
633 790 693 830 susa
706 771 737 827 in
751 777 828 828 terra
842 769 928 829 debet
942 771 1074 849 intelligi,
1087 793 1145 832 non
1159 794 1229 834 vero
1240 775 1276 835 de
1291 777 1356 854 ejus

135 873 219 914 more
233 857 262 914 in
278 855 367 928 coelis,
379 852 410 910 in
424 871 481 928 que
491 869 568 908 nunc
579 851 658 924 latet,
674 849 766 908 donee
780 848 818 907 sd
829 849 972 926 judicium
985 851 1098 928 redeet;
1120 857 1149 912 4.
1172 853 1229 913 Ille
1243 854 1354 916 obletio

133 934 317 1012 intelligitur,
333 953 398 1010 quae
412 929 582 989 antecedere
596 929 697 988 debuit
711 929 789 987 illius
805 929 970 988 Sessionem
984 930 1021 989 ad
1035 931 1168 991 dextram
1183 934 1248 1010 Del,
1265 934 1353 1012 siqui·

134 1011 201 1072 dem
215 1014 329 1087 dicitur,
347 1011 424 1069 Hah.
434 1031 464 1069 x.
482 1013 528 1083 12,
543 1029 601 1068 une
611 1029 663 1086 pro
676 1009 803 1086 peccatis
817 1008 914 1067 oblata
927 1009 1047 1069 victima
1058 1013 1222 1073 consedisse
1234 1014 1271 1072 ad
1281 1015 1352 1073 dex·

132 1103 209 1152 nam
225 1094 289 1167 Dei,
305 1091 355 1150 ubi
371 1091 439 1149 Une
453 1089 561 1148 oblatio
576 1088 730 1166 opponitur
746 1087 874 1146 Sessioni
885 1089 915 1146 in
929 1099 1108 1167 perpetuum.
1137 1092 1181 1152 At
1195 1095 1220 1153 si
1242 1094 1351 1153 oblatio

133 1171 191 1230 iste
204 1172 375 1231 consisteret
388 1171 419 1227 in
429 1169 495 1246 jugi
509 1187 572 1227 corn
594 1167 714 1226 eritione
727 1167 833 1226 Christi
841 1187 894 1244 pro
904 1169 997 1243 nobis,
1012 1190 1070 1228 non
1080 1172 1204 1249 amplios
1217 1174 1291 1233 forat
1303 1177 1353 1250 μία

129 1251 217 1326 eona
234 1251 286 1310 sed
298 1251 378 1309 &nis
391 1269 473 1326 saque
486 1254 518 1314 etc
532 1254 558 1306 el
572 1189 670 1312 lami<
684 1267 717 1306 ac
731 1248 795 1325 ejus
810 1248 909 1307 sessio.
952 1249 1014 1308 Nec
1027 1259 1126 1328 posset
1139 1251 1198 1312 dici
1211 1254 1268 1312 ista
1292 1273 1351 1314 ses·

133 1333 178 1391 sio
193 1331 275 1408 sequi
288 1331 374 1390 istam
388 1329 573 1403 oblationem,
588 1347 654 1386 cum
668 1327 698 1385 in
712 1346 746 1385 ea
759 1327 941 1404 potissimum
955 1329 1133 1389 consisteret.

132 1449 155 1495 ἃ
205 1447 374 1494 sacerdotium
436 1408 509 1466 VII.
531 1407 638 1482 Tertio,
654 1407 739 1481 Quod
755 1406 952 1467 Sacerdotium
973 1406 1168 1487 distinguetur
1191 1408 1351 1472 formaliter

161 1505 302 1565 dtsnngure
313 1506 376 1564 laag.
396 1508 414 1546 a
428 1488 540 1565 Regno,
556 1507 609 1545 nec
624 1487 762 1546 consistat
775 1494 887 1545 tantum
901 1487 932 1544 in
942 1489 1092 1548 voluntate
1113 1489 1242 1567 generin
1266 1493 1350 1550 nobis

162 1578 202 1610 ¹¹0·
397 1567 596 1640 subveniendi,
613 1566 664 1625 sed
678 1566 708 1624 in
722 1566 872 1625 voluntate
887 1567 1005 1644 speciali
1019 1567 1130 1647 Corpus
1141 1569 1282 1629 divinitus
1293 1571 1349 1630 sibi

132 1657 264 1728 aptatum
277 1646 418 1712 offerendi
431 1648 461 1705 In
475 1646 647 1705 sacrificium
660 1665 712 1723 pro
726 1645 976 1723 peccatisnostris,
986 1655 1074 1724 petet.
1118 1649 1192 1723 Quia
1202 1648 1271 1709 licet
1281 1651 1346 1709 Mu·

133 1748 190 1788 nus
205 1728 330 1805 Regium
345 1735 374 1786 et
390 1725 575 1786 Sacerdotale
589 1726 620 1784 in
635 1725 750 1784 Christo
758 1725 849 1782 amice
864 1726 1030 1802 conspirent
1054 1727 1091 1786 ed
1114 1727 1236 1786 eundem
1259 1729 1347 1788 finem

132 1827 325 1882 communem,
342 1807 464 1865 salutem
479 1813 549 1882 pute
562 1805 720 1879 hominum,
735 1804 932 1864 functionibus
946 1813 1043 1865 nmen
1069 1806 1264 1884 peculiaribus
1288 1809 1347 1867 dis-

132 1887 314 1965 tingnuntur,
329 1894 362 1945 ut
375 1887 450 1945 inter
463 1885 595 1944 homines
608 1883 745 1943 differunt
772 1883 951 1942 thuribulum
974 1894 1003 1944 et
1027 1895 1180 1963 sceptrum,
1204 1887 1295 1946 infule
1319 1897 1348 1949 et

133 1966 276 2025 diedema.
318 1965 415 2042 Reges
429 1985 446 2022 e
461 1965 524 2024 Deo
539 1964 734 2042 proficiuntur
748 1964 823 2022 inter
836 1964 967 2022 homines
981 1964 1017 2023 ed
1030 1985 1080 2024 eos
1094 1965 1246 2042 regendos,
1263 1976 1345 2027 tuen·

131 2045 194 2120 dos,
210 2055 239 2104 et
253 2046 282 2102 in
297 2043 389 2104 officio
403 2044 610 2117 continendos3
636 2043 693 2102 Sed
710 2042 879 2101 Sacerdotes
893 2063 945 2120 pro
955 2045 1121 2104 hominibus
1132 2046 1347 2106 constituuntur

130 2125 208 2203 apud
224 2126 327 2199 Deum,
343 2133 375 2183 ut
389 2125 415 2183 ei
429 2124 551 2182 offerant
565 2123 642 2182 done
655 2133 683 2182 et
698 2123 861 2181 oblationes
875 2143 927 2200 pro
941 2125 1076 2200 peccatis,
1090 2125 1167 2184 Heb.
1182 2145 1211 2184 v.
1229 2129 1255 2184 l.
1298 2127 1346 2186 Ita

129 2212 212 2265 sotus
227 2204 361 2264 formales
377 2203 536 2263 Seeerdotii
552 2203 658 2261 Christi
674 2211 741 2262 sunt
765 2203 873 2260 oblatio
898 2209 927 2261 et
951 2203 1127 2278 intercessio,
1152 2205 1249 2282 Regni
1273 2225 1344 2265 vero

129 2285 267 2357 defensio,
283 2284 454 2361 gubemetio
469 2292 498 2342 et
511 2282 643 2341 liberatio
658 2281 808 2340 Ecclesiae.
830 2282 895 2340 Rex
910 2281 971 2358 egit
985 2283 1014 2340 in
1028 2285 1167 2361 populum
1188 2293 1218 2344 et
1241 2284 1343 2345 adver·

129 2385 180 2424 sus
193 2364 300 2439 hostes,
318 2363 457 2422 Sacerdos
471 2363 587 2421 nomine
600 2361 700 2439 populi
714 2360 752 2419 ed
767 2361 870 2419 Deum.
894 2362 989 2438 Regni
1010 2363 1126 2440 propria
1148 2371 1192 2422 est
1215 2365 1346 2442 potentie

129 2445 166 2503 ed
181 2443 372 2522 protegendos
387 2462 463 2518 suos,
479 2452 508 2501 et
521 2441 621 2501 hostes
635 2439 803 2499 vincendos.
828 2441 987 2500 Seeerdotii
1000 2461 1070 2501 vero
1082 2443 1197 2520 justitia
1221 2443 1258 2502 ed
1282 2446 1343 2521 ple·

129 2524 254 2583 candum
267 2523 359 2582 Deum
374 2531 403 2582 ct
418 2521 491 2599 Legi
516 2520 758 2580 satisfaciendum.
795 2521 881 2580 Unde
908 2522 971 2600 typi
1002 2522 1161 2582 Seeerdotii
1189 2532 1219 2583 et
1247 2523 1344 2601 Regni

128 2602 236 2663 diversi
255 2602 370 2662 nerunt
384 2603 414 2660 in
431 2601 597 2661 Sacerdotio
612 2599 753 2674 Levitico,
768 2609 798 2660 et
812 2601 915 2678 Regno
931 2602 1083 2661 Davidico.
1095 2603 1249 2678 Perperem
1273 2623 1343 2663 vero

130 2683 329 2743 Sacerdotium
343 2683 528 2741 constituitur
541 2689 653 2740 tantum
667 2681 697 2738 in
711 2680 862 2739 voluntate
875 2698 929 2738 nos
940 2681 1073 2757 juvandi,
1089 2680 1167 2758 qnod
1177 2701 1236 2740 non
1246 2683 1342 2742 minus

127 2771 173 2823 est
187 2762 292 2839 Regni,
307 2781 394 2839 quam
411 2761 587 2837 Seeerdotii,
611 2761 684 2819 Cum
700 2759 847 2836 Scriptura
861 2779 997 2836 expresse
1011 2761 1084 2819 illud
1098 2769 1187 2837 ponet
1207 2761 1237 2818 in
1261 2761 1342 2821 oble·

129 2843 207 2902 tione
223 2841 358 2918 Corporis
372 2841 425 2915 sui,
442 2839 519 2899 Heb.
534 2861 564 2898 x.
580 2843 607 2915 5,
624 2843 651 2914 6,
668 2843 695 2913 7,
711 2858 798 2915 quam
812 2848 950 2914 sequetur
971 2841 1084 2916 proprie
1109 2839 1186 2898 dicte
1214 2840 1342 2917 expiatio

127 2941 192 2998 quse
206 2942 264 2980 non
278 2921 329 2980 fiat
342 2921 428 2979 modo
442 2939 494 2998 per
506 2928 690 2998 peccatorum
701 2918 942 2977 condonationem
957 2919 1090 2977 absoluta
1104 2919 1227 2995 quedem
1244 2929 1341 2996 potes·

127 3009 195 3077 tate,
212 3001 325 3078 sedper
338 3019 436 3059 veram
451 3009 480 3059 et
492 2999 637 3077 propriam
659 2997 883 3057 satisfactionem
905 3017 957 3075 per
976 2998 1145 3074 sanguinem
1168 3007 1197 3056 et
1218 3009 1340 3058 mortem

130 3081 283 3158 Sponson‘s
297 3079 327 3137 ln
341 3080 425 3138 terris
439 3080 553 3137 factam.

428 3159 519 3217 VIII.
541 3159 636 3233 Quum
653 3158 760 3217 Paulus
771 3157 820 3233 eit,
837 3156 914 3216 Heb.
923 3157 984 3215 viii.
994 3159 1021 3232 4,
1039 3156 1188 3231 Chrisbrm,
1205 3156 1269 3215 siin
1284 3165 1338 3216 ter·

386 3238 428 3296 ria
442 3247 518 3312 esset,
533 3241 702 3312 nefastorum
717 3239 828 3314 quidem
842 3238 1022 3296 Sacerdotem
1035 3237 1208 3295 menestheo
1221 3237 1276 3295 illis
1284 3237 1338 3296 Sa-

387 3319 550 3391 cerdotibus,
566 3318 777 3394 quiescendum
792 3319 896 3392 Lepem
910 3319 986 3375 dona
1000 3318 1127 3391 efferunt,
1144 3316 1209 3374 Non
1230 3335 1337 3394 negare

124 3397 189 3456 vult
202 3395 334 3456 absolute
349 3397 494 3457 Christum
509 3397 597 3456 fuisse
614 3397 798 3456 Sacerdotem
813 3398 843 3455 in
857 3406 940 3472 terra,
956 3396 1035 3472 quod
1060 3395 1173 3473 prolixe
1187 3397 1290 3456 asserit
1309 3407 1339 3456 et

125 3476 284 3552 confirmat,
296 3497 358 3554 cap.
370 3477 430 3554 vii,
446 3478 495 3551 ix,
508 3487 537 3536 at
548 3497 587 3550 x,
598 3477 649 3535 sed
658 3477 714 3535 hoc
725 3475 861 3552 intelligit
874 3479 1024 3535 secundum
1035 3476 1110 3552 quid,
1123 3475 1159 3533 de
1170 3482 1236 3534 ectu
1247 3476 1338 3536 eltero

126 3556 286 3615 Seeerdotii
300 3557 399 3633 ipsius,
414 3557 548 3615 nimirum
570 3557 606 3614 de
628 3556 805 3633 apparitione
830 3563 859 3613 et
883 3555 1087 3614 intercessione
1111 3554 1188 3632 epud
1212 3556 1335 3633 Patrem,

124 3655 188 3712 quse
201 3636 272 3694 alibi
287 3655 372 3713 quem
384 3637 414 3694 in
428 3637 509 3695 coelis
523 3636 585 3694 fieri
599 3655 656 3692 non
671 3635 773 3712 potuit.
796 3635 843 3692 Ite
856 3635 911 3694 hoc
926 3635 963 3692 ad
990 3643 1104 3712 tempus
1127 3655 1255 3712 praesens
1279 3655 1337 3714 quo

122 3715 296 3793 loquebatur
312 3715 470 3793 Apostolus
484 3717 616 3794 pertinet,
632 3724 665 3773 ut
679 3733 781 3772 sensus
793 3715 838 3789 sit,
851 3714 875 3772 si
886 3735 963 3773 nunc
973 3714 1003 3772 in
1013 3715 1097 3774 terris
1107 3722 1184 3773 esset
1194 3715 1334 3791 Christus,

123 3814 181 3852 non
196 3803 293 3872 posset
307 3815 370 3854 esse
387 3795 536 3871 Sacerdos,
563 3793 706 3870 siquidem
725 3794 755 3851 in
780 3794 881 3853 Veteri
903 3794 1089 3853 Testamento
1115 3794 1252 3853 Pontifex
1276 3815 1335 3853 non

123 3872 154 3930 in
169 3873 254 3932 Atrio
268 3893 381 3951 semper
394 3875 529 3948 haerebet,
546 3874 598 3932 sed
612 3873 767 3950 aliquando
782 3873 908 3950 oportuit
922 3873 1015 3951 ipsum
1035 3873 1149 3950 ingredi
1173 3873 1335 3931 Sacrarium

124 3971 190 4008 enm
204 3953 363 4030 sanguine;
385 3973 451 4012 nam
466 3955 491 4012 si
505 3955 560 4013 hoc
574 3973 631 4012 non
646 3953 769 4026 fecisset,
785 3973 843 4010 non
858 3971 957 4012 omnes
971 3961 1068 4030 partes
1082 3951 1167 4010 officii
1179 3951 1222 4008 sui
1232 3951 1334 4028 imple·

124 4031 223 4088 visset.
267 4031 326 4090 Sed
339 4051 397 4090 non
411 4034 548 4112 sequitur,
564 4033 589 4091 si
604 4033 711 4091 Christi
726 4032 873 4108 ingressus
887 4033 917 4089 in
931 4032 1036 4091 coslum
1050 4029 1205 4106 requisitus
1229 4029 1284 4088 fuit
1297 4031 1335 4090 sd

122 4110 365 4170 contiuuetionem
381 4113 428 4172 vel
442 4113 716 4172 consummationem
731 4112 820 4188 ipsius
837 4111 1004 4186 Seeerdotii
1019 4108 1188 4185 requisitum
1200 4107 1287 4167 fuisse
1297 4111 1334 4168 ed

122 4189 185 4266 ejus
200 4191 433 4251 constitutionem
445 4214 451 4268 ;
468 4193 531 4250 Imo
546 4199 645 4251 eontra
659 4191 689 4249 in
703 4191 808 4250 coslum
822 4211 880 4251 non
895 4189 996 4250 fuisset
1010 4205 1189 4261 escensurus,
1204 4187 1260 4246 nisi
1271 4189 1332 4266 jam

125 4268 267 4328 Sacerdos
288 4267 398 4330 fuisset.

165 4349 225 4406 IX.
248 4348 331 4408 Licet
348 4349 544 4409 Sacerdotium
559 4349 588 4407 in
603 4358 679 4409 terra
689 4350 828 4427 compleri
836 4369 893 4408 non
907 4347 1042 4426 potuerit,
1058 4346 1125 4405 Non
1145 4345 1278 4422 sequitur
1292 4347 1333 4407 ibi

120 4449 180 4487 non
194 4429 323 4506 potuisse
337 4429 484 4504 inchoari;
510 4430 571 4488 Nec
585 4449 650 4508 quse
663 4430 809 4508 pertinent
828 4429 865 4489 ed
882 4427 1078 4487 Sacerdotium
1095 4425 1330 4501 continuandum,

121 4509 259 4568 contiuuo
283 4507 320 4566 ad
345 4509 408 4586 ejus
432 4509 665 4569 constitutionem
690 4517 830 4604 spectant.
863 4506 954 4566 Aliud
964 4517 1009 4566 est
1022 4526 1081 4565 non
1094 4523 1158 4564 esse
1172 4504 1329 4582 perfectum

120 4597 149 4648 et
163 4597 396 4647 consummatum
411 4589 473 4664 ejus
490 4587 686 4647 Sacerdotium
702 4609 731 4646 111
745 4590 837 4662 terris,
850 4587 927 4665 qnod
939 4587 1133 4660 concedimus,
1157 4584 1247 4643 Aliud
1262 4605 1330 4646 vere

120 4675 148 4727 et
162 4667 288 4746 perfecte
303 4688 361 4726 non
378 4667 465 4726 fuisse
482 4667 665 4727 Sacerdotem
677 4669 738 4746 jem
759 4669 789 4727 in
813 4676 898 4742 terre,
914 4667 992 4744 quod
1011 4685 1160 4743 negemus.
1205 4665 1268 4723 lmo
1282 4667 1330 4726 vel

166 3215 256 3260 Fontes
267 3199 338 3260 Solu·

195 3276 298 3318 tionum.
