3192 5206
120 423 231 474 eumer.
248 400 293 484 v.]
468 420 506 459 nn
521 419 637 462 ornrcro
652 423 770 464 onerem
785 421 979 464 namurcum.
1269 409 1326 466 347

120 575 149 625 et
163 573 265 624 morte.
290 562 339 621 Sin
354 561 430 620 Heb.
441 562 460 619 i.
476 565 503 635 2,
514 563 542 637 3,
556 561 636 621 Deus
650 561 755 623 dieitur
764 563 848 622 nobis
861 564 975 622 locutus
990 564 1019 621 in
1035 563 1120 640 Filio,
1136 573 1273 642 tanquam
1298 567 1328 624 in

121 665 235 705 summo
258 643 410 719 Propheta,
426 641 477 718 qui
497 649 650 717 postquam
660 644 860 737 purgationem
881 652 1065 721 peccatorum
1082 652 1245 702 nostrorum
1260 645 1329 705 fecit

120 745 180 802 qua
203 723 352 798 Sacerdos,
369 721 443 780 sedit
456 721 486 778 in
500 719 604 780 dextra
617 722 726 780 Thronr
741 723 900 802 majestatis
910 723 940 780 in
955 723 1087 797 excelsis,
1103 743 1161 800 qua
1172 725 1246 783 Rex.

121 843 137 889 2
160 843 172 889 ,
237 841 279 888 „.
296 843 304 886 ,
327 841 342 885 h
429 800 520 858 VIII.
541 801 682 877 Secundo,
696 801 782 861 Hanc
795 803 916 880 triplicis
931 802 1024 863 Officii
1039 804 1270 880 conjunctionem
1285 825 1329 864 re·

139 849 261 947 'mindhp
273 855 369 944 wrong
389 881 521 958 quirebat
535 881 640 958 trqnteae
663 883 803 941 bominum
825 883 938 941 macria
950 903 1002 960 per
1014 891 1165 960 peccatum
1179 885 1328 960 accersita,

150 963 200 1016 rias
385 960 561 1038 Ignorantia,
578 963 696 1038 Rectus,
712 963 856 1039 Tyrannio
867 971 896 1021 et
912 963 1036 1022 servitus
1049 965 1170 1040 peccati.
1185 966 1327 1040 lynoran-

121 1048 161 1104 tio
176 1053 295 1104 sanatur
307 1061 359 1119 per
374 1040 567 1117 Prophetiam,
579 1043 688 1100 Rechts
699 1061 750 1119 per
765 1042 972 1117 Sacerdotium,
991 1044 1131 1118 Ίῖρναηηιζς
1145 1053 1171 1101 et
1185 1045 1329 1120 corruptio

117 1125 230 1203 peccati
242 1143 294 1200 per
308 1123 453 1198 Regnum.
476 1119 588 1178 Lumen
613 1122 815 1198 Propheticnm
831 1121 966 1180 tenebras
979 1124 1083 1181 erroris
1097 1123 1224 1198 discutit,
1241 1124 1329 1183 Meri-

121 1215 184 1264 tum
200 1201 365 1264 Sacerdotis
379 1207 489 1258 reatum
500 1199 585 1275 tollit,
600 1211 630 1259 et
643 1201 903 1260 reconciliationem
919 1201 1002 1260 nohis
1015 1212 1105 1280 parat,
1122 1203 1257 1262 Potentia
1271 1205 1330 1262 Re-

123 1285 169 1362 gis
183 1283 353 1342 servitutem
372 1279 484 1358 peccati
505 1287 534 1337 et
554 1281 655 1339 mortis
679 1281 780 1340 aufert.
824 1281 968 1357 Propheta
988 1283 1114 1341 ostendit
1124 1283 1209 1341 nohis
1224 1284 1328 1360 Deum,

126 1363 267 1423 Sacerdos
288 1360 407 1419 adducit
430 1378 484 1417 noe
508 1358 545 1416 ad
571 1361 674 1434 Deum,
690 1369 719 1418 et
734 1361 800 1418 Rex
815 1361 965 1437 conjungit
979 1371 1009 1420 et
1018 1355 1161 1437 glorificat
1175 1383 1239 1422 curn
1257 1363 1329 1422 Deo.

125 1444 270 1520 Propheta
285 1440 394 1517 Spiritu
407 1439 626 1497 illuminationis
640 1440 817 1498 intellectum
838 1439 972 1514 illustrat,
987 1441 1128 1500 Sacerdos
1144 1443 1252 1519 Spiritu
1262 1463 1329 1500 con·

124 1522 274 1582 solationis
288 1517 457 1597 tranquillat
481 1537 530 1576 cor
544 1528 573 1577 et
594 1520 809 1594 conscientiam,
826 1519 891 1578 Rex
912 1519 1021 1597 Spiritu
1036 1521 1271 1581 sanctificationis
1285 1542 1329 1580 re-

122 1603 265 1662 bellantes
279 1599 400 1658 affectus
413 1595 521 1656 domat.

426 1677 486 1734 IX.
508 1676 614 1750 Tertio,
631 1675 761 1736 Eandem
779 1678 917 1755 exigebat
939 1688 1045 1737 natura
1057 1681 1156 1737 salutis
1172 1681 1248 1738 nobis
1266 1701 1330 1739 con-

124 1745 365 1847 transsumpto·
377 1759 517 1832 screndoe.
559 1756 628 1814 Tria
646 1757 722 1814 enim
746 1757 863 1815 omnino
885 1757 922 1815 ad
947 1779 1008 1817 earn
1029 1759 1255 1835 requirebantur,
1271 1761 1331 1818 Aa·

142 1811 175 1850 2¹⁸
185 1805 298 1849 ⁰⁰¹²s⁰oe¹¹
317 1815 351 1856 ω’
387 1837 536 1910 annotatio,
551 1837 712 1912 Aequisitio,
727 1837 889 1912 Applicatio
903 1860 912 1894 .·
928 1838 970 1896 Ut
981 1839 1157 1898 revelaretur
1170 1838 1253 1898 nobis
1267 1840 1331 1916 qni-

127 1919 183 1978 bus
197 1925 299 1976 natura
312 1925 357 1976 est
370 1915 477 1994 ignota,
502 1915 543 1974 Ut
557 1916 641 1974 nohis
654 1917 857 1992 acquireretur,
873 1924 903 1976 et
917 1917 959 1976 Ut
968 1918 1108 1994 acquisita
1131 1918 1331 1995 applicaretur.

128 1999 260 2058 Christus
274 2015 343 2074 ergo
357 1995 462 2072 triplici
477 1995 578 2054 Officio
602 2015 663 2070 suo,
679 1995 734 2053 tria
748 1995 804 2054 ista
824 1995 925 2055 debuit
944 2006 1088 2073 praestare,
1112 1998 1234 2056 salutem
1248 1999 1333 2058 nobis

126 2077 301 2137 annunciare
343 2095 394 2152 per
434 2074 594 2133 doctrinam
626 2075 787 2151 Propheta,
828 2075 949 2134 salutern
980 2077 1150 2154 promissam
1185 2078 1333 2154 acquirere

125 2177 178 2236 per
198 2157 331 2216 meritum
354 2154 526 2229 Sacerdotis,
548 2163 578 2213 et
598 2155 769 2231 acquisitam
790 2155 934 2232 applicare
955 2175 1006 2233 per
1028 2156 1183 2215 efficaciam
1207 2157 1332 2235 Spiritus

127 2237 223 2314 aegra

126 2383 149 2428 4.
171 2383 201 2428 In
228 2381 369 2426 MedIstorIs

200 2441 295 2486 actibus
306 2455 312 2492 ;

430 2311 473 2371 X.
495 2313 612 2387 Quarto,
627 2313 797 2372 Mcdrbtons
818 2322 897 2372 anm
909 2332 967 2372 non
982 2321 1114 2392 poterant
1127 2315 1211 2374 aliter
1223 2316 1332 2394 perfici.

391 2393 457 2451 Duo
472 2393 549 2451 enim
571 2393 734 2452 necessaria
746 2402 836 2468 erant,
858 2394 900 2453 Ut
914 2403 1013 2470 ageret
1026 2403 1135 2471 aparte
1149 2396 1240 2456 nostri
1254 2397 1333 2473 apud

391 2473 493 2546 Deum,
510 2480 570 2531 eta
590 2481 671 2550 parte
686 2471 743 2530 Dei
763 2473 841 2550 apud
854 2491 907 2532 nos
920 2499 955 2530 τι
975 2479 1034 2554 πρὶς
1055 2479 1094 2532 τὶν
1114 2477 1169 2533 tar
1183 2484 1212 2534 et
1224 2501 1259 2534 τοι
1273 2482 1333 2556 πρὶς

127 2556 202 2630 ipis.
219 2555 281 2611 Pro
295 2553 371 2610 nobes
384 2555 426 2610 ad
437 2554 531 2610 Deum
545 2551 756 2626 satisfaciendo,
769 2561 798 2611 at
812 2552 1024 2630 intercedendo,
1037 2553 1116 2630 quod
1129 2554 1197 2614 Iecit
1211 2575 1268 2631 qua
1281 2557 1332 2614 Sa-

126 2634 237 2708 cerdos,
262 2635 279 2666 “
289 2631 390 2692 Omnis
398 2632 474 2690 enim
488 2631 629 2690 Sacerdos
643 2632 803 2690 instituitur
816 2633 889 2690 iniis
900 2641 1040 2710 quaesunt
1050 2633 1128 2710 apud
1143 2635 1246 2709 Deum,
1263 2635 1332 2694 offe·

125 2714 215 2772 rendo
230 2711 307 2771 dona
320 2721 350 2770 et
363 2711 531 2786 sacrificia,''
548 2711 625 2769 Hah.
640 2731 669 2769 v.
687 2715 713 2769 1.
723 2713 785 2769 Pro
793 2713 905 2770 Dcoad
913 2733 970 2782 nos,
982 2713 1128 2789 loquendo
1139 2721 1169 2772 et
1177 2715 1331 2790 operando,

125 2795 206 2871 prins
219 2811 271 2869 per
284 2791 535 2851 annunciationem
560 2791 660 2866 gratia
686 2791 741 2849 Dei
759 2798 789 2850 et
803 2791 896 2850 Officii
909 2792 1009 2866 nostri,
1024 2791 1103 2868 quod
1116 2794 1177 2868 egit
1190 2811 1249 2869 qua
1263 2794 1332 2852 Pro·

126 2874 230 2950 pheta,
253 2872 395 2949 posterius
408 2890 460 2946 per
473 2879 619 2947 potentem
632 2870 858 2947 redemptionem
873 2871 910 2929 ab
924 2871 1057 2929 omnibus
1071 2860 1203 2930 hostibus
1217 2873 1331 2950 nostrIs,

127 2961 157 3010 et
171 2951 315 3011 efficacem
330 2950 431 3009 salutis
443 2950 537 3027 plenae
550 2949 788 3026 procurationem,
805 2949 882 3026 quod
896 2948 965 3008 iecit
974 2969 1032 3027 qua
1047 2951 1121 3008 Rex.

430 3029 490 3086 XI.
512 3029 628 3104 Quinto,
643 3031 793 3104 smnbolt'm
817 3031 876 3088 Vct.
901 3029 973 3088 Test.
992 3031 1100 3088 UactIo.
1123 3029 1242 3106 Triplex
1256 3031 1333 3089 enlm

127 3097 368 3154 ⁵·1¹¹T5P⁰¹¹¹¹²¹¹¹¹²·
388 3109 537 3167 hominum
559 3127 651 3184 genus
674 3107 728 3167 tuit
742 3108 796 3167 sub
819 3109 886 3167 Vet.
901 3108 981 3167 Test.
1003 3108 1082 3185 qnod
1103 3108 1238 3167 unctione
1253 3129 1335 3169 soora

192 3155 314 3213 planum
390 3187 551 3246 consecrari
561 3187 669 3263 debuit,
681 3188 833 3265 Prophetae
848 3187 965 3262 scilicet,
990 3187 1168 3262 Sacerdotes,
1183 3197 1213 3246 et
1227 3189 1333 3266 Reges,

127 3278 161 3328 nt
173 3270 269 3328 risum
284 3267 313 3324 in
329 3269 444 3342 Elisaeo,
462 3271 477 3324 1
494 3268 568 3343 Reg.
593 3267 655 3325 xix.
678 3269 722 3341 15,
744 3267 775 3325 in
791 3267 907 3325 Aarone
923 3267 1017 3326 Exod.
1032 3267 1125 3342 xxix,
1151 3268 1181 3324 in
1201 3269 1333 3345 Regibus

128 3349 245 3428 passius.
269 3347 310 3406 Ut
324 3367 393 3406 vero
405 3365 504 3406 omnes
518 3346 594 3422 Typi
609 3347 647 3404 ad
660 3366 749 3405 unum
764 3347 910 3406 Christum
921 3347 1121 3424 respiciebant,
1132 3354 1161 3405 et
1172 3347 1201 3405 in
1210 3367 1246 3406 eo
1256 3369 1334 3407 com·

128 3430 305 3508 plementum
328 3445 412 3486 suurn
434 3426 635 3500 sortiebantur,
660 3425 760 3485 debuit
774 3427 906 3486 Christus
932 3427 1083 3486 veritatem
1105 3427 1228 3504 triplicIs
1251 3428 1336 3488 istius

130 3509 261 3569 Muneris
274 3507 306 3564 in
320 3507 414 3584 seipso
428 3505 574 3581 exhibere,
586 3506 637 3564 scd
646 3506 734 3583 longe
747 3506 903 3583 perfectius
915 3527 1003 3583 quam
1017 3507 1047 3563 in
1061 3505 1134 3580 aliis,
1150 3525 1208 3564 non
1222 3515 1335 3567 tantum

126 3589 239 3648 ratione
253 3585 465 3664 conjunctionIs
480 3585 567 3644 trium
589 3585 709 3644 istarum
731 3587 863 3662 partium,
880 3605 952 3664 quas
978 3585 1234 3646 nullushominnm
1250 3588 1336 3646 simul

127 3669 247 3748 implere
261 3667 363 3745 potnit,
379 3673 513 3742 utsupra
526 3664 644 3740 dictum,
660 3664 712 3722 sed
726 3665 810 3724 etiam
825 3666 936 3724 ratione
948 3665 1119 3739 eminentis,
1132 3675 1161 3725 et
1174 3666 1334 3744 dignitatis,

128 3758 191 3807 tum
205 3747 308 3822 Officii
320 3756 382 3807 tum
397 3746 556 3804 Donornm.

433 3824 511 3882 XII.
535 3823 634 3898 Sexto,
658 3823 724 3881 Hoc
748 3823 835 3883 etiarn
859 3843 917 3882 non
941 3825 1062 3884 obscure
1086 3823 1245 3883 innuebant
1276 3832 1336 3884 tres

394 3905 545 3982 praecipuae
561 3903 618 3960 Dei
632 3902 762 3976 virtutes,
778 3923 842 3980 quae
852 3905 882 3961 iu
893 3904 984 3982 Opere
995 3902 1213 3980 Redemptionis
1222 3921 1252 3960 se
1267 3923 1337 3979 erga

394 4003 447 4042 noe
461 3983 626 4055 exerebant,
645 3981 800 4058 Sapientia,
827 3983 1035 4056 Misericordia,
1051 3980 1193 4040 Potentia.
1223 3981 1335 4059 Quippe

132 4058 302 4135 sapientiam
318 4060 373 4118 Dei
386 4063 496 4122 revelat
514 4062 599 4121 nobis
624 4061 717 4120 Filius
737 4071 770 4121 nt
795 4063 948 4140 Propheta,
969 4060 1193 4119 misericordiam
1208 4060 1271 4136 ejus
1284 4081 1336 4119 no·

131 4139 179 4198 bis
192 4147 370 4214 promeretur
383 4149 416 4200 nt
441 4143 590 4216 Sacerdos,
613 4149 643 4199 et
655 4143 814 4218 potentiam
828 4141 970 4218 depromit
983 4140 1020 4198 ad
1034 4139 1124 4198 nostri
1137 4137 1337 4198 liberationem

131 4226 163 4277 et
173 4217 297 4276 salutern
315 4227 348 4276 ut
363 4219 427 4278 Rex
441 4230 546 4280 noster.
564 4221 643 4279 Hinc
665 4222 792 4280 nascitur
814 4221 958 4299 objectum
972 4220 1058 4278 trium
1074 4217 1222 4278 Virtutum
1237 4219 1336 4277 Cordi·

133 4297 254 4372 aelium,
270 4297 363 4372 Fidei,
389 4300 465 4376 Spei,
478 4310 507 4359 et
521 4299 685 4373 charitatis,
702 4300 790 4360 Fides
804 4301 880 4360 enim
895 4299 1077 4377 amplectitur
1091 4297 1250 4356 doctrinam
1267 4297 1336 4357 Pro·

131 4379 237 4457 pheta,
255 4377 328 4454 Spes
341 4378 443 4436 nititur
455 4381 557 4439 merito
573 4377 746 4456 Sacerdotis,
758 4390 787 4440 et
796 4379 927 4439 Charitas
937 4399 968 4438 se
982 4397 1033 4455 per
1046 4376 1240 4437 voluntarium
1255 4377 1338 4438 obse·

131 4457 232 4536 quium
248 4465 363 4533 sceptro
378 4457 468 4534 Regis
479 4459 603 4536 subjicit.

174 4537 271 4596 XIII.
295 4535 364 4594 Tria
377 4545 474 4596 autem
494 4539 550 4597 ista
563 4537 657 4598 officia
669 4538 711 4596 ita
721 4539 751 4597 in
765 4538 880 4598 Christo
895 4538 1117 4614 conjunguntur,
1126 4542 1160 4593 nt
1173 4553 1231 4593 non
1246 4537 1339 4597 solum

131 4637 231 4678 eornm
246 4616 430 4696 operationes
443 4617 593 4678 distinctas
606 4625 714 4695 exerat,
725 4618 777 4678 sed
787 4617 887 4678 eadem
902 4617 977 4676 actio
987 4616 1105 4675 atrihus
1115 4615 1201 4674 simul
1211 4615 1339 4694 prodeat,

131 4697 211 4776 qnod
233 4697 275 4756 roi
298 4695 551 4758 admitabilitetem
578 4715 637 4756 non
661 4717 761 4775 parurn
785 4707 882 4776 auget.
926 4698 975 4758 Sic
990 4697 1073 4758 Omra
1086 4693 1202 4772 Christi,
1217 4715 1282 4773 quae
1296 4708 1342 4759 est

128 3891 152 3939 6.
167 3893 198 3938 In
218 3891 309 3936 'I'ribas
328 3893 373 3936 Del

188 3951 330 3996 rIrtutibus.
