3202 5194
271 387 328 444 108
724 401 816 442 noous
830 401 1011 466 praecluus.
1271 375 1399 458 [curaer.
1415 396 1482 438 xrx.

270 544 351 602 Deus
365 541 416 601 dat
428 541 510 619 leges
524 541 560 600 de
574 539 791 601 hereditatibus
805 542 1040 620 Polygamorum.
1070 537 1145 614 Quia
1159 537 1293 616 quamvis
1307 538 1481 616 Polygamis

268 625 364 700 legem
373 621 430 697 det,
440 623 533 699 ipsam
544 629 640 681 tamen
647 622 847 699 Polygamium
858 623 923 681 ideo
934 641 993 680 non
1004 619 1157 698 approbat;
1173 627 1206 678 ut
1216 619 1266 678 dat
1276 619 1379 696 legem,
1387 619 1477 678 Deut.

269 703 353 762 xxiii.
371 705 417 779 18,
432 701 470 760 de
483 721 542 760 non
565 701 714 760 inferenda
727 702 859 761 mercede
883 701 971 761 scorti
984 701 1015 759 in
1035 700 1154 760 domum
1175 699 1240 774 Dei,
1262 699 1358 776 ipsum
1378 707 1481 758 tamen

269 784 393 862 pretium
416 801 474 840 non
496 783 654 859 approbat;
685 781 735 842 dat
756 783 852 860 legem
871 781 907 842 de
929 779 1063 858 eligendo
1085 781 1176 857 Rege,
1192 779 1366 838 desiderium
1380 787 1482 837 tamen

269 863 369 942 populi
382 882 441 920 non
455 862 603 940 approbat,
627 865 641 919 1
661 862 737 921 Sam.
752 862 813 922 viii.
829 865 856 939 6,
872 867 900 921 7.
942 861 1000 920 Vel
1014 880 1052 919 ex
1072 880 1107 919 co
1121 859 1209 938 quod,
1226 861 1345 918 Denter.
1359 879 1432 917 xxv.
1449 861 1479 934 5,

270 943 317 1001 vir
329 943 431 1002 debuit
455 942 535 1002 fratri
548 950 661 1000 mortuo
683 943 821 1002 suscitare
842 961 949 1018 semen,
961 941 1012 1020 qui
1032 941 1127 1018 potuit
1147 959 1211 999 esse
1231 946 1385 1014 uxoratum
1408 938 1481 1016 quia

271 1043 365 1082 sermo
380 1031 425 1082 est
438 1025 473 1082 de
478 1024 624 1098 fratrebus
636 1023 820 1082 babitantibus
834 1043 900 1099 una,
916 1021 956 1080 id.
971 1021 1021 1098 qui
1035 1021 1120 1080 ambo
1134 1040 1192 1078 non
1206 1019 1265 1080 sint
1278 1019 1436 1096 conjugati.

312 1103 372 1162 IX.
388 1103 463 1178 Quia
476 1122 546 1162 vero
560 1121 644 1179 ragae
662 1101 792 1161 libidinis
806 1112 835 1162 et
848 1103 964 1162 veneris
977 1101 1137 1178 illegitime
1150 1101 1206 1158 hoc
1219 1106 1363 1178 praecepto
1377 1099 1479 1158 vctitae

271 1183 429 1242 remedium
444 1191 489 1242 est
501 1183 649 1260 legitimus
663 1182 841 1258 concubitus,
849 1184 899 1261 qui
913 1184 944 1242 in
956 1183 1079 1241 honesto
1093 1180 1229 1258 conjugio
1243 1179 1392 1256 reperitur,
1402 1198 1478 1255 prae·

271 1263 378 1341 cipitur
391 1263 520 1340 conjugii
534 1263 624 1321 aDac
638 1261 764 1322 instituti
776 1264 907 1341 legitima
917 1262 1074 1340 usurpatio,
1087 1262 1117 1320 in
1131 1260 1225 1338 iisqui
1239 1260 1344 1319 nolunt
1353 1267 1404 1317 aut
1416 1276 1478 1319 non

271 1352 394 1422 possunt
415 1363 445 1402 se
460 1343 615 1419 continere,
630 1350 663 1401 ut
684 1343 722 1401 sit
745 1345 909 1421 conjunctio
923 1342 1055 1420 legitima
1077 1349 1106 1400 et
1127 1339 1280 1398 individua
1300 1339 1423 1399 duorum
1445 1341 1478 1398 in

271 1443 359 1482 unam
380 1443 504 1498 carnem,
519 1442 571 1500 per
591 1443 751 1482 consensum
765 1427 883 1500 jactuum,
904 1443 964 1482 non
984 1429 1097 1482 tautum
1118 1419 1357 1494 contrahentium,
1373 1419 1426 1478 aad
1446 1428 1478 1479 et

271 1523 371 1562 eorum
384 1504 415 1562 in
429 1523 551 1582 quorum
566 1511 633 1562 sunt
656 1511 807 1580 potestate,
822 1503 932 1580 absque
946 1522 1004 1581 quo
1017 1502 1126 1580 nuptiae
1148 1507 1215 1560 sunt
1236 1499 1430 1574 clandestinae,
1447 1509 1479 1559 ct

271 1584 336 1660 ipso
347 1585 413 1662 jure
428 1585 524 1659 nullae,
535 1587 660 1660 plenum,
676 1603 735 1642 nou
748 1583 779 1641 vi
793 1592 844 1643 aut
857 1583 925 1642 dolo
939 1591 1094 1658 extortum,
1110 1581 1188 1660 quod
1209 1580 1246 1638 ad
1265 1586 1379 1656 raptum
1394 1597 1478 1656 spec·

271 1672 353 1738 taret,
369 1665 508 1722 sincerum
517 1683 577 1722 non
590 1662 815 1740 fraudulentum,
830 1672 931 1742 utpote
945 1663 995 1741 qui
1016 1663 1135 1721 tendere
1156 1661 1242 1719 debet
1262 1659 1386 1717 inillam
1400 1658 1478 1716 indi-

270 1743 389 1802 viduam
404 1743 646 1820 conjunctionem,
658 1763 716 1802 non
730 1763 881 1822 corporum
895 1743 991 1818 modo,
1007 1742 1158 1801 sedetiam
1170 1741 1328 1798 animorum
1342 1747 1372 1798 et
1385 1739 1480 1799 bono-

271 1843 344 1898 rum,
360 1823 410 1900 qui
424 1823 596 1900 regulariter
609 1822 671 1882 sola
685 1832 776 1882 morte
791 1823 979 1901 abrumpitur,
997 1823 1081 1882 Rom.
1096 1822 1147 1880 vii.
1162 1825 1189 1896 2,
1206 1824 1234 1880 3.

313 1903 355 1962 X.
379 1902 536 1962 Mandatur
557 1903 645 1962 etiam
660 1903 813 1979 Pudicitia,
830 1905 963 1978 (institas,
988 1902 1094 1962 sivein
1108 1901 1253 1975 coelibatu,
1276 1899 1338 1959 sive
1358 1897 1388 1956 in
1410 1919 1480 1958 con-

268 1983 363 2061 jugio,
378 1983 530 2058 modestia,
546 1983 695 2058 sobrietas,
711 1991 741 2042 et
754 1985 892 2061 quaelibet
905 1985 1030 2042 virtutes
1051 1982 1088 2040 ad
1102 2001 1201 2040 veram
1223 1979 1483 2040 sanctificationem

272 2063 401 2140 corporis
416 2071 445 2122 et
459 2063 548 2120 animi
563 2070 735 2138 spectantes,
751 2083 872 2140 quarum
886 2083 991 2142 agmen
1013 2062 1093 2122 ducit
1115 2059 1312 2139 temperantia,
1328 2079 1482 2137 perquam

272 2142 346 2201 ratio
368 2142 519 2201 libidinem
549 2161 707 2220 omnesque
730 2144 876 2222 appetitus
903 2141 1137 2222 concupiscibilia
1157 2142 1281 2218 impetus
1305 2146 1428 2216 coercet,
1451 2149 1482 2200 ct

272 2220 369 2280 fraenis
383 2241 482 2299 parere
497 2220 591 2280 docet.

717 2462 911 2538 Qumsrro
938 2463 1034 2522 xlx.

669 2638 710 2678 AD
724 2639 913 2682 PRAECEPTUM
927 2639 1079 2682 OCTAVUM·

275 2778 355 2846 Quid
361 2779 550 2857 prolrbeatur
564 2787 591 2837 et
597 2781 789 2857 proempiutur
802 2783 949 2858 lboeccptc
963 2785 998 2842 da
1011 2803 1067 2842 uon
1083 2782 1218 2857 furando
1228 2803 1241 2855 ,·
1261 2782 1304 2838 Et
1316 2779 1363 2839 An
1375 2783 1480 2859 quma

614 2879 704 2920 ecura
716 2864 766 2920 aab
780 2881 812 2922 co
826 2864 1024 2922 contincatur!
1059 2861 1134 2939 Neg.

314 3019 338 3080 Ι.
362 3019 405 3080 Ut
425 3017 540 3078 dnobus
561 3018 718 3098 Praeceptis
738 3021 969 3098 praecedentibus
988 3021 1121 3080 Peraom'a
1142 3027 1171 3079 ot
1187 3019 1359 3095 Corporibus
1380 3021 1480 3097 proxi-

272 3119 385 3158 morum
400 3107 516 3158 cautum
530 3098 593 3175 fuit,
609 3099 671 3158 sive
685 3101 754 3159 vitae
768 3109 798 3161 et
812 3101 937 3162 castitati
950 3102 1096 3181 ipsorum;
1118 3100 1185 3159 Hoc
1199 3102 1404 3175 octavoBona,
1418 3100 1479 3160 sive

273 3179 426 3239 facultates
440 3198 539 3237 corum
553 3179 584 3236 in
605 3187 668 3238 tuto
689 3181 876 3240 collocantur.
919 3181 1002 3240 Finis
1023 3189 1076 3258 est,
1091 3189 1125 3239 ut
1144 3179 1280 3258 quoniam
1302 3179 1477 3240 abominatio

274 3258 338 3316 Deo
352 3266 397 3317 est
410 3257 562 3334 injustitia,
577 3258 716 3318 reddatur
728 3261 884 3338 unicuique
898 3262 977 3339 quod
991 3281 1075 3320 suum
1089 3267 1142 3320 est.

339 3402 345 3414 ‚
492 3400 497 3414 ι
576 3336 618 3393 ΙΙ.
633 3337 753 3414 Triplex
764 3360 835 3399 vero
849 3360 908 3399 non
921 3342 1018 3400 minus
1031 3361 1065 3400 ac
1079 3338 1302 3419 precedentium
1316 3338 1474 3398 sanctionis

286 3400 361 3503 ¹³⁸⁶ss
373 3403 500 3503 ,Psaceptr
534 3414 618 3473 istius
632 3417 720 3494 ratio;
744 3422 771 3476 1.
781 3420 897 3496 Divina,
908 3422 976 3498 quia
989 3440 1055 3480 cum
1065 3422 1146 3480 Deus
1159 3439 1216 3478 non
1225 3419 1321 3476 minus
1334 3417 1372 3476 sit
1384 3418 1473 3496 largi·

358 3473 444 3530 '¹9⁰¹‘
532 3503 579 3552 tor
602 3494 751 3574 bonorum,
767 3518 854 3576 quam
875 3501 1015 3578 conditor,
1031 3499 1162 3578 quisquis
1183 3519 1217 3558 ea
1236 3517 1255 3556 a
1273 3497 1387 3555 liberali
1407 3497 1473 3575 ejus

271 3589 359 3629 manu
379 3592 438 3632 non
458 3582 600 3654 expectet,
617 3575 668 3635 scd
688 3597 740 3653 per
759 3578 895 3656 injuriam
915 3601 951 3640 ea
970 3581 1053 3660 rapit,
1070 3581 1166 3639 Deum
1185 3579 1279 3658 ipsum
1298 3580 1475 3655 magnopere

271 3649 400 3743 offendit.
443 3659 470 3714 2.
492 3655 652 3732 Naturalia,
668 3657 815 3733 quiscum
837 3659 984 3721 distinctio
997 3661 1199 3734 dominiorum,
1214 3655 1373 3717 secundum
1387 3678 1474 3736 quarn

271 3729 322 3788 alu
335 3732 427 3809 plura,
443 3735 492 3793 alii
505 3735 641 3813 pauciora
654 3738 811 3814 possident,
828 3740 866 3799 sit
885 3741 960 3818 juris
981 3741 1129 3814 naturalis,
1144 3739 1294 3816 usurpatio
1307 3737 1350 3796 rei
1370 3737 1473 3798 alienae

270 3829 329 3868 nou
342 3821 438 3888 potest
451 3834 509 3874 non
523 3835 613 3893 grave
626 3825 776 3893 peccatum
792 3839 864 3894 esse,
879 3839 1045 3899 repugnans
1058 3818 1126 3880 Juri
1140 3818 1273 3877 naturali.
1302 3820 1330 3877 3.
1341 3819 1471 3896 Politice,

270 3890 339 3966 quia
352 3903 501 3968 grassante
515 3895 610 3953 furum
624 3903 654 3955 et
674 3897 842 3974 praedcnum
861 3899 987 3978 licentia,
1002 3919 1062 3978 pax
1082 3907 1112 3958 et
1131 3898 1326 3976 tranquillitas
1346 3897 1471 3975 publice,

270 3970 403 4031 humana
418 3975 563 4035 societatis
577 3976 734 4054 vinculum,
750 3977 947 4039 labefactatur.

270 4085 375 4134 Furtum
395 4094 421 4136 at
437 4095 511 4140 ,m
572 4055 633 4114 III.
654 4057 779 4117 Vetatur
793 4067 889 4118 autern
902 4059 951 4118 bic
965 4059 994 4118 in
1010 4077 1115 4136 genere
1128 4060 1250 4132 fictum,
1266 4056 1345 4133 quod
1358 4055 1472 4116 deliniri

286 4147 510 4205 ejusrpccieadam.
532 4135 605 4194 solet
628 4136 729 4195 alicula
748 4139 793 4196 rei
814 4139 993 4198 contectutio
1007 4139 1055 4196 vel
1075 4139 1222 4213 usurpatio
1243 4137 1328 4196 invito
1348 4139 1470 4214 domino,

284 4209 382 4250 uentus
532 4215 594 4274 aive
609 4235 643 4274 ea
656 4216 708 4275 fiat
721 4217 796 4294 dolo,
812 4217 875 4277 sive
888 4216 928 4277 vi.
971 4219 1038 4278 Hoc
1052 4237 1121 4277 vero
1141 4236 1200 4278 non
1220 4223 1333 4276 tantum
1348 4217 1472 4296 simplex

269 4298 322 4365 est,
338 4291 390 4350 sed
404 4295 602 4373 qualificatum,
617 4303 647 4354 et
667 4315 720 4374 pro
742 4297 910 4357 diversitate
932 4298 1111 4377 objectorum
1124 4297 1239 4356 varium
1253 4305 1283 4355 ct
1299 4297 1471 4374 multiple13

267 4389 336 4462 nam
351 4371 376 4430 ai
391 4373 429 4432 sit
441 4375 590 4450 usurpatio
604 4375 645 4433 rei
659 4395 756 4452 eacrae,
767 4376 1067 4456 dicituraacrilcpr'um,
1080 4379 1106 4437 si
1119 4377 1189 4436 boni
1202 4376 1310 4455 publici
1325 4379 1469 4456 pertinen·

267 4457 306 4542 trs
320 4450 357 4543 ad
369 4451 597 4530 Rempublicam,
609 4457 764 4532 peculatam,
779 4457 804 4516 si
817 4477 947 4536 personae
958 4479 1023 4536 quae
1037 4459 1119 4518 sitin
1133 4458 1227 4517 aliena
1240 4464 1392 4536 potestate,
1408 4458 1470 4516 sive

268 4537 307 4620 sit
320 4529 420 4608 bbere,
436 4533 498 4593 sive
513 4551 605 4610 serve,
615 4536 755 4612 papiam.
798 4537 866 4596 Huc
880 4539 1025 4616 pertinent
1038 4538 1225 4614 latrocinium,
1240 4537 1389 4613 cormaco,
1406 4540 1468 4595 stel-

267 4610 397 4688 Izouatus,
413 4613 521 4690 quibus
534 4615 657 4692 singulis
672 4635 731 4676 suae
745 4635 837 4693 poenae
851 4637 904 4696 per
917 4618 998 4696 leges
1012 4618 1114 4678 civiles
1128 4626 1197 4677 sunt
1210 4617 1374 4695 assignatae.

309 4689 365 4749 IV.
386 4690 437 4750 Ad
450 4691 558 4754 furtum
577 4694 727 4756 reductive
747 4695 833 4756 etiam
854 4697 999 4776 pertinent
1018 4697 1088 4774 doli,
1103 4697 1220 4757 fraudes
1241 4705 1270 4756 et
1291 4697 1469 4756 circumven-
