3108 5198
206 387 250 428 XX
581 379 749 426 urlsroba
777 378 1028 426 Dmurcarourn.

206 579 372 625 memorem
401 579 557 639 nunquam
585 560 796 640 deponamus;
824 559 912 623 Etsi
939 579 997 622 non
1016 577 1092 639 quas
1109 557 1264 634 debemus,
1281 567 1317 622 at
1334 576 1413 640 quas

207 677 378 740 possumus,
410 657 528 739 gratias
554 659 724 723 humillime
750 661 928 722 referamus.
980 657 1074 738 Cujus
1101 657 1288 738 adimplendi
1317 659 1413 724 officii

207 756 474 840 opportunitatem
483 755 537 819 diu
548 756 718 837 quaesitam,
735 763 769 820 et
785 756 942 821 commode
955 757 1021 836 jam
1037 755 1173 820 oblatam
1190 763 1224 819 et
1241 756 1411 834 inventam,

207 855 308 937 perire
347 854 422 918 mihi
456 854 549 930 nolui,
582 860 618 916 ut
651 854 775 935 aliquod
804 855 913 918 saltem
953 874 1078 918 summm
1118 873 1193 917 meae
1235 875 1309 936 erga
1341 855 1412 918 Vos

207 960 240 1018 et
265 952 501 1033 Rempublioam
530 952 677 1016 Vestram
709 952 911 1016 observantie
941 961 974 1016 ct
1014 952 1182 1033 gratissimi
1216 953 1312 1015 animi
1340 973 1413 1016 mo-

206 1058 387 1116 numentum
415 1051 571 1132 publicum
603 1051 740 1115 Posteris
778 1071 933 1132 ponerem.
995 1050 1142 1131 Accipite
1167 1071 1240 1132 ergo
1266 1051 1412 1132 benigne,

209 1149 532 1214 Excsnumuursslrsr
543 1148 641 1224 Vrrrr,
651 1170 709 1231 pro
722 1149 814 1214 solita
825 1149 1018 1212 humanitate
1035 1147 1162 1232 Vestra,
1179 1156 1301 1214 tenuem
1319 1151 1410 1227 banc,

208 1249 262 1313 sed
279 1249 442 1332 sinceram,
460 1269 551 1330 quam
567 1247 666 1312 Vobis
684 1269 745 1329 qua
760 1268 884 1330 possum
901 1247 1035 1311 maxima
1051 1247 1145 1311 animi
1162 1248 1365 1312 submissione
1376 1257 1412 1312 et

194 1347 382 1423 ,reverentia
396 1349 500 1424 offero,
519 1347 707 1410 devotissimi
724 1346 905 1421 meicultns,
921 1353 954 1410 et
971 1346 1171 1427 perennaturi
1188 1346 1327 1426 obsequii
1343 1353 1412 1410 tes-

208 1465 327 1520 seram3
347 1447 391 1508 Et
408 1467 499 1526 quam
514 1445 586 1509 Avo
600 1452 633 1508 et
650 1445 777 1509 Parenti
793 1445 913 1525 prolixe
926 1446 1094 1508 contestari
1111 1445 1261 1521 voluistis,
1276 1446 1413 1509 benero-

207 1544 345 1620 lentiam,
363 1544 468 1608 eadem
484 1563 579 1625 porro
596 1542 751 1624 Nepotem
768 1551 801 1607 et
823 1542 936 1606 Filium
952 1542 1052 1607 Vobis
1078 1543 1321 1607 addictissimum
1338 1563 1409 1607 cum

209 1642 273 1706 suis
288 1643 451 1724 complecti
466 1661 529 1705 non
541 1641 758 1723 dedignemini.

260 1727 329 1824 Ego
346 1762 429 1818 sanc,
448 1741 530 1822 quod
546 1761 641 1803 unum
658 1761 794 1822 possum,
812 1739 912 1803 Deum
930 1739 1112 1820 optilam,
1126 1739 1309 1804 boniomnis
1324 1740 1413 1804 Fon-

209 1847 272 1904 tem
289 1848 322 1905 et
338 1840 545 1924 Largitorem,
572 1860 629 1919 pro
646 1836 823 1903 omnimoda
844 1845 876 1904 et
901 1839 1056 1902 constanti
1081 1837 1199 1902 Vestra
1213 1845 1245 1902 et
1261 1838 1410 1920 Reipubl.

209 1959 245 2004 ac
264 1939 412 2003 Ecclesiae
429 1938 552 2003 Vestras
570 1938 720 2002 felicit-ate
736 1937 818 2001 votis
833 1935 1029 2002 calidissimis
1045 1937 1175 2018 supplex
1189 1938 1329 2001 venerari
1345 1958 1411 2000 non

209 2036 367 2112 desinam3
393 2043 429 2099 ut
446 2057 607 2117 supremus
633 2037 685 2100 ille
699 2057 804 2102 rerum
819 2036 960 2109 Arbiter,
985 2035 1037 2115 qui
1062 2056 1081 2097 a
1096 2035 1280 2112 decumanis,
1298 2036 1412 2115 quibus

208 2140 277 2197 tota
301 2155 381 2214 pene
414 2135 541 2214 Europa
568 2153 714 2198 concussa
739 2141 797 2210 est,
815 2134 969 2208 fluctibus,
987 2139 1020 2196 et
1037 2154 1056 2195 a
1072 2133 1271 2216 gravissimis,
1298 2133 1410 2214 quibus

207 2238 257 2296 tot
269 2232 338 2294 aliis
352 2231 427 2296 locis
437 2232 547 2296 misere
555 2233 695 2311 jactatur
703 2231 819 2295 Christi
833 2231 982 2306 Ecclesia,
994 2231 1241 2312 persecutionum
1254 2231 1407 2314 procellis,

209 2330 359 2394 immunes
376 2328 443 2394 Vos
468 2331 617 2394 hactenus
633 2349 700 2394 esse
716 2329 824 2404 voluit,
840 2349 900 2392 non
914 2329 979 2393 sine
992 2330 1104 2411 insigni
1119 2331 1276 2408 miraculo,
1295 2329 1412 2412 Halcy-

208 2429 281 2492 onia
297 2428 403 2492 eadem
419 2429 568 2494 concedat
586 2449 715 2509 semper,
730 2435 764 2492 et
778 2427 958 2492 beneficium
980 2429 1037 2493 boc
1055 2427 1164 2504 Vobis,
1183 2428 1316 2509 Totique
1333 2427 1410 2493 Hel·

208 2527 309 2603 vetiae,
338 2535 370 2590 et
394 2526 506 2604 Nobis,
532 2526 608 2590 velit
635 2547 701 2591 csse
729 2534 914 2608 perpetuum
926 2548 934 2600 ;
960 2534 997 2589 ut
1014 2525 1114 2608 Regio
1141 2525 1258 2591 Vestra
1285 2527 1360 2591 felix
1378 2539 1412 2592 et

208 2627 329 2701 florens,
347 2626 455 2706 procul
472 2627 511 2688 ab
529 2625 611 2690 omui
627 2625 763 2706 periculo
780 2633 812 2688 et
829 2625 948 2701 damno,
962 2625 1004 2688 sit
1022 2646 1142 2706 semper
1159 2625 1253 2689 Arcae
1271 2625 1412 2690 Domici-

208 2725 293 2801 lium,
312 2724 510 2788 Afflictorum
541 2723 683 2805 Asylum,
709 2721 880 2804 Religionis
911 2730 944 2787 et
971 2722 1126 2788 Veritatis
1153 2725 1249 2800 sedes,
1276 2732 1309 2788 et
1337 2745 1412 2789 vera

209 2823 330 2898 Bethel,
347 2843 438 2903 quam
456 2822 560 2906 glorias
576 2843 639 2886 snae
656 2822 750 2885 radiis
777 2821 862 2884 intus
877 2821 1048 2902 collustret,
1076 2829 1109 2886 et
1125 2842 1212 2885 muro
1227 2822 1316 2904 igneo
1333 2824 1413 2888 Pro-

207 2921 353 2987 teotionis
378 2923 524 2987 continno
551 2921 732 2994 circundet;
758 2919 885 3000 Vosque
912 2920 1062 3001 inprimis,
1088 2921 1273 2984 Procerus
1290 2921 1412 2986 Ianus-

208 3036 376 3099 rsrssmss,
395 3023 448 3103 qui
465 3030 555 3085 tanta
566 3042 635 3086 cum
649 3020 739 3083 laude
749 3018 881 3100 Reipub.
905 3019 1040 3083 habenas
1055 3021 1208 3096 tractatis,
1224 3020 1413 3085 difficillimis

207 3121 293 3186 hisce
308 3128 342 3185 et
356 3121 545 3185 tristissimis
573 3119 773 3200 temporibus,
804 3117 926 3200 Spiritu
953 3137 1009 3182 suo
1024 3117 1124 3199 Regio
1140 3119 1236 3200 magis
1251 3119 1413 3201 magisque

208 3217 325 3299 dirigat
348 3225 380 3280 et
396 3219 574 3281 corroboret
592 3236 722 3297 semper,
740 3223 772 3279 et
788 3216 871 3278 omni
887 3217 1037 3279 bonorum
1053 3237 1166 3299 genere
1181 3224 1300 3281 moetos
1318 3239 1412 3298 qnam

208 3315 380 3378 diutissime
396 3316 477 3378 bono
493 3312 586 3393 Reip.
602 3322 635 3378 et
653 3312 800 3377 Ecclesiae
812 3321 924 3379 servet.
981 3320 1087 3378 riunire.
1137 3315 1268 3380 Βαϋαιιι
1279 3316 1413 3380 (lenense

208 3413 342 3479 calend.
358 3413 461 3480 Mart.
478 3413 576 3476 Anno
593 3413 686 3476 AEror
702 3410 892 3476 OErbtmao
909 3429 1137 3478 mnomxxxu.
