3108 5198
257 349 295 406 48
712 361 804 404 nocua
819 359 999 402 annuamus.
1277 333 1408 420 [numer.
1427 354 1469 396 rx.

254 511 468 583 oppugnatores
483 511 528 562 est
542 501 713 563 sancitum.'’
736 502 779 562 At
793 521 877 561 nemo
890 501 984 560 nescit
995 499 1156 560 Concilium
1169 499 1234 576 hoc,
1250 499 1384 558 habitum
1397 517 1469 556 ann.

257 588 325 658 787,
336 594 365 644 et
373 585 448 643 inter
458 583 649 642 Oecumenica
663 584 700 641 ab
714 583 785 661 ipsis
799 579 1317 656 relatum,adorationem1maginum
1327 597 1469 655 expresse

256 665 387 724 sanxisse
400 685 407 740 ;
431 663 517 723 Unde
532 662 657 723 Actione
672 667 699 738 7,
715 663 897 722 anathemate
911 660 1035 738 percutit
1049 679 1108 734 eos,
1124 658 1175 736 qui
1188 659 1237 717 vel
1255 657 1399 735 tantisper
1414 658 1469 718 du·

256 743 359 818 bitant,
376 743 426 800 An
440 743 498 802 sint
511 742 666 803 adorandae
681 742 838 820 Imagines.
879 741 1109 800 “Gloriosorum
1125 737 1307 816 Angelorum
1330 747 1359 796 et
1374 738 1468 797 Sanc·

256 831 352 882 torum
367 823 514 900 Imagines
528 822 690 882 adorandas
710 831 853 900 putamus.
898 821 931 880 Si
950 821 1017 898 quis
1030 839 1100 878 vero
1122 819 1164 877 ita
1177 838 1236 877 non
1249 827 1295 877 est
1308 818 1466 892 animatus,
1541 861 1542 866 η

257 903 310 962 sed
323 903 400 961 circa
413 903 642 962 venerandarum
668 902 834 980 Imaginum
856 900 1054 959 adorationem
1074 898 1188 957 laborat
1210 906 1240 957 et
1260 897 1382 970 dubitat,
1399 917 1469 956 eum
1541 925 1542 966 3

256 983 480 1042 anathematisat
494 989 594 1041 sancta
608 990 637 1040 et
650 981 815 1042 veneranda
831 980 998 1058 Syncdus.’'
1041 979 1114 1038 Cum
1128 997 1198 1037 vero
1216 977 1389 1056 quibusdam
1406 997 1468 1036 vox
1541 1011 1542 1052 ,

256 1062 433 1122 adorationis
447 1061 614 1121 duriuscule
627 1062 782 1137 videretur,
794 1070 823 1120 et
836 1069 869 1120 ut
877 1060 994 1119 mollius
1003 1059 1199 1136 loquerentur,
1211 1057 1342 1116 dicerent
1357 1059 1375 1090 “
1387 1057 1467 1115 Ima·
1541 1057 1542 1124 l

145 1161 147 1164 ·
257 1143 340 1220 gines
354 1162 418 1202 esse
432 1142 642 1218 venerandas,”
660 1141 797 1218 Synodus
812 1140 879 1198 Act.
891 1140 931 1198 iv.
947 1139 989 1198 sic
1000 1139 1030 1196 in
1041 1157 1091 1197 eos
1101 1137 1258 1214 invehitur,
1274 1141 1294 1171 “
1302 1155 1404 1196 omnes
1415 1137 1468 1214 qui

257 1243 288 1282 se
312 1242 407 1281 sacras
430 1221 571 1300 imagines
593 1221 725 1281 venerari
747 1220 928 1296 confitentur,
944 1217 1142 1278 adorationem
1163 1225 1260 1276 autem
1281 1225 1426 1292 recusant,
1450 1236 1469 1275 a
1541 1211 1542 1240 l

259 1303 365 1361 Sancto
381 1302 467 1360 Patre
482 1301 640 1360 Anastasio
660 1301 874 1378 redarguuntur
894 1307 928 1358 ut
947 1297 1137 1376 hypocritae,”
1153 1306 1183 1356 et
1196 1297 1237 1356 ait
1251 1317 1302 1356 eos
1319 1299 1337 1328 “
1350 1297 1467 1356 Sanctis
1541 1317 1542 1334 ¹

257 1381 385 1441 convitia
398 1380 523 1441 dicero.”
566 1381 639 1440 Cum
653 1400 723 1457 ergo
739 1379 899 1439 Concilium
914 1378 1116 1437 'lhidentinum
1127 1377 1267 1455 approbet
1281 1375 1423 1454 quicquid
1436 1377 1467 1434 in
1541 1421 1542 1462 3

256 1461 308 1520 illa
323 1459 442 1538 Synodo
457 1461 599 1519 sancitum
614 1469 668 1535 est,
683 1468 763 1537 patet
776 1479 835 1518 non
849 1459 936 1517 aliam
950 1457 1039 1518 fuisse
1053 1457 1117 1535 ejus
1131 1457 1314 1516 sententiam.

296 1541 335 1601 V.
358 1540 451 1616 Quam
465 1539 615 1598 confirmat
628 1539 755 1598 secundo
773 1540 880 1616 prosas
899 1537 1067 1616 quotidiana
1090 1537 1165 1596 inter
1188 1536 1267 1614 ipsos
1288 1544 1413 1612 recepta,
1437 1534 1467 1592 in
1541 1539 1542 1612 l

257 1641 315 1698 qua
329 1628 442 1680 constat
455 1619 594 1698 populum
608 1639 704 1678 coram
725 1618 901 1696 imaginibus
920 1617 1118 1695 procumbere,
1140 1617 1207 1674 illas
1227 1615 1360 1690 osculari,
1384 1615 1468 1674 Thus
1541 1639 1542 1686 i

258 1701 317 1759 illis
330 1699 455 1775 adolere,
472 1699 587 1758 Altaria
600 1700 720 1777 erigere,
735 1719 836 1778 preces
850 1697 960 1772 offerre,
975 1705 1045 1756 vota
1063 1715 1238 1774 nuncupare,
1260 1695 1347 1755 ferias
1368 1713 1467 1754 sacras

257 1780 416 1855 instituere,
432 1787 461 1839 et
475 1779 584 1839 similes
598 1779 774 1838 adorationis
788 1787 817 1839 et
831 1779 927 1838 cultus
940 1784 1037 1855 partes
1051 1775 1171 1835 deferre.
1214 1775 1253 1834 Et
1266 1795 1303 1834 ne
1324 1775 1390 1852 quis
1411 1795 1466 1852 pu·
1541 1793 1542 1862 3

257 1869 300 1920 tet
313 1861 452 1938 populum
466 1861 496 1917 in
510 1860 561 1918 illa
574 1859 658 1937 praxi
671 1879 799 1937 peccare,
822 1859 962 1917 Doctores
976 1875 1046 1914 vero
1066 1856 1227 1934 praecipuos
1247 1853 1329 1914 aliud
1349 1854 1466 1929 sentire,
1541 1917 1542 1922 χ

257 1960 317 1999 non
331 1939 446 1998 difficile
461 1949 505 1999 est
518 1938 679 2014 ostendere,
694 1947 819 1998 mentem
833 1939 961 2016 ipsorum
974 1937 1042 1994 huic
1055 1936 1140 2014 praxi
1160 1934 1344 2012 respondere.
1387 1933 1466 1992 Hinc
1541 1977 1542 1994 a

257 2021 393 2095 Thomas,
406 2019 446 2077 iii.
459 2039 486 2096 q.
499 2023 547 2094 25,
563 2019 675 2077 articul.
689 2022 715 2094 l,
727 2019 792 2078 vult
806 2018 915 2077 cultrrm
929 2017 1021 2075 latriae
1035 2015 1165 2074 exhiberi
1181 2015 1259 2073 cruci
1273 2014 1392 2089 Christi,
1408 2034 1467 2072 non

258 2099 355 2157 minus
369 2118 403 2156 ac
427 2098 483 2175 ipsi
498 2097 630 2172 Christ03
654 2101 672 2130 “
687 2097 760 2156 Cum
779 2117 849 2174 ergo
864 2096 996 2156 Christus
1020 2095 1155 2154 adoretur
1175 2093 1343 2154 adoratione
1363 2095 1465 2169 latriae,

259 2195 438 2269 consequens
452 2187 505 2269 est,
520 2175 599 2269 quod
613 2177 677 2269 ejus
691 2176 787 2254 imago
801 2176 839 2234 sit
853 2175 1019 2270 adoratione
1039 2175 1131 2268 latria
1152 2173 1328 2270 adoranda”
1371 2174 1466 2268 Quem

260 2256 601 2411 tstttttttss
614 2255 903 2411 thssfftttlst
915 2254 1468 2412 lstltttstffltltttnhttt

132 2445 134 2450 ·
259 2413 427 2474 adoratione
440 2413 533 2472 latriae
544 2415 572 2490 ;''
595 2427 681 2490 quam
696 2415 868 2474 sententiam
881 2415 1008 2473 maxima
1021 2433 1088 2493 pars
1100 2415 1258 2474 Doctorum
1272 2414 1466 2490 amplectitur,

259 2495 434 2568 Alexander,
449 2495 661 2570 Romanam,
676 2495 847 2570 Richordaa,
863 2495 1039 2569 Poladonus,
1061 2495 1225 2570 Capreolus,
1250 2493 1363 2570 Castro,
1381 2495 1468 2554 Coni—
1541 2489 1542 2528 l

260 2575 325 2650 siaa
343 2573 511 2648 ramanae,
527 2581 556 2632 et
570 2573 619 2630 alii
632 2573 757 2652 plurimi,
773 2588 846 2651 quos
860 2574 898 2633 ad
918 2573 1037 2652 triginta
1050 2593 1143 2652 usque
1162 2583 1311 2633 enumerat
1330 2575 1467 2651 Vosqaez,

259 2654 310 2712 lib.
332 2653 362 2712 ii.
384 2652 420 2712 de
442 2652 564 2713 Aderat.
587 2651 669 2731 Disp.
685 2656 712 2730 8,
733 2673 758 2713 o.
774 2657 801 2714 3.
844 2654 912 2732 Ipse
925 2673 996 2713 vero
1017 2673 1129 2713 summa
1149 2655 1333 2714 contentione
1354 2663 1470 2731 perten-

260 2732 303 2792 dit
317 2732 461 2811 quaslibet
474 2753 521 2792 res
535 2733 706 2793 inanimatas
720 2732 833 2793 adorari
846 2753 931 2812 posse
950 2733 1042 2793 latria
1056 2734 1145 2793 cultu.
1187 2734 1252 2792 Imo
1272 2741 1303 2792 et
1322 2733 1466 2793 festucam

261 2821 290 2872 et
304 2812 416 2872 radium
433 2813 518 2889 Solis,
535 2813 589 2873 sub
603 2833 661 2890 quo
675 2814 747 2875 latet
761 2813 912 2888 Diabolus,
927 2813 1002 2873 libro
1016 2814 1058 2873 iii.
1079 2813 1185 2892 disput.
1210 2816 1236 2889 1,
1258 2833 1322 2892 cap.
1344 2817 1363 2872 2
1386 2822 1418 2872 et
1441 2815 1469 2871 3.

260 2893 398 2952 Bellarm.
412 2893 463 2952 lib.
479 2893 515 2952 de
530 2893 623 2971 Imag.
639 2913 663 2952 o.
686 2898 734 2970 21,
750 2895 814 2953 vult
834 2893 976 2972 imagines
996 2893 1062 2970 coli,
1083 2913 1142 2953 non
1163 2894 1257 2953 solum
1277 2893 1316 2952 ob
1336 2901 1468 2970 prototy-

259 2994 337 3051 pum,
354 2993 405 3034 seu
418 2994 479 3033 rem
495 2973 693 3052 significatam,
710 2973 862 3034 sedetiam
877 2975 915 3033 ob
930 2973 1048 3052 seipsas,
1064 2973 1105 3032 ita
1117 2982 1151 3033 ut
1164 2973 1313 3032 veneratio
1331 2974 1469 3032 tennine·

259 3062 307 3114 tur
320 3055 351 3112 in
366 3055 537 3132 Imaginem.
580 3055 649 3114 Huc
662 3056 787 3134 pertinet
806 3054 885 3131 quod
905 3053 1022 3131 publico
1043 3062 1072 3113 et
1093 3053 1205 3112 solenni
1224 3053 1283 3112 ritu
1304 3053 1385 3112 Crux
1407 3054 1471 3132 ipsa

259 3133 412 3194 invocatur
425 3135 455 3192 in
470 3135 599 3212 Hymno,
622 3137 673 3212 qui
693 3135 740 3194 die
762 3135 885 3194 Veneris
906 3141 972 3192 ante
994 3133 1107 3192 Pascha
1127 3133 1333 3211 pronunciatur
1353 3133 1384 3190 in
1406 3135 1470 3212 ejus

260 3213 444 3290 adoratione;
467 3213 537 3274 dum
551 3215 628 3272 enim
644 3213 785 3274 Sacerdos
805 3213 945 3291 detegens
959 3214 1089 3289 Crucem,
1102 3213 1151 3288 ait,
1167 3215 1242 3272 Ecce
1255 3213 1379 3290 Lignum
1395 3215 1469 3274 Cru-

261 3293 307 3366 cis,
324 3301 353 3350 et
367 3292 479 3350 Chorus
498 3292 662 3369 respondet,
688 3295 782 3351 Venite
802 3295 960 3368 odoremus,
981 3293 1081 3352 Oratio
1101 3293 1139 3351 ad
1159 3293 1251 3370 ipsam
1274 3293 1421 3370 din'gitur,
1446 3293 1471 3353 0

264 3371 346 3430 Cras
356 3371 424 3444 Ace,
439 3389 502 3446 spes
515 3372 608 3444 urimo,
623 3373 689 3429 Hoc
701 3372 845 3430 Passionis
859 3381 990 3448 tempore,
1005 3373 1085 3450 Auge
1100 3373 1159 3449 piis
1174 3372 1324 3448 justitiam,
1347 3373 1471 3450 Reraqae

261 3453 338 3509 dono
350 3450 469 3508 veniam.
512 3450 551 3508 Et
565 3469 601 3509 ne
615 3449 682 3526 quis
695 3458 778 3528 putet
791 3449 846 3510 hoc
859 3453 1053 3529 metonymice
1068 3453 1126 3511 dici
1146 3451 1182 3510 de
1197 3451 1352 3526 Crucifixo,
1375 3453 1415 3512 ab
1437 3471 1470 3511 eo

261 3530 358 3589 statim
373 3547 508 3607 expresse
523 3529 720 3607 distinguitur,
736 3533 797 3589 solo
811 3531 989 3607 dipsojtatatr'
997 3535 1082 3608 ferre
1095 3534 1162 3592 secli
1173 3533 1308 3608 praeca,
1324 3529 1379 3590 &a
1425 3533 1471 3590 Ita

261 3609 292 3667 in
306 3609 422 3668 Pontiti.
447 3609 532 3668 Rom.
554 3609 573 3668 i.
595 3613 663 3684 205,
689 3611 719 3669 in
742 3611 881 3688 Ingressu
904 3611 1017 3689 Legati,
1043 3613 1060 3646 “
1075 3612 1155 3671 Crux
1177 3611 1281 3689 Legati
1303 3610 1470 3688 Apostolici

261 3689 316 3748 erit
329 3688 367 3748 ad
381 3687 521 3826 dkextram,
537 3690 605 3767 quia
618 3689 702 3750 latria
722 3689 765 3749 illi
786 3689 916 3767 debetur,
939 3700 968 3750 et
986 3691 1102 3768 gladius
1117 3691 1304 3770 imperatoris
1317 3689 1356 3749 ad
1381 3691 1468 3750 sinis·

260 3769 365 3843 tram,’'
410 3787 435 3827 c.

301 3849 358 3908 VI.
381 3849 488 3908 Fateor
511 3848 659 3908 nonnullis
679 3848 754 3909 inter
775 3849 943 3910 Pontificios
963 3850 1038 3909 hanc
1060 3851 1231 3910 sententiam
1251 3869 1311 3908 non
1331 3849 1469 3924 arridere,

260 3929 311 4006 qui
325 3928 500 4006 imaginibus
515 3929 572 3987 Dei
585 3929 697 3988 nullum
711 3930 820 3989 cultum
835 3929 941 3988 deferri
954 3928 1059 3990 debere
1073 3929 1256 4008 pertendunt,
1273 3930 1389 3989 sedeas
1404 3939 1468 3990 tan·

262 4015 323 4066 tum
337 4008 486 4067 habendas
500 4027 564 4068 esse
579 4007 616 4066 ad
634 4008 792 4086 historiam,
815 4018 845 4069 et
865 4027 960 4069 rerum
981 4010 1189 4087 praeteritarum
1210 4010 1389 4086 memoriam,
1412 4029 1470 4069 non
1541 4073 1542 4082 ,

261 4094 295 4144 ut
308 4085 443 4145 adoretur
456 4087 519 4163 ipsa
533 4088 638 4165 imago,
654 4088 706 4147 sed
720 4097 832 4149 tantum
846 4109 942 4148 coram
958 4089 1090 4166 Imagine
1104 4089 1199 4166 ipsum
1213 4089 1380 4166 exemplam
1404 4109 1470 4168 qus

262 4164 405 4224 sententia
417 4164 473 4224 fuit
489 4167 625 4244 Gregorii
636 4169 747 4246 Mopsi,
762 4171 813 4246 qui
826 4170 962 4229 Saeuum
977 4169 1191 4228 Massiliensem
1214 4169 1393 4247 Episcopum
1408 4171 1470 4229 lao-
1541 4165 1542 4216 ἕ

262 4245 321 4322 dat,
337 4244 415 4322 quod
430 4243 595 4324 Imaginum
608 4247 718 4307 cultum
733 4249 922 4326 damnaverit,
938 4247 1034 4308 sedin
1054 4269 1089 4308 eo
1103 4249 1204 4327 oarpit,
1219 4249 1299 4325 quod
1320 4249 1472 4327 Imagines
1541 4307 1542 4324 ,

262 4324 389 4403 fregerit,
404 4325 455 4383 lib.
470 4325 510 4384 iii.
526 4327 609 4404 epist.
625 4330 653 4404 9,
670 4330 688 4362 “
703 4329 788 4404 Quod
801 4349 836 4387 ea
849 4328 963 4388 adorari
976 4329 1119 4388 vetuisses
1134 4329 1251 4388 omnino
1273 4329 1470 4403 laudavimus,

261 4405 383 4483 fregisse
396 4423 467 4464 vero
481 4406 735 4483 reprehendimus,
758 4408 839 4468 aliud
851 4417 896 4468 est
910 4409 1052 4486 picturam
1066 4409 1194 4485 adorare,
1210 4408 1291 4468 aliud
1309 4428 1363 4485 per
1377 4410 1472 4486 pictu-

260 4505 300 4544 rsa
314 4485 472 4560 historiam,
485 4485 556 4563 quid
570 4487 608 4546 sit
621 4486 799 4547 adorandum
814 4487 992 4548 addiscere.”
1022 4487 1073 4546 Ad
1086 4508 1173 4566 quem
1183 4488 1296 4547 accedit
1309 4491 1473 4549 macana
1541 4485 1542 4540 Ῠ

261 4565 424 4644 Episcopus
444 4566 626 4626 Mimatensis
646 4567 677 4624 in
699 4568 795 4627 Ratio.
816 4568 867 4627 lib.
890 4569 929 4626 iv.
950 4587 979 4646 p.
1000 4571 1029 4644 2,
1052 4566 1089 4626 do
1109 4572 1129 4626 4
1149 4576 1230 4646 parte
1253 4568 1333 4644 Can,
1359 4568 1473 4630 (ἔπεστι

261 4645 456 4705 Cancellarius
477 4646 657 4722 Parisiensis,
679 4647 713 4707 T.
735 4652 763 4724 2,
791 4648 890 4708 Decla
912 4647 1024 4707 Doleat
1048 4647 1159 4707 Eccles.
1181 4667 1210 4707 n.
1236 4651 1285 4724 67,
1304 4650 1472 4721 Hannon,
1541 4661 1542 4722 l
