3150 5206
166 373 281 424 eumer.
297 353 354 435 vn]
622 371 661 411 nu
676 371 800 412 scansus
814 371 945 413 casnm.
1041 373 1044 380 ·
1310 352 1366 409 183

164 515 292 574 humano
305 511 393 573 fuisse
414 511 595 592 pertendunt,
609 520 643 572 ut
659 508 741 572 nulia
761 531 843 590 gens,
858 511 917 573 imo
930 531 984 572 nec
1003 528 1127 591 persona
1140 511 1186 586 sit,
1201 529 1266 588 quae
1279 509 1317 568 sb
1330 527 1366 568 eo

164 593 286 652 exclusa
306 592 364 652 dici
382 591 494 650 debeat.
538 592 676 652 Coruinus
696 601 796 651 centra
815 592 909 652 'silem
931 613 955 652 c.
973 592 1014 651 iii.
1040 591 1181 651 “Gentes
1201 590 1255 650 sub
1275 590 1314 648 V.
1329 590 1363 651 Τ.

163 674 307 748 viventes,
319 672 388 731 licet
402 671 472 748 ipsis
482 671 538 730 ista
551 671 670 747 ratione,
682 689 740 748 qua
750 671 772 731 J
773 672 873 747 udaeis,
885 672 980 731 foedus
989 690 1048 731 non
1061 671 1116 730 fuit
1126 670 1294 745 revelatum,
1306 691 1365 731 non

162 763 261 811 teman
281 751 402 830 proinde
422 771 460 810 ex
480 750 588 810 foedere
608 751 739 810 absolute
759 752 886 810 exclusae
903 752 1029 830 judicari
1047 750 1161 827 debent,
1181 769 1246 828 quse
1266 749 1364 828 aliquo

163 833 267 891 saltem
280 831 368 890 modo
381 837 523 889 vocantur
535 839 568 889 ut
583 831 677 889 Deum
691 839 839 906 quoerant:
860 831 1002 890 imovero
1022 831 1093 908 ipsis
1107 849 1188 910 esque
1202 847 1236 889 ac
1250 831 1272 890 J
1273 831 1363 892 udsais
1456 901 1458 906 ¹

163 910 324 1048 spiritualia
337 909 414 968 dona
427 908 543 968 foedcris
555 909 670 969 fueram
683 910 823 986 exposita,
839 909 865 968 si
880 910 967 969 modo
981 909 1160 969 conditiones
1174 909 1290 969 foederis
1310 911 1362 970 im·

162 998 284 1068 perant,
299 996 333 1048 ut
343 1005 406 1048 sese
417 988 454 1047 ad
469 989 563 1048 Deum
574 989 692 1048 Isradlis
703 990 932 1049 converterent.''
967 989 1007 1050 Et
1020 997 1129 1067 postes,
1142 991 1160 1022 “
1172 989 1255 1048 Licet
1264 990 1363 1050 multas

162 1069 295 1128 nationes
309 1068 454 1128 ordinario
468 1068 624 1146 Evangelii
642 1068 786 1145 praeconio
803 1068 1004 1144 destituantur,
1019 1077 1049 1128 et
1062 1067 1287 1128 destituerentur
1299 1071 1363 1146 qui·

163 1147 229 1208 dem
244 1148 394 1207 voluntate
408 1148 474 1223 Dei,
487 1147 561 1206 tales
574 1155 670 1206 manen
687 1167 704 1204 s
724 1145 819 1224 gratia
839 1148 901 1225 ipsa
916 1147 1071 1225 Evangelii
1084 1167 1143 1207 non
1157 1156 1225 1207 sunt
1244 1149 1363 1225 praecise

162 1228 320 1303 exclusae,’'
335 1225 390 1286 dic.
432 1227 472 1286 Et
486 1235 584 1286 cenna
604 1225 732 1302 Molinae,
752 1245 778 1284 c.
793 1227 896 1286 xxviii.
914 1224 1029 1288 “Ultro
1050 1227 1196 1304 largimur,
1218 1228 1362 1290 neminem

160 1307 257 1384 quoad
272 1326 303 1366 se
317 1304 397 1365 nasci
410 1306 541 1366 absolute
554 1305 680 1364 alienum
694 1325 711 1364 a
724 1303 862 1365 foadere.''
1144 1309 1147 1314 '

464 1385 524 1443 111.
542 1384 592 1442 Ad
606 1404 679 1461 quos
691 1384 739 1444 bic
753 1383 902 1462 accedunt,
918 1403 976 1444 non
986 1385 1073 1446 modo
1085 1385 1250 1464 Lutherani,
1267 1389 1318 1447 sed
1332 1399 1361 1448 et

87 1521 91 1530 ,
170 1450 394 1552 utonis-erpuino
422 1483 459 1524 ex
483 1464 597 1539 nostris,
623 1464 674 1540 qui
698 1465 828 1524 Gratiam
854 1465 1056 1525 Universalem
1077 1467 1188 1526 volunt.
1232 1470 1360 1528 Tartaru.

251 1523 304 1554 “¹¹¹¹
424 1544 819 1618 ireni.u'h.112,“Foedus
839 1543 941 1619 slus„
956 1544 1058 1640 inquit,
1078 1546 1230 1622 “pumum
1250 1547 1362 1625 pepigit

163 1624 245 1682 Deus
267 1631 334 1701 post
355 1622 467 1759 lapsum
488 1643 553 1682 cum
569 1622 692 1718 Adamq,
714 1623 745 1680 in
758 1639 850 1699 eoque
870 1643 936 1682 cum
949 1641 1086 1718 umverso
1101 1625 1215 1684 Genera
1235 1627 1361 1685 humano

160 1701 978 1857 t‘tffitl..ttitdlrtlltttttdlltlt
989 1711 1248 1866 allisisti.
1259 1705 1360 1843 idid

159 1861 230 1936 suis,
242 1877 308 1921 curn
320 1860 487 1919 Abrabamc
498 1861 600 1938 atejus
614 1859 724 1918 familis
733 1879 826 1936 usque
840 1861 877 1918 ed
890 1859 996 1919 Christi
1010 1879 1141 1938 mgnum,
1152 1879 1210 1938 quo
1221 1869 1358 1940 tempore,

161 1941 276 2000 sublato
290 1939 390 1999 Judaei
409 1947 439 1999 et
460 1940 555 2000 Graeci
576 1939 750 2014 discrimine,
771 1938 937 1998 tertiorum
950 1939 1086 1999 universo
1107 1957 1212 2018 genere
1232 1941 1359 2001 humano

159 2019 316 2080 restituit.”
360 2018 431 2079 Ideo
444 2019 499 2078 Th.
521 2019 561 2078 iii.
583 2019 697 2078 dixerat
718 2019 841 2077 “Deum
862 2038 915 2078 nec
935 2018 1024 2077 ullam
1046 2028 1170 2096 gentem,
1193 2037 1246 2080 nec
1266 2022 1357 2080 ullum

158 2099 277 2176 quidem
290 2098 435 2157 hominem
450 2099 558 2158 celasse
572 2097 689 2157 omnino
702 2097 825 2176 gratiam
838 2099 908 2156 novi
929 2097 1074 2157 foederis.'’
1116 2099 1156 2158 Et
1168 2100 1199 2158 in
1213 2101 1357 2178 sequenti·

159 2179 216 2238 bus
236 2178 483 2254 auditibus.
525 2178 597 2237 'Ibes
617 2195 681 2236 esse
701 2176 872 2236 Vocationis
886 2178 1005 2255 specics,
1032 2178 1158 2237 Primam
1180 2183 1286 2239 realem
1307 2199 1359 2258 per

160 2257 264 2335 Opera,
279 2257 317 2317 de
334 2277 400 2334 que,
417 2255 494 2316 Psal.
509 2257 571 2315 xix.
588 2259 613 2332 l,
629 2265 659 2316 et
678 2256 783 2315 Mattb.
798 2277 827 2314 v.
842 2259 891 2331 45,
907 2266 936 2316 et
950 2257 1018 2316 Act.
1033 2258 1094 2316 xiv.
1111 2261 1157 2333 17,
1172 2267 1202 2318 et
1216 2258 1288 2319 xvii.
1302 2262 1356 2334 26;

161 2337 324 2396 Secundam
350 2338 489 2396 wbolcm
515 2356 567 2414 per
587 2335 798 2412 Evangelium;
823 2337 951 2396 Tertiam
971 2338 1111 2396 inter-nom
1132 2357 1184 2416 per
1209 2339 1357 2416 Spiritum.

160 2417 227 2474 Non
248 2416 331 2476 aliter
349 2417 500 2493 Amyrold.
522 2415 604 2492 Disp.
625 2415 662 2474 de
686 2415 779 2474 tribus
800 2416 980 2491 Foederibus‚
1003 2417 1045 2476 th.
1066 2420 1114 2492 34,
1139 2417 1286 2476 “Amoris
1308 2421 1359 2478 aut

159 2495 362 2554 misericordiae
376 2495 493 2572 gradus,
507 2515 565 2572 quo
580 2495 661 2554 Deus
675 2491 809 2554 inductus
820 2504 873 2570 cst,
888 2504 922 2555 ut
934 2496 993 2555 talc
1006 2496 1101 2556 foedus
1115 2517 1180 2556 curn
1194 2497 1359 2556 hominibus

158 2575 356 2652 peccatoribus
369 2575 570 2652 pacisceretur,
585 2593 635 2634 eos
646 2593 745 2632 omnes
760 2593 797 2633 ex
812 2593 894 2652 aequo
909 2584 1028 2652 spectet.
1070 2577 1256 2655 Consequens
1269 2577 1360 2656 igitur

157 2662 212 2730 est,
228 2664 260 2714 ut
274 2673 338 2713 curn
352 2651 486 2713 omnibus
499 2654 664 2713 hominibus
677 2662 793 2732 pactum
807 2673 870 2713 esse
885 2656 1063 2715 censeatur.”

200 2733 256 2793 IV.
278 2733 352 2809 Quia
365 2753 435 2792 vero
449 2732 543 2792 fredus
556 2732 635 2793 istud
648 2733 823 2792 considerari
837 2741 932 2810 potest
945 2734 1085 2808 bifariam,
1100 2728 1149 2792 vel
1162 2735 1273 2794 ratione
1286 2753 1358 2810 pro·

158 2814 336 2889 malqotionb
350 2831 401 2872 seu
415 2812 568 2871 oblationis
579 2820 706 2871 externa
720 2811 750 2871 in
761 2813 860 2888 pratia
870 2815 1008 2889 ob'ecttira,
1019 2815 1069 2872 vel
1082 2813 1192 2872 ratione
1203 2815 1358 2873 collationis

159 2911 211 2951 seu
230 2893 402 2969 receptionis
423 2892 542 2953 internae
561 2892 592 2949 in
610 2893 708 2968 pratia
721 2893 890 2968 resecata,-
911 2893 990 2951 Hinc
1009 2893 1051 2968 fit,
1072 2901 1106 2967 ut
1125 2891 1242 2969 quidam
1264 2892 1358 2952 foedus

158 2972 238 3031 istud
251 2972 414 3030 universale
428 2977 555 3030 statuant
567 2972 678 3030 ratione
696 2970 854 3048 utriusque,
878 2979 1020 3047 quatenus
1040 2972 1214 3049 pertendunt
1235 2972 1358 3048 gratiam

158 3051 331 3128 objectivam
347 3059 376 3109 et
390 3050 578 3128 subjectivam
594 3049 781 3109 sufficientem
796 3049 858 3107 dari
872 3047 1005 3108 omnibus
1015 3059 1045 3108 et
1058 3050 1189 3127 singulis,
1205 3059 1238 3109 ut
1249 3053 1358 3110 servari

157 3131 271 3208 possint
284 3131 309 3189 si
322 3129 422 3204 velint,
437 3137 471 3188 ut
491 3129 636 3188 Sooiniani
650 3137 680 3187 et
694 3128 939 3203 Remonstrantes,
954 3137 984 3187 et
1002 3128 1052 3186 alii
1072 3129 1122 3205 qui
1143 3128 1357 3205 Pelagisnismo

158 3209 303 3285 militaut;
325 3209 375 3267 alii
398 3227 468 3267 vero
482 3208 729 3268 universalitatem
748 3205 865 3264 foederis
886 3207 1044 3267 extendant
1057 3217 1169 3267 tanturn
1183 3208 1220 3266 ad
1234 3209 1357 3285 gratiam

158 3289 342 3365 objectivem,
357 3307 416 3346 non
425 3305 495 3347 vero
506 3287 713 3365 subjectivum
735 3286 836 3364 quales
850 3294 918 3346 sunt
930 3286 973 3344 illi
987 3305 1025 3346 ex
1038 3288 1153 3362 nostris,
1165 3287 1214 3364 qui
1226 3289 1357 3348 Gratiam

156 3368 350 3427 universalem
363 3367 582 3444 amplectrmtur.

157 3482 287 3528 cententio
298 3496 403 3526 commu·
463 3445 501 3504 V.
525 3445 583 3504 Sed
596 3445 653 3504 alia
667 3453 712 3504 est
725 3443 885 3503 communis
899 3452 928 3504 et
946 3453 1061 3522 recepta
1077 3446 1154 3523 apud
1175 3445 1357 3507 Reformatos

186 3541 225 3584 nis
253 3539 403 3585 Momass-
424 3525 573 3600 sententio,
588 3525 639 3602 qui
654 3523 857 3583 Foederisnon
871 3525 966 3583 minus
976 3543 1010 3582 ac
1022 3522 1130 3584 Gratia
1144 3527 1278 3586 salutaris
1292 3545 1356 3603 par·

186 3611 249 3644 ³²²²·
421 3603 624 3664 ticularitetem
639 3609 755 3680 tuentur
767 3625 774 3678 ;
798 3601 848 3678 Ut,
860 3601 929 3662 licet
943 3605 1076 3680 generale
1090 3603 1182 3682 possit
1195 3606 1262 3681 dici,
1278 3605 1357 3683 quod

156 3681 196 3740 cd
209 3683 307 3760 plures
320 3681 494 3760 extenditur,
509 3683 634 3742 maxime
649 3681 703 3741 sub
717 3682 803 3741 Novo
816 3683 1010 3757 Testamento,
1026 3683 1140 3743 sublato
1154 3685 1284 3762 gentium
1298 3684 1356 3744 dis-

156 3761 285 3836 crimine,
305 3779 452 3838 nunquam
468 3769 566 3822 tamen
583 3762 747 3820 universale
768 3761 854 3820 bresit
874 3781 940 3820 cum
961 3761 1094 3820 omnibus
1108 3771 1138 3822 et
1152 3763 1283 3899 sinfdis,
1306 3763 1358 3822 sed

156 3841 332 3918 particulare
354 3847 467 3900 tantum
492 3861 557 3900 cum
582 3839 693 3900 Electis
711 3840 790 3898 veris
815 3840 922 3899 Christi
946 3839 1095 3900 Membris.
1139 3842 1191 3900 Foe
1213 3861 1247 3900 us
1270 3860 1356 3918 porro

156 3919 236 3980 istud
255 3919 386 3978 bifariam
408 3921 530 3997 spectari
550 3939 635 3998 possa
656 3927 783 3994 censent,
798 3919 847 3978 vel
868 3920 1035 3978 secundum*
1047 3921 1191 3978 mendam
1208 3921 1355 3994 internam,

156 3999 206 4058 vel
219 3998 316 4076 quoad
330 4008 477 4058 eximam
490 4001 730 4076 drbpoouticmm.
772 3998 851 4057 illud
865 3999 1010 4058 vocationi
1030 3999 1158 4072 internae,
1174 4007 1204 4056 et
1218 3999 1356 4058 Ecclesia

155 4078 298 4137 invisibili
323 4079 497 4152 Electorum,
521 4097 587 4157 quae
610 4094 662 4155 per
684 4097 748 4137 eam
773 4079 966 4152 constituitur,
988 4077 1151 4154 respondet.
1197 4077 1263 4137 Hoc
1286 4097 1357 4136 vero

156 4157 304 4217 vocationi
328 4167 456 4217 externae
477 4167 507 4217 et
528 4157 666 4217 Ecclesia
687 4157 796 4216 visibili
817 4157 1003 4216 Vocaturum.
1047 4155 1203 4215 Posteriori
1224 4166 1357 4234 respectu

156 4235 252 4296 iesdus
266 4237 424 4298 attenditur
437 4245 550 4298 tantum
563 4236 660 4314 quoad
676 4237 931 4313 promulpaticoem
944 4246 973 4296 et
987 4236 1160 4310 oblatiorwm,
1175 4254 1240 4311 qua
1254 4236 1287 4294 fit
1305 4255 1357 4312 per

157 4317 339 4375 vocationem
360 4325 518 4392 externam,
540 4325 570 4375 et
609 4316 685 4374 uoad
706 4315 845 4374 beneficia
859 4324 987 4388 externa,
998 4331 1067 4392 quaa
1085 4333 1123 4372 ex
1142 4314 1193 4372 illa
1211 4313 1356 4373 oblatione

156 4395 259 4470 fluunt,
274 4395 304 4453 in
318 4395 522 4473 predicatione
537 4335 636 4471 Verbi,
651 4393 898 4454 administratione
915 4375 1171 4468 Sscrainentorum,
1188 4401 1217 4452 et
1230 4411 1356 4454 commu-

157 4475 243 4533 nione
260 4474 421 4549 Sacrorum,
436 4491 559 4552 quorum
572 4474 727 4551 participes
740 4473 822 4549 fiunt,
837 4481 979 4550 quotquot
999 4474 1030 4531 in
1043 4472 1150 4549 populo
1164 4472 1212 4530 vel
1227 4471 1359 4532 Ecclesia

157 4554 278 4614 eandem
298 4554 507 4631 professionem
521 4555 662 4629 retinent3
685 4553 725 4612 Et
744 4552 786 4612 ita
799 4553 836 4612 ad
856 4553 964 4612 multos
977 4552 1063 4611 etiam
1077 4551 1213 4628 reprobos
1227 4551 1358 4610 extendi·

158 4642 213 4708 tur,
230 4633 281 4711 qni
302 4633 332 4692 iu
354 4629 488 4694 Ecclesia
500 4633 610 4694 visibili
629 4640 755 4694 manent.
798 4631 892 4690 Priori
905 4649 975 4691 vero
995 4631 1116 4692 ulterius
1136 4629 1302 4690 extenditur
1321 4630 1359 4690 ad
