3202 5194
243 331 301 390 160
693 341 784 384 nocue
799 340 999 383 nuooacrnus.
1281 319 1407 405 [ocreas.
1422 343 1455 386 π.

243 488 375 549 homines
390 493 472 548 crant
485 483 658 564 peragenda,
674 483 723 542 vel
737 490 870 562 exparte
890 483 1040 542 hominnm
1061 481 1139 562 apud
1154 483 1258 561 Deum,
1281 485 1318 544 ad
1338 487 1457 565 plenam
1526 483 1527 488 ’

241 569 359 628 loederia
372 568 473 647 gratia
487 563 772 625 consummationem.
1223 587 1236 610 .

242 687 487 792 2522322ῑὲ
507 643 874 784 ..tlhhittt
883 642 1249 799 loetttt'tttltt
1261 655 1373 785 “itt
1389 647 1457 788 ¹³⁸2}

271 761 325 852 Nep,
344 761 384 850 iit
419 761 487 850 30³³.
501 815 587 883 parte
600 745 749 863 licentram
773 769 867 863 officii
888 804 960 880 ipsis
983 805 1159 882 praescripta.
1203 746 1334 884 Utrdque
1356 747 1413 866 vsei'
1427 809 1457 868 in

271 867 362 910 ''m‘'
502 906 604 963 penore
627 885 675 944 vel
697 885 727 943 in
748 885 837 962 specie
857 893 1065 962 proponuntur.
1106 887 1144 943 In
1155 905 1258 962 petere
1272 888 1457 947 continentur

242 971 274 1030 in
295 967 419 1029 formula
442 966 567 1041 foederis,
583 984 641 1043 qna
656 966 736 1024 Deus
761 964 914 1042 pollicetur
932 984 962 1022 ac
978 968 1047 1038 sore
1060 967 1154 1024 Deum
1168 975 1302 1042 nostrum,
1318 976 1348 1026 et
1362 968 1456 1044 exigit

243 1059 277 1110 ut
291 1051 381 1108 simus
395 1049 459 1126 ejus
473 1047 611 1125 populus;
627 1066 692 1123 quea
703 1045 864 1104 absolvitur
874 1043 991 1121 quidem
1005 1045 1187 1122 paucissimis
1197 1046 1303 1122 verbis,
1317 1045 1371 1105 sed
1383 1067 1455 1124 pon·

245 1129 446 1202 derosissimis,
461 1147 527 1205 qua
541 1126 770 1202 complectuntur
781 1124 919 1203 quicquid
929 1144 947 1181 a
961 1124 1025 1182 Deo
1039 1125 1149 1182 homini
1162 1126 1347 1202 promittitur,
1358 1128 1406 1185 vel
1417 1127 1455 1186 ab

243 1209 360 1269 homine
384 1208 519 1285 exigitur,
544 1215 578 1264 ut
599 1205 688 1284 paulo
704 1205 869 1264 ffishnetius
892 1204 1045 1263 formulam
1063 1205 1148 1263 istam
1173 1205 1348 1282 expendenti
1370 1207 1456 1266 laeilc

141 1347 146 1356 ,
244 1290 372 1368 patebit:
393 1296 453 1346 tam
467 1285 563 1364 quoad
573 1284 792 1363 promissionem
803 1284 944 1358 beneficii,
957 1293 986 1343 et
997 1284 1227 1344 testificationem
1242 1286 1356 1362 amoris,
1367 1307 1456 1362 quam

242 1369 339 1448 quoad
350 1369 445 1427 cultus
460 1375 488 1426 et
502 1366 635 1443 obsequii
648 1365 837 1440 exactionem,
850 1384 914 1442 quae
929 1363 986 1423 duo
1001 1365 1048 1422 hic
1062 1364 1259 1424 includuntur.
1282 1365 1368 1424 Etad
1378 1368 1453 1426 Pro·

242 1450 399 1510 mastonem
408 1447 525 1525 quidem
534 1445 612 1524 quod
623 1446 739 1521 attinet;
752 1445 819 1504 talis
828 1453 872 1504 est
881 1453 911 1502 et
919 1452 1007 1518 tanta,
1019 1453 1052 1503 ut
1061 1445 1164 1504 merito
1173 1445 1269 1503 anima
1279 1453 1308 1505 et
1320 1447 1456 1505 substan·

242 1531 284 1590 tia
298 1528 415 1588 foederis
429 1527 550 1601 dicatur,
565 1525 784 1585 fundamentum
805 1533 835 1583 et
848 1524 1050 1602 compendium
1065 1532 1232 1583 caeterarum
1247 1525 1373 1584 omnium
1389 1535 1455 1604 prod

244 1610 427 1684 missionum,
439 1627 503 1685 qua
517 1605 652 1664 fidelibus
674 1605 781 1663 dantur
801 1605 831 1662 in
848 1604 1014 1681 Scriptura3
1039 1625 1098 1682 qua
1111 1605 1185 1663 nihil
1199 1606 1359 1681 sublimius,
1381 1607 1456 1666 nihil

244 1690 367 1768 plenius,
389 1688 462 1746 nihil
477 1686 605 1761 suavius,
631 1685 705 1743 nihil
717 1685 828 1744 firmius
842 1684 905 1742 dari
918 1692 1022 1761 potest.
1065 1684 1137 1743 Ideo
1151 1704 1210 1743 non
1223 1705 1281 1744 nna
1295 1686 1344 1744 vel
1364 1686 1456 1746 altera

244 1770 309 1829 vice
323 1776 436 1828 tantum
449 1766 597 1844 proposita
611 1773 663 1841 est,
679 1765 731 1824 sed
745 1765 912 1842 saepissime,
934 1765 1048 1842 quoties
1062 1766 1111 1823 vel
1124 1764 1219 1824 faedus
1232 1766 1324 1843 primo
1338 1765 1455 1824 institu-

245 1859 307 1910 tum
328 1849 381 1907 vel
401 1855 573 1906 renovatum
598 1853 650 1920 est,
666 1855 726 1906 tam
751 1845 805 1904 sub
819 1845 858 1903 V.
882 1864 968 1921 quarn
993 1844 1048 1904 sub
1063 1844 1099 1902 N.
1114 1845 1149 1904 Τ.
1192 1845 1289 1904 Primo
1303 1845 1379 1904 faeta
1400 1845 1455 1906 fuit

245 1930 422 2001 Abrahamo,
439 1927 513 1986 Gen.
529 1926 601 1984 xvfi.
617 1929 644 2001 7,
661 1926 689 1983 8.
712 1927 731 1958 “
741 1925 800 1983 Ero
815 1925 895 1982 Dens
910 1933 977 1983 tuus
992 1932 1021 1983 et
1035 1925 1153 1984 seminis
1168 1925 1210 1983 tui
1220 1933 1287 2002 post
1301 1927 1363 2002 te;''
1385 1945 1455 1985 con·

244 2009 359 2067 firmata
379 2007 486 2085 populo
511 2005 681 2081 Israelitico,
708 2003 803 2063 Exod.
818 2023 869 2062 xx.
885 2007 913 2078 2,
935 2013 965 2063 et
983 2005 1066 2063 xxix.
1082 2007 1130 2082 45,
1154 2005 1272 2064 Denter.
1287 2025 1316 2064 v.
1332 2011 1359 2082 2,
1377 2011 1404 2082 3,
1417 2009 1454 2083 63

245 2089 368 2167 repetita
389 2085 504 2147 Judaeis
528 2085 558 2142 in
581 2085 748 2161 captivitate
773 2084 962 2162 Babylonica,
986 2085 1096 2144 Jerem.
1119 2085 1202 2144 xxiv.
1225 2089 1252 2162 7,
1274 2094 1303 2146 et
1316 2106 1389 2145 xxx.
1405 2091 1454 2163 22,

247 2169 354 2228 Ezeeh.
373 2167 414 2225 xi
429 2168 482 2241 203
508 2165 611 2224 iterata
629 2173 695 2240 post
709 2164 916 2241 captivitatem,
933 2165 1001 2223 Zac.
1015 2164 1077 2224 xiil.
1093 2166 1127 2240 93
1148 2174 1288 2224 renovata
1302 2167 1355 2226 sub
1370 2167 1456 2225 Novo

247 2250 327 2307 Test.
342 2267 381 2305 ex
400 2245 516 2304 oraculo
530 2244 676 2303 Jeremiae.
691 2245 775 2302 xxxi.
790 2247 838 2320 33,
854 2249 872 2302 2
888 2245 954 2304 Cor.
969 2245 1008 2304 vi.
1026 2246 1072 2320 16,
1095 2252 1124 2303 et
1139 2245 1216 2304 Heb.
1232 2245 1292 2304 viii.
1310 2248 1364 2323 10;
1391 2267 1455 2324 quae

247 2329 278 2386 in
301 2327 394 2405 gloria
415 2324 527 2384 coelesti
549 2324 636 2383 etiam
658 2322 805 2401 implenda
826 2332 879 2398 est,
900 2323 994 2401 Apoc.
1016 2325 1079 2383 xxi.
1100 2327 1128 2384 3.
1152 2327 1170 2357 “
1185 2325 1262 2384 Eece
1283 2326 1452 2385 tabernacu-

248 2408 308 2467 lum
331 2406 387 2464 Dei
410 2425 476 2464 cum
497 2403 672 2480 hominibus,
696 2412 726 2463 et
747 2404 890 2463 habitabit
913 2423 978 2462 enm
997 2404 1042 2480 iis,
1065 2411 1095 2463 et
1113 2403 1170 2481 ipsi
1187 2414 1272 2464 erunt
1293 2405 1336 2464 illi
1355 2407 1386 2463 in
1403 2426 1456 2484 po-

247 2488 357 2567 pulum,
379 2493 409 2544 et
430 2485 511 2544 Deus
534 2485 589 2544 erit
613 2504 678 2544 eum
703 2483 774 2561 ipsis
789 2485 870 2544 Deus
893 2483 1051 2561 ipsorum.''
1094 2484 1195 2562 Atque
1216 2484 1258 2545 ita
1278 2505 1390 2545 summa
1410 2494 1456 2546 est

249 2567 377 2626 emulum
391 2565 595 2625 beneficiorum
612 2565 668 2623 Dei
682 2563 826 2623 infideles
846 2564 952 2623 tamin
967 2563 1061 2641 gratis
1074 2584 1161 2641 quam
1180 2565 1210 2622 in
1224 2565 1325 2642 gloria.
1369 2564 1457 2626 Unde

248 2667 308 2706 non
329 2646 471 2705 immerito
494 2645 608 2705 Psaltes
629 2647 740 2704 beatam
759 2654 869 2722 pentem
888 2644 1027 2721 predicat
1046 2645 1124 2721 cujus
1142 2647 1223 2704 Deus
1239 2655 1279 2704 ert
1291 2647 1379 2724 Deua,
1403 2645 1452 2707 Ps.

248 2727 354 2787 xxxiii.
371 2730 418 2785 12.

252 2847 317 2898 Quid
376 2846 493 2906 importat
553 2804 679 2865 XVIII.
700 2805 812 2865 Verum
830 2813 864 2865 ut
882 2803 1026 2883 genuinus
1040 2824 1142 2865 sensns
1155 2805 1239 2864 istius
1257 2805 1458 2883 promissionis

280 2905 343 2963 quod
368 2903 434 2950 Deus
459 2905 493 2949 sie
512 2886 661 2962 habeatur,
683 2905 742 2944 non
764 2889 819 2946 late
840 2885 980 2945 sumenda
1000 2894 1053 2962 est,
1075 2895 1216 2963 quatenns
1240 2885 1455 2962 authoritatem,

279 2968 363 3009 ”⁰⁵³2
372 2962 446 3008 ΒΜ
513 2987 612 3026 euram
626 2975 655 3025 et
669 2965 828 3024 domiuimn
843 2965 900 3024 Dei
914 2965 1066 3043 significat,
1088 2966 1156 3043 quia
1176 2964 1218 3023 sic
1233 2965 1313 3023 Deus
1334 2971 1379 3022 eat
1396 2984 1458 3025 non

251 3057 364 3109 tantum
385 3047 524 3122 fidelium,
549 3046 600 3105 sed
622 3054 651 3105 et
669 3047 819 3105 hominum
838 3045 869 3104 in
891 3066 1005 3123 genere,
1029 3047 1088 3105 irno
1110 3053 1139 3105 et
1161 3045 1289 3104 omnium
1311 3051 1457 3104 ereatura·

251 3149 324 3204 rum,
347 3130 459 3188 ratione
481 3125 634 3186 creationis
653 3133 683 3184 et
704 3125 930 3204 gubernationis,
951 3133 981 3184 st
1001 3126 1076 3184 nihil
1098 3125 1244 3202 singulare
1266 3132 1296 3184 et
1318 3125 1458 3184 exiqum

252 3209 437 3287 polliceretur
460 3206 567 3284 populo
592 3223 679 3284 snpra
703 3215 821 3266 caeteras
845 3214 973 3284 gentes:
1002 3205 1060 3264 Sed
1082 3207 1185 3281 stricte,
1210 3213 1297 3283 prout
1320 3205 1458 3282 importat

252 3289 422 3346 relationem
446 3285 620 3361 loederalem,
644 3294 674 3345 et
695 3287 852 3364 gratiosam
874 3285 954 3344 illam
978 3286 1218 3361 communionem,
1242 3304 1300 3362 qua
1323 3285 1404 3342 Deus
1426 3305 1459 3344 sa

253 3367 364 3426 homini
386 3365 530 3443 peccatori
551 3365 742 3426 communicat
762 3366 800 3425 ad
823 3364 918 3442 ipsum
940 3365 1002 3423 vita
1022 3365 1177 3424 immortali
1199 3373 1229 3424 et
1250 3365 1327 3424 felici
1348 3364 1457 3423 donan-

254 3447 332 3522 dum,
354 3455 441 3523 prout
458 3444 510 3503 illa
522 3444 646 3504 formula
660 3446 733 3505 solet
746 3445 854 3524 passim
868 3444 1016 3523 explicari.
1059 3445 1106 3502 Ita
1125 3445 1150 3504 si
1168 3445 1248 3504 Deus
1267 3454 1312 3504 eat
1330 3445 1459 3504 omnium

254 3547 306 3604 per
320 3525 545 3600 Providentiam,
570 3526 650 3585 Deus
673 3534 717 3585 est
744 3525 873 3585 fidelium
899 3544 951 3602 per
979 3524 1120 3602 gratiam3
1147 3524 1172 3583 si
1197 3525 1278 3584 Dens
1302 3533 1347 3583 est
1372 3525 1457 3583 Crea-

253 3615 383 3666 turarum
406 3606 437 3663 in
458 3605 567 3664 mundo
588 3625 640 3683 per
662 3605 863 3665 authoritatem
887 3613 917 3663 et
938 3604 1105 3682 potentiam,
1130 3604 1211 3663 Deus
1230 3613 1274 3663 est
1294 3603 1393 3682 populi
1415 3603 1461 3664 sui

254 3686 285 3744 in
307 3685 439 3744 Ecclesia
458 3705 510 3764 per
529 3685 762 3744 benevolentiam
783 3693 813 3744 et
833 3703 968 3760 amorem,
991 3693 1021 3744 et
1038 3704 1090 3762 per
1109 3683 1251 3744 beneficia
1269 3704 1334 3762 quae
1350 3683 1394 3742 illi
1407 3684 1461 3742 im-

252 3766 383 3844 pertitur.

557 3844 653 3904 XIX.
675 3843 814 3920 Quamvis
828 3863 898 3903 vero
918 3843 977 3904 siut
996 3845 1155 3920 irmumera,
1171 3853 1294 3921 possunt
1314 3851 1409 3904 tamen
1424 3843 1463 3902 ad

253 3911 496 4015 Hffmui,¹;⁰},¹¹effi¹2¹{,tc¹,¹;
517 3932 640 4018 quatuor
652 3925 710 3984 ista
723 3923 984 4002 praecipuarefeni.
1028 3928 1054 3983 1.
1070 3925 1334 3983 Reconcibbtionem
1344 3931 1374 3983 et
1387 3943 1462 3982 com·

283 4029 409 4082 „rum
454 4027 496 4072 aad
516 4025 674 4064 munionem
687 4025 754 4064 eum
770 4005 841 4082 Deo,
857 4024 909 4082 per
922 4023 1009 4081 quam
1023 4024 1082 4063 non
1096 4013 1208 4062 tantum
1223 4003 1307 4062 nobis
1320 4003 1461 4080 placatur,

283 4091 388 4143 quatuor
413 4085 496 4143 praci·
519 4083 609 4143 sedet
620 4085 746 4162 seipsum
757 4085 841 4144 nobis
852 4083 911 4158 dat,
918 4093 951 4141 nt
960 4083 1096 4161 deinceps
1107 4083 1145 4142 sit
1155 4091 1254 4142 noster
1264 4092 1324 4142 tam
1335 4079 1461 4157 adnuite,

282 4157 336 4202 ΡΜ·
515 4163 612 4240 quoad
625 4173 758 4244 naturam
772 4173 802 4224 et
815 4164 962 4238 attributa,
977 4183 1063 4240 quam
1080 4167 1263 4238 transeunte,
1282 4163 1379 4240 quoad
1394 4163 1463 4221 Per-

254 4263 348 4320 sonas,
371 4251 400 4302 et
421 4243 602 4322 operationes
622 4244 797 4321 personales.
840 4248 868 4303 2.
892 4243 1120 4303 Commncioccm
1140 4245 1284 4320 bonorum,
1307 4251 1340 4302 ut
1363 4250 1465 4302 nostra

253 4324 312 4384 sint
326 4323 423 4383 omnia
437 4323 495 4382 Dei
508 4323 593 4398 bona,
610 4332 639 4382 et
653 4343 832 4402 quaeeunque
847 4323 885 4382 ad
895 4323 990 4400 ipsum
1000 4323 1154 4399 pertinent.
1185 4326 1213 4382 3.
1231 4323 1465 4398 Omisermitatan

253 4425 314 4463 cum
329 4405 402 4478 Deo,
418 4422 470 4480 per
483 4410 594 4461 naturae
608 4403 715 4462 divina
736 4403 986 4481 participationem
1004 4410 1033 4460 ct
1053 4401 1336 4462 transformationem
1350 4402 1381 4460 in
1398 4403 1464 4478 ejus

253 4482 418 4560 imaginem.
460 4485 489 4539 4.
515 4481 710 4542 Constantiam
730 4494 760 4544 ct
780 4483 961 4542 almitatem
982 4481 1087 4540 amoris
1102 4482 1159 4540 Dei
1177 4489 1207 4541 et
1221 4481 1336 4540 unionis
1355 4489 1463 4538 nostrae

253 4583 320 4622 eum
334 4563 406 4638 ipso,
422 4581 487 4638 quae
501 4561 570 4637 quia
588 4563 688 4641 magni
708 4572 775 4624 sunt
788 4564 819 4622 in
832 4565 888 4621 hoe
905 4570 1077 4638 argumento
1097 4562 1246 4639 momenti,
1268 4560 1355 4641 patilo
1369 4558 1464 4618 fusius

253 4640 394 4700 deducere
408 4659 466 4699 non
480 4638 600 4718 pigebit.
798 4637 803 4643 ’
