3152 5198
145 386 255 435 oense.
272 365 317 446 v.]
609 385 647 424 nn
662 383 935 427 snucrrrrearronr..
1294 369 1352 426 635

148 526 199 587 sed
212 526 361 585 filiationIs
375 523 537 601 privilegio,
561 525 755 585 intercedente
776 535 872 586 tamen
896 528 1035 586 bonorum
1062 546 1179 604 operum
1204 527 1351 602 exercitio,

148 618 284 684 tanquam
299 605 460 664 necessaria
473 605 647 663 conditione.
689 606 779 682 Cujus
793 627 880 666 causa
893 615 925 666 ut
939 627 1048 666 merces
1073 617 1102 666 et
1125 607 1273 684 prumiam
1288 627 1352 684 pre-

148 688 265 764 ponitur
278 685 316 744 ad
330 684 513 743 excitandam
527 683 656 742 fidelium
672 685 860 762 diligentiam,
871 707 929 746 non
941 688 977 745 ad
986 688 1169 745 nutriendam
1180 687 1351 764 superbiam,

148 767 200 825 sed
214 766 340 843 gratuita
354 764 416 822 haee
440 783 558 838 meroes,
574 784 638 840 quae
653 767 838 842 consequitur
851 766 965 826 labores
979 775 1101 841 nostros,
1116 787 1174 824 non
1189 767 1284 843 magis
1294 785 1352 824 me·

148 847 235 905 ritum
250 845 354 922 arguit,
370 864 457 920 quam
472 845 579 921 emptio
593 845 715 920 pretinm
731 855 760 903 et
773 847 924 923 pecuniam
939 845 1016 922 apud
1040 847 1223 923 Prophetam,
1240 849 1297 904 lsa.
1313 845 1354 903 lv.

152 929 177 1002 1,
194 929 221 984 2.
267 924 350 984 Unde
366 924 444 1000 quod
457 933 530 992 pacta
546 923 659 998 dicitur,
677 925 782 983 Matth.
797 945 825 984 v.
841 929 889 1000 46,
913 935 942 984 et
955 927 995 983 vi.
1013 929 1038 1000 l,
1054 927 1123 984 alibi
1142 927 1219 1002 apud
1235 927 1352 1000 Lucam,

151 1005 254 1083 capri.
267 1008 314 1079 32,
332 1012 451 1062 vocetur
459 1014 536 1077 gegis,
552 1013 581 1061 et
596 1005 672 1062 Paul.
689 1005 798 1063 cxxvii.
810 1009 836 1080 3,
847 1006 930 1064 liberi
945 1025 997 1064 sen
1010 1005 1119 1064 fruetus
1129 1006 1239 1064 ventris
1247 1023 1354 1063 vocan-

150 1093 197 1144 tur
207 1105 325 1159 merces,
341 1085 391 1160 qui
407 1093 503 1142 tamen
517 1092 584 1140 sunt
598 1084 705 1141 donum
721 1085 785 1142 Dei.

192 1165 299 1223 XXV.
316 1164 385 1222 Alia
399 1175 442 1221 est
456 1164 573 1221 Justitio
586 1164 684 1222 stricto
698 1165 873 1240 (equalitatis,
889 1185 954 1241 quae
967 1165 1085 1242 respicit
1093 1173 1194 1223 exacte
1209 1163 1358 1240 oequalita·

151 1253 209 1304 tem
224 1245 328 1322 operia,
345 1243 414 1301 Alia
427 1243 705 1320 Jesu'tiofidelitatis,
726 1245 921 1303 misericordia
945 1253 1111 1321 temperata,
1127 1265 1192 1322 quae
1206 1245 1358 1302 veritatem

152 1333 263 1402 spectat
277 1323 383 1382 divinae
397 1323 603 1400 promissionis,
620 1333 648 1381 et
662 1332 786 1399 paetum,
798 1324 877 1401 quod
901 1324 981 1381 Deus
1005 1324 1155 1383 nobiseum
1170 1324 1242 1382 inire
1256 1323 1358 1399 digna-

152 1412 199 1463 tus
211 1413 263 1462 est.
307 1404 386 1461 Deus
400 1402 495 1460 reddit
508 1403 598 1460 vitam
610 1403 744 1479 operibns
757 1405 864 1462 nostris
878 1424 916 1462 cx
925 1403 1040 1480 justitia
1049 1403 1207 1478 fidelitatis,
1219 1423 1276 1480 qua
1289 1402 1359 1460 fide·

153 1483 190 1541 lis
205 1495 234 1543 et
250 1502 337 1542 verax
351 1484 381 1539 in
395 1481 549 1559 implendis
563 1483 731 1559 promissis,
754 1483 806 1542 sed
820 1503 877 1541 non
892 1503 929 1541 ex
947 1484 1062 1560 justitia
1076 1483 1258 1559 aequalitatis,
1274 1489 1306 1540 ut
1317 1489 1360 1539 at·

153 1563 252 1622 tendat
266 1563 399 1621 meritum
414 1563 516 1639 operm,
533 1563 611 1638 quod
627 1563 782 1621 Durandus
797 1564 927 1640 agnoseit
937 1563 968 1619 iu
983 1568 1000 1620 2
1018 1563 1092 1621 Dist.
1104 1563 1198 1620 xxvii.
1213 1582 1241 1639 q.
1257 1567 1285 1631 2,
1302 1581 1362 1618 non

153 1645 221 1720 quia
232 1644 343 1719 justum
358 1651 402 1701 est
416 1642 526 1700 meritis
539 1642 646 1700 nostris
660 1643 784 1719 pendere
799 1643 923 1702 debitam
936 1643 1105 1716 mercedem,
1117 1642 1167 1700 sed
1178 1643 1362 1719 quiajustum

154 1732 198 1781 est
214 1725 277 1781 Deo
292 1733 367 1781 stare
382 1722 538 1798 promissit,
555 1731 584 1780 et
599 1741 656 1778 non
670 1723 730 1799 pati
744 1731 777 1782 nt
791 1743 868 1781 mora
883 1722 990 1782 Christi
1005 1723 1042 1780 sit
1056 1723 1145 1780 irrita.

196 1803 320 1861 XXVI.
355 1803 435 1860 Deus
459 1801 624 1860 redditums
649 1811 693 1860 est
718 1813 781 1857 »aaa
800 1811 900 1877 aeteya
930 1805 1079 1860 secundum
1104 1821 1202 1877 opere,
1233 1819 1292 1858 non
1327 1807 1363 1855 ta

152 1893 281 1962 propter,
319 1891 351 1940 ut
382 1889 498 1940 notetur
527 1882 680 1957 proportio
705 1883 856 1958 qualitatis,
893 1902 951 1939 non
988 1882 1169 1958 aequalitatis
1206 1888 1239 1938 ut
1281 1879 1364 1939 bonis

157 1963 229 2022 bene
245 1965 289 2036 sit,
307 1962 390 2020 malis
405 1962 488 2036 male,
504 1969 537 2019 ut
550 1961 720 2037 explicatur,
743 1962 836 2037 Apoc.
851 1961 924 2020 xxii.
942 1965 987 2036 12,
1006 1961 1163 2019 “Reddam
1178 1959 1282 2036 cuique
1298 1968 1324 2020 ts
1338 1969 1364 2014 et

156 2050 218 2116 tepor
230 2051 301 2098 tevit
312 2043 405 2112 teemss’
421 2041 460 2099 id.
477 2040 561 2118 quale
577 2041 704 2099 hrturum
715 2053 776 2116 est;
794 2041 914 2099 sednon
927 2049 960 2099 ut
971 2061 1043 2118 opus
1058 2047 1304 2099 commensuretur
1314 2059 1366 2116 per

156 2122 383 2199 condignitatem
397 2121 523 2178 mercedi
547 2120 705 2197 promissae.
748 2120 833 2194 Quod
858 2123 968 2197 Grego.
985 2121 1026 2178 M.
1043 2121 1103 2178 int
1122 2120 1199 2178 Psal.
1214 2119 1364 2195 poenitent.

157 2201 311 2262 observat:
348 2201 470 2258 “Aliud
494 2209 538 2258 est
563 2201 721 2259 secundum
747 2221 833 2277 opera
856 2200 996 2277 reddore;
1025 2200 1117 2259 Aliud
1140 2207 1255 2276 propter
1280 2217 1367 2275 opera

156 2281 285 2339 reddere.
330 2281 365 2338 In
379 2300 413 2339 eo
428 2280 504 2338 enim
518 2280 597 2356 quod
610 2283 761 2339 secundem
784 2301 872 2356 opera
897 2280 1012 2355 dicitur,
1027 2281 1091 2357 ipsa
1104 2299 1221 2356 operum
1242 2278 1365 2356 qualitas

158 2360 338 2436 intelligitur,
354 2371 386 2418 ut
400 2361 482 2436 cujus
497 2361 681 2437 apparuerint
694 2361 770 2418 bona
785 2380 879 2437 opera,
895 2361 958 2436 ejus
973 2361 1011 2419 sit
1024 2360 1175 2418 retributio
1189 2358 1345 2435 gloriosa.’'

199 2439 345 2497 XXVII.
368 2439 520 2496 Particulae
548 2441 678 2498 causales
703 2450 756 2514 pt„
769 2446 813 2514 ht,
837 2460 902 2517 quae
927 2441 1093 2500 tribuuntur
1117 2439 1200 2498 bonis
1223 2437 1365 2514 operibus,

159 2519 264 2578 Matth.
280 2539 352 2576 xxv.
368 2521 416 2587 35,
432 2518 525 2594 Apoc.
549 2521 599 2577 viI.
627 2522 672 2594 15,
697 2540 754 2578 non
777 2528 844 2578 sunt
868 2521 1007 2597 causales,
1029 2519 1080 2578 sed
1103 2517 1319 2591 ratiocinativa,
1335 2528 1367 2574 ut

159 2619 235 2676 sape
249 2599 327 2674 alibi,
344 2599 449 2657 Matth.
465 2598 525 2656 xvi.
542 2603 568 2673 2,
585 2603 612 2674 3,
629 2611 658 2658 et
671 2600 741 2659 Joh.
757 2601 817 2657 xvi.
830 2605 877 2675 27,
897 2603 910 2656 1
928 2600 993 2658 Cor.
1009 2621 1038 2658 x.
1055 2605 1081 2673 5,
1098 2596 1161 2672 dre,
1178 2617 1242 2674 quae
1266 2605 1368 2654 notant

158 2699 273 2738 causam
289 2678 510 2755 consequentia,
526 2698 584 2736 non
608 2681 829 2756 consequentis,
852 2688 935 2737 notas
959 2679 1170 2750 salvandorum,
1195 2683 1224 2734 et
1239 2676 1366 2734 testimo·

157 2759 236 2818 nium
249 2759 318 2818 fidei
330 2768 359 2818 et
374 2758 532 2816 Electionis
554 2768 676 2834 aeternae,
693 2759 743 2818 sed
758 2779 816 2818 nou
830 2779 931 2818 causas
954 2758 1115 2816 meritorias
1138 2756 1248 2827 salutis
1263 2764 1296 2813 ut
1310 2755 1368 2813 sint

157 2849 328 2918 argumenta
341 2847 370 2898 et
382 2840 465 2915 sigma
479 2858 497 2895 a
521 2838 673 2914 posteriori
693 2839 782 2915 justae
807 2838 956 2897 sententiae
978 2838 1009 2896 iu
1031 2837 1211 2896 absolutione
1224 2835 1365 2910 fidelium,

157 2939 215 2978 nou
230 2940 323 2978 causae
339 2927 367 2977 et
381 2918 568 2977 fundamenta
582 2938 599 2975 a
613 2919 710 2994 priori.
743 2919 838 2978 illecti
852 2917 928 2976 enim
943 2917 1079 2976 dicuntur
1089 2917 1215 2992 recipere
1231 2915 1366 2992 Regnum

158 3019 196 3056 cx
207 2999 302 3074 gretia
314 2999 369 3055 Dei
383 2999 419 3057 ab
431 3007 535 3055 ceterae
544 3007 752 3074 preparatum,
769 3019 826 3056 non
841 2998 871 3054 in
885 3006 1012 3075 tempore
1027 2997 1129 3056 merito
1144 3015 1261 3072 operum
1276 2994 1366 3071 impe-

157 3086 273 3151 tratum,
288 3086 322 3136 ut
336 3079 413 3136 tituto
427 3079 598 3136 hereditatis
612 3078 787 3154 possideant,
803 3087 835 3135 ut
842 3078 904 3154 fite·
915 3079 1012 3135 Patris
1027 3077 1167 3152 benedicti,
1184 3093 1242 3132 uon
1257 3093 1326 3132 vero
1335 3082 1367 3133 ut

158 3157 235 3216 servi
250 3157 299 3232 qui
314 3158 365 3215 tali
379 3156 496 3234 praemio
512 3157 647 3233 operibus
662 3159 722 3216 suis
736 3158 818 3234 digni
833 3159 891 3216 sint
905 3157 982 3216 facti.

201 3234 365 3292 XXVIII.
392 3235 532 3311 Dipuz'tas
553 3237 614 3294 alia
636 3245 681 3294 est
698 3257 837 3312 personae,
860 3237 920 3294 alia
940 3237 1059 3313 opertu
1085 3235 1203 3293 Fideles
1224 3231 1367 3290 dicuntur

158 3313 243 3388 digni
257 3314 383 3370 sednon
403 3333 494 3388 opera
507 3333 620 3372 eorum.
662 3316 689 3372 2.
712 3316 850 3391 Dignitas
864 3315 924 3373 alia
937 3323 982 3373 est
995 3314 1124 3390 propria,
1139 3329 1207 3387 quae
1221 3310 1367 3366 fundatur

160 3393 192 3448 in
206 3391 346 3464 operibus
360 3391 451 3465 ipsius
460 3392 598 3463 hominis,
610 3393 671 3451 alia
681 3412 749 3468 quae
761 3395 798 3451 ab
810 3393 932 3452 alterius
941 3394 1114 3468 dignatione
1125 3397 1154 3447 et
1165 3389 1365 3464 acceptatione

160 3471 277 3546 pendet.
321 3469 394 3526 Alia
407 3477 451 3526 est
464 3471 591 3546 dipnitas
606 3473 794 3549 perfeetionis
808 3483 834 3530 et
847 3472 950 3541 meriti,
963 3491 1030 3546 quae
1042 3469 1180 3544 operibus
1191 3467 1301 3543 passim
1315 3467 1366 3522 de-

160 3555 307 3621 negatur3
331 3547 404 3604 Alia
425 3549 599 3622 aptitudinis
622 3563 649 3608 et
670 3551 877 3620 convenientia,
899 3551 1064 3606 seeundum
1086 3566 1176 3622 quam
1199 3546 1301 3603 fideles
1322 3544 1366 3600 di-

159 3634 268 3686 cuntur
282 3624 366 3699 digni
390 3624 496 3699 Regno
507 3627 658 3699 coelornm,
674 3629 784 3687 Matth.
805 3647 834 3685 x.
852 3628 898 3698 11,
919 3627 1133 3696 annessae,
1156 3625 1250 3700 Apoc.
1274 3623 1314 3678 iii.
1336 3623 1364 3691 4,

157 3705 198 3764 id.
214 3704 277 3778 apti
290 3713 320 3762 et
333 3705 543 3762 convenienter
556 3706 689 3780 dispositi
700 3710 739 3765 ad
752 3707 829 3762 illud
844 3706 1066 3781 possidendum.
1109 3705 1159 3762 Ita
1169 3721 1246 3775 saepe
1256 3717 1363 3756 nomeu

158 3793 215 3851 tan
235 3782 370 3856 sumitur,
387 3789 421 3839 ut
434 3783 545 3841 Matth.
560 3783 600 3840 iii.
616 3785 644 3854 8,
660 3786 729 3843 Aet.
744 3784 824 3842 xxvi.
840 3786 887 3843 20.
918 3784 1009 3857 Digni
1023 3802 1093 3857 ergo
1103 3787 1182 3848 sunt,
1197 3797 1258 3834 non
1272 3795 1309 3832 ex
1320 3777 1364 3832 in-

157 3867 242 3918 terna
256 3861 402 3934 dignitate
417 3879 559 3934 opernm;
581 3864 632 3919 sed
643 3883 681 3920 ex
701 3863 875 3937 dignatione
889 3863 999 3929 diviua,
1016 3879 1083 3935 quae
1098 3877 1134 3914 cx
1155 3855 1285 3927 indignis
1299 3853 1364 3927 dig·

158 3957 213 3996 nos
226 3938 304 4008 fecit,
321 3938 385 3996 Col.
400 3937 418 3994 i.
437 3939 482 4008 12,
498 3939 613 3996 ratione
627 3943 702 3999 albae
717 3941 806 3998 vestis
815 3938 940 4013 justitiae
957 3937 1075 4006 Christi,
1090 3953 1152 4010 qua
1165 3941 1235 3989 sunt
1255 3931 1363 4001 induti,

158 4016 226 4076 Gal.
241 4017 282 4073 ili.
298 4017 345 4084 27,
360 4021 390 4074 et
403 4015 512 4073 divinae
526 4019 702 4094 adoptionis,
719 4037 778 4075 non
794 4018 907 4074 rati0ne
917 4015 1043 4088 justitiae
1058 4010 1229 4070 inhaerentis
1251 4028 1318 4083 qnae
1332 4008 1364 4064 in

156 4097 213 4152 hac
226 4095 289 4152 vita
302 4093 388 4150 nulla
400 4094 531 4168 perfecta
544 4103 596 4152 est.
637 4097 703 4155 Nee
717 4097 798 4154 aliud
814 4095 869 4153 sibi
883 4094 950 4150 vult
961 4093 1135 4168 Apostolus,
1150 4091 1169 4145 2
1183 4088 1284 4144 Thess.
1300 4087 1319 4143 i.
1336 4086 1363 4157 5,

157 4191 252 4248 quum
273 4172 316 4229 ait
335 4171 400 4246 pios
422 4183 586 4239 καταξιωθῆναι
602 4176 709 4250 dignos
726 4175 790 4232 fieri
813 4191 906 4248 regno
927 4171 993 4242 Dei,
1015 4189 1076 4228 non
1097 4187 1151 4244 per
1171 4184 1226 4223 sua
1249 4163 1364 4234 merita,

156 4253 207 4310 sed
228 4269 280 4324 per
301 4250 358 4306 Dei
378 4253 505 4324 gratiam
530 4253 559 4308 in
590 4253 725 4324 Christ03
751 4253 820 4309 hino
843 4251 922 4310 enim
948 4257 995 4307 est
1015 4248 1110 4306 omnis
1138 4251 1240 4302 nostra
1259 4249 1364 4300 taust-ms

156 4337 187 4386 et
207 4336 268 4394 etta.
320 4327 411 4386 Unde
432 4340 592 4398 »aratrorum
611 4333 643 4387 in
665 4331 818 4404 Scriptura
838 4330 1001 4403 aliquando
1021 4327 1100 4383 idem
1122 4330 1167 4382 est
1187 4341 1254 4380 cum
1279 4348 1365 4394 χαριε-

156 4417 224 4474 tiva,
238 4405 307 4464 Aet.
321 4424 350 4463 u.
365 4407 413 4480 41,
429 4409 508 4466 Phil.
523 4410 541 4468 i.
557 4411 605 4480 29,
620 4417 650 4465 et
664 4409 788 4467 Salnrer.
805 4409 844 4465 ad
860 4408 923 4466 Col.
946 4408 965 4464 i.
987 4406 1104 4478 Disput.
1121 4405 1149 4474 2,
1163 4402 1268 4459 statuit
1282 4403 1364 4476 quod

157 4485 241 4563 dipni
252 4483 386 4553 dicimur,
402 4488 450 4544 ubi
463 4487 617 4546 hareditas
631 4487 719 4544 nullis
733 4487 838 4542 electris
852 4486 959 4545 rneru'tt's
973 4485 1090 4542 obvenit.

198 4561 322 4621 XXIX.
345 4561 441 4624 Aliud
455 4573 501 4624 est
510 4567 590 4624 bona
603 4584 693 4640 opera
702 4565 818 4641 placere
832 4563 907 4638 Deo,
922 4571 1033 4622 etcum
1047 4561 1204 4630 delectare,
1218 4560 1300 4634 quod
1315 4577 1367 4633 ag·

158 4640 326 4708 noscimus;
349 4640 446 4700 Aliud
459 4645 540 4701 bona
553 4662 644 4719 opera
656 4644 752 4718 ipsunt
762 4642 890 4717 placare,
913 4650 943 4699 ct
960 4641 1077 4715 aliquid
1091 4657 1143 4714 per
1164 4637 1243 4694 viam
1267 4637 1365 4694 meriti

157 4721 270 4794 abipso
282 4717 424 4778 obtinere.
448 4720 536 4778 Prius
546 4722 664 4791 dieitur,
677 4721 755 4778 IIob.
766 4721 826 4777 xiii.
839 4720 985 4794 16,qunm
997 4719 1040 4776 ait
1049 4716 1163 4776 Paulus
1174 4715 1272 4772 Deum
1284 4726 1366 4788 eam
