3150 5206
118 357 231 406 ounsr.
246 335 296 420 m]
479 356 518 395 nn
533 357 665 398 reasons
680 356 717 395 ετ
732 355 826 397 aranu
841 357 967 398 cumsrr.
1265 345 1324 402 255

118 500 141 559 J
142 517 209 557 estis
224 497 401 571 Nazarenus,
416 516 501 574 quem
514 497 637 557 Messias
653 497 795 556 credimus
809 505 838 556 et
859 497 1057 574 predicamus,
1073 497 1112 556 sit
1125 517 1211 558 verus
1231 500 1280 560 ille
1295 511 1325 561 et

118 579 253 656 proprius
264 577 389 635 Messias
403 597 420 634 a
435 576 498 635 Deo
512 577 677 654 promissus,
693 577 743 654 qui
754 586 893 636 venturus
907 585 968 635 erat
978 577 1015 636 ad
1029 578 1151 636 salutem
1165 579 1323 640 homiuum.

118 659 141 718 J
143 657 219 716 udaei
236 657 421 734 pertinaciter
434 665 550 734 negant,
567 657 628 715 Nos
642 677 711 716 varo
732 666 896 716 constanter
909 657 1092 732 affirmamus,
1108 667 1136 716 et
1153 658 1260 718 invicte
1275 660 1323 719 de·

118 745 323 796 monstramus.

119 854 365 982 'mitent
386 815 1324 972 ..initutitt.:tttdtttttttttnsttttttt

147 974 304 1042 swksstffffl
313 971 366 1016 0¹¹·
386 975 549 1051 mationem,
560 983 619 1034 tam
634 995 698 1052 quae
713 974 814 1034 Ortum
825 975 1061 1052 ejusrespicinnt,
1078 996 1164 1053 quam
1178 998 1243 1054 quae
1255 979 1324 1037 Per·

149 1033 290 1087 mmm
385 1073 495 1130 sonam,
518 1063 548 1113 et
570 1055 691 1128 Statum,
714 1054 762 1112 vel
780 1055 957 1129 Doctrinam,
973 1063 1003 1113 et
1025 1055 1127 1132 Opera,
1143 1057 1186 1115 illi
1210 1078 1323 1135 compe-

120 1144 195 1213 tunt,
211 1144 241 1195 et
262 1135 292 1193 in
312 1152 347 1194 eo
361 1134 479 1212 impleta
494 1141 570 1208 sunt,
593 1143 626 1192 ut
639 1135 687 1192 vel
707 1133 780 1192 nulli
800 1135 981 1208 conveniant,
997 1135 1044 1193 vel
1065 1135 1133 1194 huic
1152 1147 1324 1215 competant.

155 1269 161 1280 ,
385 1215 424 1272 Et
448 1213 485 1272 ad
509 1216 609 1274 Orbem
629 1214 754 1290 quidem,
777 1213 840 1272 sive
869 1216 988 1290 Tempus
1007 1215 1176 1290 nativitatis,
1206 1219 1325 1295 ejusque

120 1266 363 1372 {fflgfflffi
385 1295 584 1368 Prodromum,
609 1294 670 1352 sive
694 1296 809 1368 Locum,
833 1294 895 1352 sive
916 1295 1030 1354 Tritum
1055 1297 1239 1373 etsomitram,
1263 1299 1326 1358 sive

386 1375 505 1432 Modum
525 1373 715 1448 emendamus,
734 1373 830 1431 omnia
851 1374 881 1432 in
902 1393 966 1432 eum
981 1375 1167 1452 concurrisse,
1197 1385 1226 1435 et
1250 1398 1327 1436 com·

119 1458 298 1534 plementum
321 1472 403 1514 suum
417 1452 552 1512 habuisse
566 1461 687 1527 constat,
703 1461 735 1512 ut
753 1473 805 1530 per
817 1461 913 1530 partes
925 1452 1009 1512 facile
1024 1454 1137 1514 ostendi
1150 1465 1254 1532 potest,
1270 1477 1328 1516 non

121 1537 217 1616 quoad
233 1535 363 1612 singulae
377 1533 505 1606 seorsim,
520 1553 578 1608 qno
592 1541 676 1609 pacto
690 1533 763 1590 nihil
783 1532 945 1609 probarent,
969 1531 1020 1592 sed
1041 1535 1217 1611 conjunctim
1231 1537 1328 1612 quoad

121 1637 230 1692 omnes,
246 1637 310 1693 quae
325 1621 525 1690 argumentum
539 1611 647 1670 faciunt
661 1610 794 1671 solidum.

211 1749 217 1760 ,
423 1691 479 1750 IV.
504 1695 529 1749 1.
546 1691 670 1749 Ratione
691 1691 843 1766 Temporis,
860 1691 984 1749 Messias
997 1693 1078 1752 nasci
1091 1693 1192 1752 debuit
1205 1713 1240 1752 eo
1253 1702 1325 1753 tem-

121 1747 143 1795 L
158 1749 268 1864 R‘tffi
277 1750 348 1862 ,tem-
383 1791 460 1848 pore,
476 1791 534 1847 quo
549 1771 643 1847 Regia
663 1779 693 1828 et
714 1769 905 1847 Legislatoria
920 1769 1052 1830 Potestas
1069 1772 1174 1831 auferri
1195 1772 1295 1832 debuit
1308 1794 1327 1832 a

383 1850 505 1926 Judseis,
538 1858 604 1928 post
626 1852 665 1909 70
690 1850 863 1925 septimanas
896 1868 1044 1924 annonam,
1070 1851 1109 1910 id.
1133 1852 1239 1928 elapsis
1266 1856 1326 1913 490

121 1933 206 1992 annis
220 1951 238 1990 a
252 1930 418 2008 captivitate
433 1930 614 2007 Babylonica
626 1941 640 1989 :'
654 1937 683 1988 et
697 1949 755 2006 quo
770 1928 913 1988 Davidica
937 1929 1039 1988 domus
1060 1930 1090 1988 in
1105 1951 1216 1990 summo
1230 1931 1327 1992 futura

121 2021 184 2072 erat
197 2018 373 2088 contemptu,
389 2017 419 2068 ct
432 2011 523 2068 veluti
537 2018 655 2071 truncus
669 2009 708 2066 ad
720 2008 847 2068 redicem
861 2027 952 2085 usque
966 2009 1090 2085 excisus,
1107 2010 1164 2069 Isa.
1179 2012 1219 2070 xi.
1237 2015 1263 2070 l.
1280 2013 1324 2072 Eo

121 2101 219 2150 autem
234 2101 361 2167 tempore
375 2090 396 2148 J
399 2109 479 2148 esum
492 2097 622 2147 nostrum
636 2088 798 2147 exhibitum
809 2088 906 2164 fuisse,
919 2089 1016 2165 etjam
1030 2109 1118 2167 supra
1133 2092 1260 2150 evictum
1271 2101 1324 2168 est,

120 2180 151 2231 et
164 2191 211 2230 res
232 2172 296 2250 ipsa
307 2169 444 2246 loquitur.
593 2247 599 2260 υ
827 2246 833 2260 ,

120 2301 145 2346 2·
160 2301 347 2414 ssfflfffl·
384 2248 852 2403 rrdddhdiadiddsldfflii
871 2247 1326 2406 dididhhdhihmffitdiiidd

384 2426 421 2466 cx
442 2406 573 2466 Omeulis
595 2405 783 2483 Propheticis,
800 2406 858 2464 Isa.
873 2405 913 2464 xl.
935 2410 962 2480 3,
985 2407 1056 2464 Mal.
1077 2407 1118 2466 iii.
1140 2409 1166 2482 1,
1188 2417 1218 2467 et
1233 2409 1273 2469 iv.
1297 2413 1324 2485 5,

123 2487 143 2519 “
153 2485 230 2544 Ecce
255 2504 309 2562 ego
323 2485 405 2544 mitto
420 2486 504 2544 vobis
523 2485 618 2544 Ehem
636 2485 818 2561 Prophetam,
833 2495 987 2562 autequam
1001 2487 1100 2546 veniat
1121 2487 1183 2546 dies
1199 2489 1326 2548 Jehovse

122 2584 247 2641 magnus
261 2574 289 2624 et
307 2565 444 2624 terribilis
454 2566 478 2624 :’'
502 2565 548 2622 Ita
566 2565 596 2622 in
610 2564 632 2624 J
634 2565 746 2624 ohanne
763 2565 896 2641 Baptista
909 2565 1058 2642 impletum
1069 2567 1192 2641 videtur,
1209 2568 1259 2644 qni
1273 2569 1327 2628 fuit

122 2645 192 2703 Vox
207 2644 357 2703 clamantis
371 2645 401 2703 in
422 2644 544 2720 deserto,
559 2645 610 2720 qui
623 2645 770 2720 praecessit
784 2645 930 2704 Christum
944 2646 974 2702 in
989 2647 1089 2723 spiritu
1105 2647 1187 2720 Elias,
1203 2656 1236 2705 ut
1248 2649 1325 2706 viam

122 2723 165 2782 illi
174 2732 297 2800 pararet,
310 2724 414 2782 Matth.
427 2724 467 2782 iii.
480 2727 507 2798 3,
520 2731 549 2782 et
558 2725 598 2781 xi.
612 2727 658 2798 14,
671 2723 742 2782 Luc.
757 2724 776 2782 i.
791 2728 836 2798 17,
847 2743 905 2782 non
915 2724 1001 2782 modo
1015 2725 1242 2800 resipiscentiam
1254 2747 1325 2802 prse-

122 2802 255 2877 dicando,
282 2802 333 2861 sed
360 2812 389 2862 et
412 2803 524 2862 illustre
551 2803 747 2862 testimonium
772 2803 887 2862 Christo
910 2803 1074 2880 praebendo,
1100 2811 1129 2861 et
1156 2814 1326 2879 praesentem

121 2882 223 2942 divino
244 2881 339 2958 elogio
353 2882 500 2957 omand03
523 2902 580 2959 quo
595 2901 681 2941 sensu
696 2882 904 2958 Prophetarum
919 2882 1046 2940 omnium
1056 2881 1201 2940 maximus
1211 2882 1325 2958 dicitur,

122 2971 153 3022 ct
172 2961 435 3038 evangelizantium
452 2961 570 3038 primus,
587 2961 692 3020 Matth.
707 2961 747 3019 xi.
763 2963 791 3035 9,
808 2962 854 3034 11,
870 2961 921 3037 qui
940 2961 1099 3019 ministerio
1122 2980 1175 3018 suo
1199 2963 1324 3038 expleto,

123 3041 239 3100 Christo
254 3039 386 3116 decessit,
402 3049 431 3100 et
445 3040 538 3100 Vetus
552 3041 586 3098 T.
602 3039 713 3114 clausit,
730 3041 834 3098 Matth.
850 3039 890 3097 xi.
908 3043 954 3098 13.

386 3117 1327 3274 ...hist

122 3297 155 3338 es
169 3277 288 3336 minima
302 3277 333 3334 iu
350 3278 479 3338 millibus
493 3278 589 3352 Judse,
606 3244 643 3336 eri
664 3285 693 3335 te
714 3277 785 3335 mihi
805 3242 932 3354 prodibit
953 3275 1124 3335 Dominator
1137 3277 1168 3333 in
1182 3276 1283 3352 lsrael,
1299 3286 1329 3337 et

122 3359 186 3418 e'us
201 3375 335 3434 egressus
349 3377 367 3415 a
380 3357 506 3416 seeulo.''
548 3356 609 3433 Agi
623 3356 660 3415 de
679 3356 789 3416 Massia
799 3363 961 3432 agnoscunt
976 3355 1076 3414 Chald.
1092 3355 1226 3432 Paraph,
1242 3356 1278 3415 R.
1296 3357 1326 3417 S.

123 3379 236 3509 derebt
251 3444 280 3494 et
294 3435 421 3511 Kimchi,
437 3445 467 3494 et
479 3435 606 3496 fatentur
620 3435 759 3494 Pharisaei
775 3444 805 3494 et
821 3435 928 3494 Scribas
943 3434 1055 3492 Herodi
1069 3435 1105 3493 de
1119 3435 1174 3494 hoc
1188 3437 1328 3512 querenti

123 3513 340 3592 respondentes,
351 3515 456 3574 Matth.
471 3515 500 3572 ii.
543 3514 586 3573 At
596 3535 680 3572 nemo
691 3515 784 3574 nescit
797 3515 818 3574 J
820 3534 901 3572 esum
916 3513 1076 3572 Betlehemi
1091 3523 1200 3576 natum.
1243 3516 1282 3574 Et
1290 3536 1327 3575 ne

143 3595 190 3654 uis
205 3613 275 3652 casu
297 3593 371 3652 illud
395 3593 551 3670 contigisse
566 3602 703 3667 censeret,
729 3593 828 3652 valde
850 3592 992 3652 industria
1006 3601 1035 3650 et
1056 3613 1094 3652 ex
1108 3604 1257 3671 compacto
1276 3615 1328 3654 seu

123 3615 284 3732 deliberato
298 3672 418 3732 consilio
432 3673 454 3732 J
456 3672 555 3750 osephi
569 3681 620 3731 aut
634 3671 743 3747 Mariae,
757 3672 838 3730 Deus
851 3691 912 3730 rem
927 3671 1066 3748 singulari
1080 3693 1132 3732 sua
1145 3673 1330 3750 providentia

123 3752 165 3812 ita
178 3771 331 3828 procurare
345 3753 438 3811 voluit
451 3751 490 3810 ad
507 3751 687 3829 pradictioni
700 3770 759 3810 suae
778 3749 864 3809 fidem
878 3751 1047 3825 faciendam,
1062 3771 1121 3810 non
1135 3753 1221 3810 modo
1235 3753 1327 3811 nesci·

123 3831 241 3891 entibus
255 3840 284 3888 ct
297 3850 355 3888 non
370 3830 564 3908 cogitantibus
577 3830 613 3890 de
627 3849 662 3888 eo
677 3829 850 3888 Parentibus
863 3830 884 3889 J
886 3849 946 3904 esu,
962 3829 1013 3888 sed
1026 3839 1139 3890 tantum
1149 3851 1208 3889 non
1218 3831 1329 3906 invitis,

123 3930 160 3968 ac
184 3917 285 3968 contra
305 3909 480 3986 optantibus.
528 3909 589 3968 Nec
611 3909 687 3968 enim
710 3907 798 3966 alium
819 3908 851 3966 in
872 3908 959 3968 finem
982 3909 1124 3968 Caesarem
1149 3909 1327 3984 Augustum,

122 3997 227 4066 pacato
242 3989 305 4066 jam
319 3987 447 4065 imperio,
463 3990 577 4065 altaque
598 3987 705 4064 ubique
725 4007 796 4065 pace
816 3986 966 4062 fruentem,
987 3996 1016 4045 st
1034 3987 1106 4044 nihil
1126 3986 1222 4045 minus
1240 4007 1327 4062 quam

123 4067 161 4128 de
175 4067 313 4126 vaticinio
331 4066 370 4124 ad
384 4068 522 4127 Messinm
543 4067 703 4144 pertinente
725 4066 872 4145 implendo
896 4067 1080 4144 cogitantem,
1095 4065 1205 4122 excivit
1222 4072 1255 4122 ut
1277 4063 1327 4124 de·

122 4147 309 4224 scriptionem
323 4146 413 4205 totius
426 4147 505 4206 orbis
518 4147 540 4205 J
542 4146 640 4206 udaiei
652 4145 768 4221 faceret,
784 4164 869 4221 quam
879 4154 912 4204 ut
922 4144 1077 4205 Oracnlum
1086 4144 1143 4201 hoc
1151 4142 1328 4220 impleretur,

121 4235 154 4286 et
164 4227 206 4284 ita
214 4225 378 4284 indubitato
387 4217 558 4303 argumento
569 4232 712 4308 constnpct
722 4225 744 4283 J
745 4225 884 4301 osephum
896 4243 959 4283 esse
968 4222 1076 4282 familia
1085 4220 1216 4293 Davidis,
1226 4230 1329 4298 utpote

122 4305 209 4382 cujus
219 4323 312 4380 genus
323 4305 353 4361 in
362 4305 485 4364 obscuro
496 4313 565 4379 erat,
578 4313 607 4363 et
619 4305 682 4380 jam
691 4303 729 4362 ad
737 4303 864 4362 infimam
878 4303 947 4362 vitae
961 4299 1154 4360 conditionem
1167 4299 1326 4377 redactum,

120 4384 198 4460 regii
211 4383 371 4444 stemmatis
384 4383 458 4442 nihil
471 4403 530 4460 prae
545 4403 575 4442 se
589 4383 708 4442 serebat.
760 4383 881 4442 Frustra
900 4401 970 4439 vero
984 4381 1115 4438 Menosca
1128 4379 1159 4436 in
1174 4378 1282 4437 Concil.
1297 4380 1327 4436 in

121 4463 152 4522 h.
167 4463 188 4521 l.
203 4481 270 4522 cum
279 4461 392 4522 Judacis
401 4463 608 4522 recentioribus
622 4461 774 4522 discedens
785 4460 975 4533 aVeteribus,
990 4457 1062 4533 vult,
1080 4461 1098 4491 “
1107 4457 1259 4516 Bctlehem
1270 4457 1328 4516 dici

121 4542 247 4620 patriam
262 4541 386 4616 Massia,
402 4541 471 4618 quia
481 4541 618 4602 oriundus
632 4549 694 4602 erat
707 4561 725 4600 a
739 4540 853 4601 Davide
865 4538 1064 4612 Betlehemita,
1080 4545 1113 4597 ut
1126 4543 1241 4596 notetur
1254 4537 1328 4596 nati·

122 4621 201 4682 vitas
216 4619 342 4696 Messias,
357 4639 416 4679 non
430 4619 559 4697 annualis,
576 4619 628 4680 sed
642 4620 820 4697 originalis.”
862 4617 936 4694 Quia
949 4617 1078 4693 loquitur
1091 4617 1127 4675 de
1141 4623 1206 4674 ortu
1227 4615 1326 4675 Domi·
