3192 5206
161 421 268 473 unsar.
284 399 342 482 nn]
513 417 551 456 ns
571 415 704 456 nnasosa
719 415 756 455 nr
771 415 864 456 srsru
878 415 1004 456 canisii.
1030 419 1035 430 ·
1307 390 1364 448 29³

160 571 315 623 torrentem
330 558 507 631 deliciarum,
524 577 581 635 quo
598 558 677 616 Deus
693 578 760 616 suos
777 565 858 635 potat
869 558 898 616 in
913 557 1005 634 gratia
1019 563 1048 614 ct
1063 553 1163 632 gloria,
1175 551 1251 611 Psal.
1262 549 1366 606 xxxvi.

162 647 189 704 9.
212 645 251 701 Et
264 661 315 718 per
330 645 357 696 τὶ
372 639 462 696 bibere
473 641 506 695 dc
522 647 642 696 torrente
657 639 820 696 communio
837 638 1002 714 passionum
1025 643 1148 706 notatur,
1164 653 1227 709 qum
1243 629 1366 688 fercndae

162 725 277 782 fuerunt
292 721 407 778 Christo
423 719 452 774 in
466 718 553 794 hujus
568 718 634 776 vitae
650 719 799 792 curriculo,
815 717 893 793 quod
914 717 968 774 fuit
982 717 1031 773 via
1045 714 1081 772 ad
1103 713 1233 790 gloriam.
1277 708 1366 765 Exul-

162 805 268 862 tatione
284 819 353 857 vero
368 797 470 874 capitis
486 797 628 855 indicatur
642 798 742 874 gloria,
758 817 822 873 qnae
838 807 936 855 secuta
964 804 1008 854 cst
1022 795 1085 870 ejus
1108 791 1255 870 passiones
1270 807 1306 846 cx
1322 807 1366 846 or-

164 884 229 942 dine
245 880 309 952 Dci,
325 887 354 936 et
369 878 540 934 necessitate
555 877 656 935 salutis
667 886 780 949 nostrae,
798 877 867 935 Luc.
880 877 962 933 xxiv.
978 879 1025 950 26,
1043 873 1117 931 Phil.
1128 873 1157 929 ii.
1174 874 1201 930 9.
1226 870 1273 929 Sic
1290 867 1366 924 Psal.

160 962 259 1021 cxviii.
275 963 322 1030 22,
340 957 456 1032 “Lapis
470 956 698 1033 quireprobntus
713 966 757 1016 est
771 957 807 1014 ab
822 956 1037 1028 aedificantibus,
1053 952 1184 1030 positus'’
1199 950 1304 1008 dicitur
1315 947 1370 1004 “in

162 1051 248 1119 caput
263 1038 389 1115 anguli,'’
406 1037 444 1093 id.
474 1037 613 1110 Christus,
643 1037 693 1112 qui
708 1057 783 1113 sape
798 1035 886 1113 lapidi
901 1043 929 1092 et
943 1034 1129 1092 fundamento
1140 1030 1293 1103 confertur,
1310 1027 1368 1085 lsa.

164 1121 266 1179 xxviii.
287 1123 330 1191 lb',
357 1123 370 1174 1
388 1117 452 1175 Cor.
468 1116 508 1173 iii.
528 1123 571 1190 ru,
588 1117 712 1191 rejectus
727 1137 778 1192 par
790 1125 1017 1192 contemptuma
1034 1112 1141 1172 Scribis
1163 1119 1191 1168 et
1208 1107 1369 1168 Sacerdoti·

164 1202 226 1273 bus,
243 1199 349 1276 quibus
364 1216 432 1254 cura
446 1205 507 1255 erat
522 1198 674 1254 commissa
688 1195 848 1253 aedificandi
870 1193 1038 1267 Ecclesiam,
1054 1201 1086 1250 ut
1097 1191 1207 1248 inutilis
1221 1198 1250 1247 et
1264 1187 1370 1245 noxius

164 1280 295 1352 aedilicio,
312 1277 484 1335 constitutus
499 1286 543 1334 est
557 1295 574 1332 a
590 1276 653 1332 Deo
667 1276 697 1332 in
719 1276 813 1352 Caput
840 1275 987 1347 Ecclesiae,
1011 1282 1040 1330 et
1063 1273 1093 1328 in
1107 1270 1233 1346 lapidem
1249 1267 1369 1343 angula-

165 1381 235 1427 rem,
250 1358 300 1436 qui
315 1367 467 1432 utrumque
482 1356 619 1432 parietem
636 1356 657 1414 J
660 1355 807 1414 udueornm
829 1363 857 1412 ct
873 1353 1010 1413 Gentium
1033 1353 1096 1409 unit
1111 1360 1139 1408 ct
1154 1351 1284 1407 sustinet.
1312 1347 1370 1404 lsa.

166 1441 227 1514 liii.,
238 1438 347 1514 duplex
361 1436 459 1494 Status
472 1435 587 1492 Messias
599 1436 638 1492 ita
650 1436 784 1512 graphice
796 1433 969 1511 depingitur,
980 1441 1012 1489 ut
1021 1431 1153 1488 videatur
1167 1429 1263 1505 potius
1279 1427 1371 1484 Isaiae

167 1517 387 1594 Evangelistam
402 1535 487 1591 agere
508 1515 657 1572 referendo
673 1535 717 1572 res
739 1523 844 1590 gestas,
867 1533 953 1590 quam
976 1512 1150 1586 Prophetam
1164 1507 1371 1566 vaticinantem

167 1600 202 1658 dc
218 1597 331 1657 futuris.
375 1595 469 1666 Unde,
487 1595 557 1652 Luc.
568 1596 659 1666 xxiv,
670 1595 801 1652 Christus
810 1614 847 1650 ex
860 1591 1012 1668 Prophetis
1021 1591 1169 1664 utriusque
1184 1587 1282 1644 Status
1296 1584 1371 1641 veri·

165 1687 253 1738 tatem
269 1687 298 1736 ct
312 1674 512 1732 necessitatem
527 1673 711 1747 demonstrat,
725 1683 753 1731 ct
764 1674 874 1745 Petrus,
893 1675 926 1729 1³
945 1689 1006 1746 cap.
1032 1670 1060 1744 i.,
1077 1668 1147 1725 dicit
1163 1665 1322 1740 Prophetas
1336 1661 1372 1720 de

165 1757 349 1836 passionibus
364 1763 392 1812 et
404 1754 496 1829 gloria
510 1763 643 1812 secutura
657 1753 742 1810 anxie
752 1751 946 1827 inquisivisse.
968 1755 995 1807 2.
1013 1749 1091 1806 Loca
1105 1746 1186 1804 varia
1200 1744 1277 1801 Novi
1292 1744 1370 1800 Test.

166 1838 272 1916 quibus
283 1833 523 1910 complementum
536 1832 720 1892 Oraculorum
732 1832 893 1902 exhibetur,
908 1829 982 1886 Phil.
994 1828 1023 1886 ii.
1039 1833 1067 1903 t,
1078 1829 1105 1902 8,
1119 1829 1145 1901 9,
1157 1831 1175 1882 2
1186 1824 1250 1882 Cor.
1265 1822 1327 1880 xiii.
1342 1823 1370 1894 4,

170 1919 265 1976 lCor.
281 1935 331 1972 xv.
347 1917 375 1988 4,
399 1913 475 1971 Heb.
491 1914 520 1970 ii.
536 1915 563 1987 9,
589 1911 799 1983 cht.iii.18,
824 1910 972 1967 lTim.3.
991 1910 1036 1965 16.

456 1994 515 2052 ΙΙΙ.
537 1993 694 2050 Necessitas
708 1991 857 2062 evincitur,
873 1998 934 2046 tum
962 2009 979 2045 a
1001 1995 1081 2065 parte
1105 1985 1170 2060 Dei,
1187 1992 1247 2042 tum
1262 2002 1279 2038 a
1293 1988 1373 2058 parte

414 2074 524 2146 Nostri,
534 2082 595 2131 turn
605 2091 621 2128 a
632 2080 711 2147 parte
722 2071 827 2128 Salutis
838 2069 921 2126 nobis
933 2067 1121 2126 conferendae.
1139 2069 1164 2122 1.
1178 2063 1294 2139 Aperte
1307 2059 1372 2132 Dei,

414 2155 483 2230 quia
497 2153 533 2210 ad
548 2149 758 2209 conciliandum
773 2150 856 2207 nobis
872 2149 974 2221 Deum,
988 2157 1016 2205 et
1031 2147 1130 2222 gratiae
1146 2142 1278 2202 salutaris
1298 2139 1373 2197 fruc-

169 2246 215 2298 tus
229 2234 401 2296 obtinendos
413 2233 470 2291 duo
484 2231 646 2309 praestanda
666 2229 797 2303 fuerunt,
813 2229 913 2306 primo,
930 2226 1061 2285 satisfieri
1081 2225 1181 2283 debuit
1198 2221 1318 2298 justitiae
1333 2218 1376 2276 of·

169 2317 257 2377 fensae
277 2335 329 2394 per
344 2313 450 2372 Christi
465 2312 625 2389 passionem
640 2317 669 2368 ct
683 2319 822 2383 mortcm;
846 2307 980 2381 secunde,
1003 2306 1103 2383 gratiae
1121 2305 1196 2362 dona
1216 2301 1331 2359 fuerunt
1345 2299 1376 2356 in

170 2447 186 2477 o
358 2447 363 2457 ,
391 2445 405 2470 ,ι
419 2392 550 2450 homines
559 2388 740 2462 effundenda,
750 2388 827 2464 quod
840 2388 869 2445 in
881 2386 1054 2445 exaltatione
1064 2384 1231 2462 praestitum,
1246 2380 1320 2456 Eph.
1335 2377 1375 2436 iv.

171 2447 405 2507 *mmmm
420 2475 448 2531 8.
471 2477 498 2529 2.
522 2471 550 2527 Α
565 2479 645 2546 parto
658 2469 770 2542 Cicrr'sti,
783 2468 851 2544 qnia
862 2465 1115 2543 dabuitduplicem
1127 2463 1209 2538 σχξπι
1224 2459 1374 2533 sustinere,

177 2562 271 2633 Vadis,
288 2559 338 2636 qui
352 2577 404 2635 pro
419 2551 502 2612 nobis
517 2549 701 2622 satisfaceret,
715 2557 744 2606 et
759 2548 875 2622 Capitis,
887 2546 964 2622 quod
979 2546 1034 2603 sibi
1045 2545 1171 2602 uniendo
1180 2561 1233 2598 nos
1247 2538 1376 2596 vivifica-

172 2649 215 2698 ret
230 2647 394 2714 etrcgcret.
437 2634 583 2707 Respectu
596 2629 699 2705 prioris
726 2627 827 2684 debuit
850 2645 936 2702 agere
958 2625 1105 2700 procebis
1133 2623 1213 2697 apud
1224 2620 1327 2690 Deum,
1343 2636 1378 2674 ca

172 2719 267 2778 omnia
282 2716 413 2776 faciendo
428 2721 457 2772 et
471 2708 613 2787 patiendo,
636 2727 729 2783 quaen
747 2707 831 2764 nobis
849 2704 1035 2763 debebantur.
1079 2703 1223 2776 Respecto
1239 2696 1377 2774 posterio-

171 2800 218 2870 ris,
235 2798 335 2857 debuit
349 2814 434 2873 agere
449 2791 557 2850 nomine
569 2789 627 2846 Dei
635 2790 677 2844 ad
689 2807 746 2859 uos,
761 2794 794 2843 ut
808 2784 947 2842 beneficia
961 2782 1076 2840 faederis
1090 2780 1174 2836 nobis
1189 2773 1377 2852 impertiendo

173 2879 210 2936 ad
224 2880 288 2955 ejus
303 2874 531 2934 communionem
547 2868 709 2925 deduceret.
751 2864 870 2940 Triplex
885 2864 948 2939 ejus
963 2861 1094 2919 Officium
1109 2861 1164 2915 hoc
1178 2857 1265 2913 ctiam
1279 2862 1378 2930 postu·

173 2957 261 3017 labat.
306 2952 489 3015 Sacerdotula
504 2949 617 3007 duabus
631 2945 760 3022 partibus
774 2943 941 3014 absolvitur,
961 2939 1161 2998 Satisfactione
1175 2937 1205 2992 in
1220 2933 1312 3006 terris,
1330 2933 1377 2989 In·

174 3037 347 3096 tarcessione
362 3037 391 3092 in
403 3031 493 3090 coelis.
536 3026 638 3102 Quoad
652 3025 775 3101 Regium
790 3023 890 3080 debuit
904 3021 995 3096 primo
1009 3019 1156 3093 acquirere
1171 3013 1227 3072 sibi
1240 3011 1379 3089 populum

174 3137 224 3195 per
238 3115 402 3187 certamina,
419 3119 571 3185 antequam
587 3107 624 3163 ad
639 3105 772 3162 thronum
790 3102 967 3172 eveheretur,
984 3106 1013 3156 et
1028 3096 1123 3172 Regni
1138 3094 1265 3151 habenas
1280 3109 1378 3165 capes-

175 3205 258 3256 seret.
316 3196 358 3254 Ut
396 3191 541 3267 Propheta
562 3185 661 3244 debuit
688 3182 780 3260 primo
809 3201 871 3238 esse
899 3179 1033 3237 Minister
1053 3171 1279 3234 circumcisionis
1304 3170 1380 3227 inter

173 3276 284 3350 fratres,
295 3284 448 3350 antequam
463 3267 606 3327 incoclum
621 3264 751 3321 sublatus
765 3261 847 3318 fieret
862 3260 927 3317 Lux
943 3257 1080 3318 Gentium
1098 3263 1127 3313 et
1142 3255 1252 3312 Doctor
1271 3248 1380 3308 mundi.

458 3349 513 3407 IV.
536 3350 563 3405 3.
580 3345 608 3402 A
623 3352 703 3420 parte
717 3341 825 3414 Nostri,
841 3340 955 3398 duobus
968 3337 1052 3395 malis
1067 3335 1241 3413 urgebamur
1250 3351 1301 3408 per
1315 3349 1380 3406 pec-

173 3419 227 3468 u
249 3425 318 3522 Pffit?
335 3417 394 3463 ⁸⁰⁵·
417 3439 511 3489 catum
528 3424 682 3496 accersitis,
694 3431 776 3481 reatu
791 3441 885 3478 coram
902 3419 973 3492 Deo,
989 3419 1101 3475 macula
1121 3417 1149 3472 in
1164 3414 1264 3485 nobis3
1284 3418 1381 3468 reatus

305 3513 312 3532 '
416 3529 474 3567 non
502 3507 595 3583 potuit
610 3504 680 3578 tolli,
697 3503 751 3560 nisi
774 3500 1009 3578 persanguincm
1024 3496 1139 3569 Christi,
1159 3491 1382 3572 quodfuitam'-

177 3611 265 3674 ausgor
279 3593 437 3650 animarum
452 3597 631 3657 nostrarum,
654 3583 767 3640 macula
780 3601 838 3637 non
847 3579 940 3657 potuit
951 3577 1017 3652 elui,
1030 3577 1086 3634 nisi
1096 3595 1148 3653 per
1158 3574 1280 3651 gratiam
1293 3569 1382 3647 Spiri-

176 3685 230 3750 tus,
247 3673 297 3751 qui
311 3669 495 3748 exaltationis
509 3667 573 3742 ejus
587 3664 641 3722 fuit
652 3661 769 3734 fructus,
786 3661 806 3718 J
809 3660 855 3717 oh.
870 3659 931 3716 xvi.
948 3662 975 3716 7.

456 3747 495 3804 V.
517 3749 544 3802 4.
561 3743 590 3800 A
601 3752 681 3820 parte
693 3740 805 3812 Salutis,
814 3739 888 3813 Quia
899 3737 956 3795 duo
967 3737 1004 3795 ad
1015 3737 1078 3812 ejus
1084 3733 1246 3792 fruitionem
1256 3730 1382 3806 require-

177 3820 200 3864 4·
209 3821 234 3866 Δ
250 3819 321 3919 ¹³⁸3?
333 3815 401 3862 ⁸²¹¹*
420 3828 543 3886 bantur:
557 3827 582 3880 1.
593 3821 737 3898 acquisitio
747 3845 758 3892 ,·
770 3824 797 3876 2.
810 3819 972 3895 applicatio.
987 3816 1037 3874 Ad
1052 3813 1270 3891 acquisitionem
1284 3812 1383 3866 Status

315 3907 321 3918 '
420 3903 624 3965 exinanitionis
638 3900 817 3958 necessarius
844 3898 906 3972 fuit,
923 3897 991 3974 quia
1013 3915 1070 3951 non
1088 3893 1181 3968 potuit
1204 3887 1313 3964 acquiri
1326 3887 1383 3944 nisi

177 4015 229 4074 per
244 4000 375 4052 mortem.
418 3985 468 4045 Ad
482 3983 702 4060 applicationem
717 3999 786 4036 vero
808 3977 906 4036 Status
921 3973 1113 4043 exaltationis,
1136 3969 1275 4045 quianon
1289 3966 1383 4041 potuit

179 4073 317 4152 applicari
331 4070 387 4128 nisi
402 4087 453 4145 per
466 4063 620 4123 efficaciam
634 4061 712 4117 vitae.
756 4059 791 4115 In
805 4057 905 4133 prirno,
929 4055 986 4112 Jua
1007 4053 1044 4110 ad
1059 4050 1148 4108 vitam
1172 4047 1255 4103 nobis
1270 4045 1382 4116 meruit,

180 4155 216 4213 In
225 4155 325 4224 altero,
337 4150 372 4208 de
384 4149 459 4206 facto
471 4161 534 4202 cam
545 4139 754 4199 nobisconfert.
766 4138 800 4193 In
809 4137 908 4213 primo,
916 4133 1030 4210 justitia
1040 4128 1146 4188 Christi
1159 4145 1220 4183 seso
1230 4122 1386 4182 exeruitad

179 4231 442 4293 reconciliationem
457 4232 583 4281 nostram
594 4239 658 4277 curn
682 4218 753 4290 Deo,
771 4217 806 4273 In
820 4216 918 4287 altero,
935 4209 1063 4288 potentia
1077 4207 1217 4264 adversus
1227 4202 1383 4260 Diabolum

181 4321 209 4372 et
230 4319 389 4390 peccatum.
421 4305 457 4363 In
478 4312 599 4378 utroque
614 4297 740 4356 absolvit
754 4295 843 4372 Opus,
859 4292 936 4370 quod
951 4291 992 4347 illi
1005 4288 1187 4347 commissum
1203 4291 1247 4340 cst
1261 4303 1278 4340 a
1290 4282 1384 4338 Patre.

221 4392 278 4450 vt.
301 4387 441 4463 Quamvis
456 4383 587 4442 Christus
615 4377 743 4436 fueritin
774 4377 856 4433 Statu
885 4368 1105 4438 exinanitionis;
1128 4361 1386 4421 nonidcoitahu·

181 4471 313 4529 militatis
328 4468 382 4526 fuit
396 4466 466 4543 quin
481 4460 603 4520 subinde
617 4457 654 4515 nd
670 4456 735 4514 lidei
750 4463 857 4511 nostrae
871 4451 1013 4522 &apinam
1038 4447 1133 4504 varios
1152 4442 1247 4500 radios
1262 4439 1389 4497 cmiscrit

181 4551 282 4628 gloriae
297 4569 355 4605 suae
370 4545 485 4617 divinae,
502 4542 563 4598 sive
578 4539 607 4596 in
621 4535 766 4594 miraculis
781 4553 845 4609 quie
864 4531 1003 4609 patrabat,
1020 4527 1080 4584 sive
1095 4526 1125 4582 in
1139 4523 1224 4580 rebus
1252 4519 1388 4576 mirabili-

180 4631 246 4703 bus,
261 4648 326 4704 quae
341 4627 384 4684 illi
395 4620 609 4706 contingebant,
619 4616 719 4694 quales
733 4613 803 4672 visae
818 4621 885 4672 sunt
894 4612 923 4667 in
939 4608 1105 4679 Nativitate,
1116 4602 1274 4680 Baptismo,
1285 4599 1390 4657 Trans·

182 4707 365 4786 figuratione,
380 4713 410 4762 et
424 4702 528 4760 Morte.

168 2041 312 2092 Necessitas,
329 2036 350 2082 1.
369 2040 393 2084 A

196 2107 266 2159 parte
275 2098 319 2142 Dei
328 2112 334 2151 ;

1264 4903 1288 4964 Ι
