3150 5206
140 381 253 431 ounsr.
269 361 314 442 v.]
584 383 623 423 on
638 383 762 424 rmnsnn
777 383 905 424 unsrun.
1284 367 1341 424 173

141 523 223 581 sint?
264 521 313 579 An
337 521 541 599 promissiones
564 543 622 582 non
643 531 754 582 tantum
768 523 948 600 temporales,
965 522 1116 582 sedetiam
1131 521 1293 598 spirituales
1313 531 1343 580 et

142 601 277 659 coelestes
301 601 337 659 de
359 601 420 660 vita
442 609 557 674 aeterna,
583 611 613 661 et
638 601 746 679 Spiritu
768 602 882 678 Sancto,
897 603 969 678 ipsis
983 602 1059 660 datae
1072 600 1202 659 fuerint?
1242 601 1281 658 Et
1292 599 1342 658 An

143 680 223 738 idem
236 680 315 756 quod
328 679 478 738 nobiscnm
502 679 533 737 in
547 680 661 740 Christo
675 680 778 739 initum
792 689 837 740 eat
851 681 952 756 loedus,
977 699 1042 740 cum
1056 680 1126 756 ipsis
1137 680 1198 755 jam
1213 687 1341 737 conmac-

144 767 208 818 tnm
229 758 323 834 fuerit,
341 759 415 827 ‚licet
438 759 588 820 obscurius
611 768 641 819 et
667 760 796 819 tectius?
836 759 921 834 Quod
947 765 1063 836 negant,
1093 758 1154 816 Nos
1178 758 1341 832 asserimus,

142 845 302 896 statuentes
327 837 472 904 Christum
496 857 554 896 non
578 847 690 898 tantum
711 838 845 897 Patribus
863 838 1031 915 praedietum
1051 837 1102 896 sed
1123 845 1152 894 et
1171 836 1342 912 promissum

141 915 240 991 fauisse,
264 924 293 974 et
315 936 368 994 per
389 917 510 994 gratiam
532 919 595 995 ejus
615 936 673 976 non
686 918 781 975 miuus
796 918 922 976 salvatos
936 917 1024 976 fuisse
1038 917 1067 973 iu
1082 916 1120 974 V.
1134 915 1168 972 T.
1182 933 1270 991 quam
1289 933 1343 972 nos

143 995 291 1053 salvamur
304 995 334 1053 in
349 996 441 1071 Novo,
464 991 517 1053 nec
531 996 611 1055 aliud
624 1015 728 1054 nomen
743 995 842 1054 datum
856 1015 919 1054 esse
934 996 987 1055 snb
1002 995 1074 1054 coslo
1085 994 1147 1071 jam
1161 1013 1178 1050 s
1191 993 1341 1069 principio,

143 1093 181 1132 ex
195 1093 254 1150 quo
268 1075 347 1133 salus
361 1075 468 1152 sperari
491 1076 591 1151 possit,
617 1075 685 1133 Act.
700 1075 739 1132 iv.
757 1077 802 1150 12,
818 1073 904 1151 idque
914 1075 1001 1152 juxta
1022 1073 1137 1131 foederis
1160 1071 1279 1149 gratuiti
1299 1073 1342 1129 in·

144 1152 310 1211 violabilem
324 1153 550 1230 promissionem.
731 1153 736 1158 “

147 1265 388 1424 Idddtllidlprihdlff
409 1232 840 1388 dusvgatildatlllrhldnllhidcuhi
849 1229 1341 1370 llleddnceddlrgdilaidcllipl'midhodi

381 1357 387 1378 r
578 1355 586 1386 r
1187 1352 1194 1365 ·
1233 1351 1250 1382 ·r

147 1379 357 1440 Lnxssptura
407 1408 470 1448 esse
492 1389 577 1449 docet
598 1409 664 1449 cum
684 1389 790 1448 foedere
809 1391 872 1466 jam
894 1390 962 1447 olim
987 1409 1051 1448 cum
1073 1388 1240 1446 Abrahamo
1261 1385 1342 1444 inito.
1463 1395 1465 1402 '

147 1465 225 1523 Hine
248 1466 402 1526 Zacharias
421 1469 452 1525 in
466 1468 585 1528 (lentico
606 1489 666 1544 suo,
683 1469 753 1528 Luc.
769 1469 787 1526 i.
803 1471 851 1542 68,
867 1471 914 1543 70,
938 1473 986 1544 72,
1007 1471 1054 1543 78,
1075 1467 1115 1526 ait
1131 1467 1259 1524 “Deum
1273 1465 1342 1522 visi·

145 1553 224 1604 tasse
238 1553 267 1603 et
280 1544 434 1605 redemisse
448 1547 586 1624 populum
601 1567 692 1622 suum,
705 1549 792 1624 juxta
806 1546 837 1604 id
845 1547 922 1625 quod
936 1547 1104 1624 promiserat
1118 1565 1170 1621 per
1182 1563 1215 1603 os
1230 1551 1342 1602 sancto·

147 1643 211 1682 rum
226 1624 442 1701 Prophetarum,
458 1627 510 1703 qui
523 1626 639 1686 filerunt
652 1627 689 1684 ab
704 1627 782 1684 omni
796 1645 867 1700 sevo,
884 1625 921 1683 ad
939 1624 1099 1683 faciendam
1118 1621 1343 1682 misericordiam

146 1721 217 1778 erga
231 1703 340 1776 Patres,
364 1713 394 1763 et
415 1703 622 1763 recordandum
643 1705 734 1763 sancti
759 1704 883 1778 foederis,
900 1705 988 1780 juxta
1010 1701 1214 1780 jusjurandum
1235 1701 1341 1758 factum

147 1781 316 1840 Abrahsmo
327 1783 356 1857 ;’'
378 1783 418 1841 Et
432 1783 543 1858 Petrus,
560 1785 627 1842 Act.
643 1784 683 1841 iii.
698 1785 746 1857 25,
762 1782 884 1841 Jndaeos
898 1782 1047 1859 alloquens
1061 1779 1097 1838 de
1108 1780 1211 1838 diebus
1226 1777 1342 1853 Christi,

147 1861 197 1936 qui
212 1860 248 1918 ab
259 1860 392 1920 omnibus
407 1861 559 1938 Prophetis
572 1861 702 1939 praedicti
716 1860 836 1934 fuerant,
852 1861 901 1936 ait,
918 1861 936 1892 “
951 1860 1013 1918 Vos
1034 1859 1104 1918 estis
1118 1858 1188 1915 Filii
1202 1856 1342 1933 Prophet-

147 1959 228 1998 arum
247 1948 277 1997 et
297 1939 413 1999 foederis
436 1940 505 2000 fecti
527 1961 592 2000 cum
607 1941 741 1999 Patribus
762 1938 884 1998 dicendo
905 1939 1080 2011 Abrabamo,
1104 1937 1141 1994 In
1161 1936 1268 1994 semine
1292 1943 1343 1993 tuo

146 2017 352 2077 benedicentur
362 2037 461 2077 omnes
475 2021 606 2097 gentes,”
621 2018 695 2094 &c.;
718 2019 758 2076 Et
772 2017 879 2076 Paulus
893 2018 1109 2095 promissionem
1125 2013 1278 2091 Evangelii
1291 2033 1343 2071 no-

146 2097 224 2154 mine
245 2097 374 2173 insignit,
391 2098 457 2158 Gal.
471 2099 511 2156 iii.
527 2101 554 2173 8,
579 2100 597 2132 “
612 2096 779 2156 Praevidcns
802 2097 956 2174 Scriptura,
972 2096 1050 2173 qnod
1071 2115 1108 2154 ex
1128 2093 1185 2152 fide
1202 2092 1343 2170 justificat

148 2175 260 2234 Gentes
275 2175 363 2251 Deus,
379 2177 650 2254 praeevsngeIIzavit
665 2175 841 2250 Abrahamo,
853 2175 960 2249 dicens,
973 2177 1047 2233 Inte
1062 2173 1269 2232 benedicentur
1281 2191 1341 2229 om-

147 2273 200 2311 nes
214 2256 347 2331 gentes.''
391 2255 476 2316 Unde
492 2256 727 2334 justificationem
742 2252 869 2312 Abrahae
882 2273 935 2331 per
954 2254 1040 2312 fidem
1054 2254 1084 2310 in
1099 2251 1262 2328 exemplum
1277 2268 1342 2307 nos·

146 2340 199 2390 trae
213 2331 304 2406 affert,
317 2332 440 2392 Roman.
455 2335 495 2394 lv.
510 2339 538 2409 3,
554 2343 583 2394 et
596 2334 688 2412 ipsum
703 2342 736 2392 ut
749 2334 865 2391 Patrem
877 2335 1045 2391 credentium
1060 2341 1119 2390 tam
1133 2329 1246 2389 Judaeis
1257 2347 1343 2405 quam

148 2411 294 2470 Gentibus
309 2413 451 2488 proponit,
474 2414 552 2489 quod
565 2433 623 2472 non
643 2412 784 2490 potuisset
796 2412 860 2470 fieri
872 2410 928 2470 nisi
947 2431 998 2504 per
1016 2411 1195 2469 identitatem
1210 2407 1342 2482 foederis;

148 2489 229 2566 qnod
248 2509 286 2547 ex
306 2509 339 2548 eo
358 2491 549 2566 confirmatur,
565 2492 641 2568 quod
664 2491 729 2550 Gal.
745 2488 785 2546 iii.
803 2494 848 2563 17,
868 2491 1085 2566 promissionem
1104 2488 1201 2546 datam
1215 2486 1344 2543 Abrahae

146 2564 563 2706 ampuglzlLQmqulW
578 2576 624 2630 davi
637 2577 681 2628 τοῦ
695 2573 759 2628 orob
773 2573 803 2634 tif
817 2571 1028 2650 ngrrbr,soedus
1037 2569 1133 2644 ptumo
1143 2567 1312 2644 raltstcalttm
1325 2583 1344 2622 a

198 2665 258 2705 om
339 2649 393 2708 't0.

148 2763 170 2808 2.
192 2763 231 2808 Ex
258 2763 392 2810 identitate
452 2729 543 2788 VIII.
558 2734 586 2788 2.
603 2729 638 2787 In
649 2731 752 2808 specie,
768 2729 944 2806 expertibus
958 2726 1091 2785 omnibus
1104 2723 1220 2782 foederis
1234 2723 1343 2798 gratiss,
1421 2785 1429 2802 .

177 2821 392 2868 damnaremus
412 2827 476 2884 quse
490 2808 642 2886 utrobique
656 2809 764 2867 eaedem
777 2809 901 2866 fuerunt.
934 2805 1039 2879 Quales
1055 2813 1129 2876 sunt,
1147 2803 1283 2860 Clausala
1289 2803 1344 2874 sae·

176 2879 270 2936 grstia
409 2886 795 2964 dms,quodDeusfuturr1s
807 2887 844 2944 sit
856 2886 935 2943 Deus
945 2891 1052 2955 noster,
1064 2890 1094 2939 et
1105 2881 1221 2940 seminis
1234 2879 1324 2936 nostri
1337 2899 1344 2952 ;

148 2983 214 3020 nam
225 2971 259 3021 ut
265 2963 327 3040 jam
341 2965 488 3041 proposita
506 2965 560 3023 fuit
574 2965 749 3038 Abrahamo,
766 2965 840 3023 Gen.
856 2963 937 3036 xvii,
953 2971 982 3020 et
995 2968 1134 3019 renovata
1148 2959 1233 3030 Mosi,
1250 2956 1345 3013 Exod.

149 3041 189 3100 iii.
205 3041 235 3098 in
249 3042 361 3100 visione
382 3050 411 3100 et
431 3044 538 3120 passim
559 3044 589 3101 in
603 3044 630 3102 le
653 3044 792 3118 elatione,
808 3041 976 3100 confirmata
996 3040 1026 3096 in
1040 3037 1215 3114 captiuitate,
1231 3042 1261 3093 ct
1280 3041 1346 3110 post

151 3139 223 3194 eam,
236 3120 342 3180 Erech.
359 3123 471 3197 xxxvi3
495 3122 606 3181 Itanon
621 3141 637 3178 a
650 3123 677 3180 is
690 3121 837 3198 proposita
850 3119 904 3177 fuit
918 3119 948 3175 in
962 3116 1068 3175 foedere
1083 3115 1182 3191 gratiss
1197 3121 1229 3170 ut
1242 3113 1346 3171 funda-

149 3207 278 3256 mentum
299 3199 425 3257 omnium
440 3201 643 3259 beneficiorum
657 3209 716 3258 tam
737 3198 927 3276 spiritualium
949 3213 1035 3272 quam
1057 3193 1225 3263 coelestium,
1241 3191 1346 3249 Matth.

151 3277 232 3352 xxii,
248 3281 267 3334 2
282 3277 347 3336 Gor.
362 3277 401 3338 vi,
419 3281 464 3352 16,
480 3279 557 3357 Apo.
572 3279 633 3336 xxi.
649 3283 677 3338 6.

335 3420 341 3432 ‚
455 3357 514 3415 IX.
537 3361 564 3416 3.
586 3359 723 3416 Identt'ws
735 3355 912 3430 Mediatoris,
932 3353 983 3430 qui
1003 3353 1087 3411 datus
1104 3359 1148 3410 est
1169 3351 1198 3407 in
1213 3350 1251 3407 V.
1267 3357 1296 3407 et
1310 3348 1346 3405 N.

149 3418 171 3464 ³
196 3418 394 3523 ffidss‘ffissssm
414 3435 503 3510 Test,
515 3435 687 3512 quifoederis
706 3443 751 3494 est
763 3435 988 3507 frmdsmentum,
1006 3431 1110 3490 Samen
1124 3429 1233 3488 scilicet
1246 3427 1347 3485 mulie-

342 3508 348 3520 '
412 3515 451 3573 ris
472 3514 662 3589 benedictum,
692 3513 770 3590 quod
794 3512 893 3570 debuit
921 3518 1067 3569 conterere
1091 3515 1178 3586 caput
1198 3505 1347 3582 serpentis,

153 3597 226 3655 Gen.
241 3596 282 3654 iii.
300 3599 345 3669 15,
371 3593 454 3652 colla.
469 3613 534 3651 cum
549 3593 639 3651 Hebr.
655 3594 685 3652 ii.
703 3596 749 3668 14,
765 3599 794 3650 et
808 3591 893 3648 Rom.
908 3589 968 3646 xvi
989 3591 1046 3664 203
1071 3588 1175 3646 Semen
1189 3583 1348 3643 Abrahami

152 3675 181 3731 in
196 3693 253 3750 quo
268 3671 471 3732 benedicendae
490 3670 606 3730 fuerunt
627 3691 725 3729 omnes
739 3677 841 3746 gentes
855 3677 946 3743 terra,
963 3667 1037 3726 Gen.
1059 3666 1131 3723 xxii.
1148 3663 1194 3737 18,
1217 3663 1348 3722 Christus

153 3771 203 3826 sc,
220 3752 287 3811 Gal.
302 3752 342 3809 iii.
359 3755 413 3824 163
439 3749 489 3827 qui
508 3750 537 3806 in
551 3749 590 3808 V.
604 3749 638 3807 T.
653 3751 776 3826 Angelos
783 3747 875 3822 facici
886 3746 1019 3819 Jehovae,
1035 3745 1075 3802 Is.
1094 3743 1168 3800 lxiii.
1183 3745 1211 3816 9,
1226 3742 1350 3816 Angelus

145 3832 274 3905 soedmrh,
291 3830 361 3888 Mal.
373 3829 413 3886 iii.
431 3831 456 3903 1,
470 3830 567 3902 sadus
574 3829 678 3904 populi
686 3837 711 3886 et
722 3829 854 3903 geneum,
869 3825 909 3882 id.
923 3825 987 3901 ejus
1002 3823 1153 3894 Mediator,
1170 3820 1227 3877 Ias.
1242 3819 1304 3909 xlii.
1320 3821 1347 3891 6,

152 3917 181 3967 et
196 3909 268 3966 xllx.
280 3909 307 3984 8,
320 3909 371 3984 qui
384 3907 499 3966 morbos
513 3907 613 3983 populi
626 3905 693 3966 tulit
707 3915 736 3964 ct
749 3913 866 3982 propter
879 3904 942 3979 ejus
956 3909 1073 3979 peccata
1087 3899 1204 3988 attritus
1207 3897 1277 3987 'faut
1290 3896 1348 3952 Ias.

153 3986 203 4044 liiI.
220 3989 247 4060 5,
264 3989 301 4060 63
317 3996 347 4044 et
360 3987 389 4043 in
404 3986 440 4042 N.
456 3985 489 4043 T.
505 3984 649 4043 Mediator
659 3986 733 4043 inter
748 3985 842 4042 Deum
857 3989 886 4041 et
901 3981 1051 4053 Homines,
1069 3981 1083 4034 1
1100 3977 1174 4034 Tim.
1196 3993 1225 4030 ιι.
1241 3975 1268 4064 ⁵)
1283 3973 1347 4064 116-

154 4065 248 4123 distor
265 4065 342 4122 Novi
356 4063 532 4122 Testamenti
547 4071 576 4122 et
588 4063 715 4122 melioris
729 4063 814 4139 pactI,
831 4060 907 4118 ch.
922 4059 983 4116 viii.
999 4061 1026 4132 6,
1041 4064 1071 4114 et
1089 4055 1130 4110 ix.
1148 4055 1193 4127 15,
1209 4071 1259 4128 qu1
1278 4053 1350 4142 '‘¹⁰1'‘

154 4151 194 4200 est
206 4143 275 4218 lueri,
291 4143 379 4216 lodic,
395 4150 422 4201 ct
434 4143 463 4200 in
476 4145 577 4217 secula,
593 4140 670 4199 Heb.
685 4141 747 4198 xiii.
762 4143 789 4213 8,
805 4159 857 4216 per
870 4139 953 4214 cujus
967 4135 1088 4213 gratiam
1104 4131 1204 4190 Patres
1224 4148 1283 4187 non
1297 4147 1349 4185 mr·

153 4239 208 4278 nus
229 4221 338 4279 servati
358 4229 433 4294 sunt,
454 4239 540 4296 quam
560 4239 622 4294 nos,
638 4219 706 4278 Act.
727 4238 776 4275 xv.
794 4220 840 4291 10,
863 4219 908 4290 11,
931 4215 978 4274 oui
998 4209 1205 4270 Testimonium
1226 4206 1351 4266 reddunt

157 4317 254 4356 omnes
270 4298 429 4374 Prophetae,
446 4299 514 4356 Act.
529 4319 559 4355 x.
580 4301 628 4372 43,
649 4297 766 4355 unicum
787 4313 892 4353 nomen
909 4292 1007 4351 datum
1029 4288 1082 4346 sub
1105 4287 1186 4361 coelo,
1208 4282 1351 4375 perquod

157 4377 263 4434 salvari
276 4395 330 4434 nos
345 4384 464 4453 oportet,
480 4376 548 4435 Act.
563 4377 602 4434 iv.
620 4378 666 4448 12,
682 4375 738 4450 via,
753 4374 869 4447 veritas,
885 4379 914 4429 et
925 4371 993 4444 vita,
1008 4367 1049 4425 ita
1062 4374 1095 4424 ut
1105 4383 1189 4422 nemo
1197 4371 1289 4439 possit
1302 4379 1352 4418 ve·

156 4455 216 4512 nire
230 4453 268 4511 ad
284 4454 399 4512 Patrem
413 4454 469 4512 nisi
483 4473 534 4531 per
547 4455 650 4532 ipsum,
665 4453 715 4512 Jo.
730 4453 791 4509 xiv.
807 4455 834 4509 6.
1229 4519 1236 4531 θ
1324 4517 1330 4530 ·

198 4531 241 4589 X.
264 4533 385 4590 Frustra
403 4533 545 4610 excipitur
566 4532 603 4590 ad
619 4531 695 4588 lleb.
711 4531 771 4588 xiii.
794 4535 821 4603 8,
837 4527 887 4586 ubi
903 4525 1029 4585 Cirrhae
1049 4521 1154 4578 dicitnr
1174 4521 1241 4591 laem,
1262 4519 1351 4608 lodie,

160 4620 185 4668 et
205 4611 235 4668 in
254 4613 349 4668 semla
363 4610 443 4685 idern,
466 4611 523 4670 Vel
543 4611 593 4686 agi
607 4609 642 4666 de
662 4609 799 4682 doctrina,
823 4604 931 4663 nonde
947 4603 1073 4661 Persona
1093 4607 1121 4655 et
1142 4597 1247 4654 foedere
1269 4615 1298 4653 m
1319 4613 1354 4651 ea
