3152 5198
108 372 221 422 66661.
236 347 282 431 su]
582 369 620 408 66
636 369 910 412 61661111616616.
1256 355 1314 413 633

108 511 317 573 beatitudiuem
331 507 495 569 immediato
510 531 568 569 non
583 514 743 588 meruisset,
760 513 811 572 sed
825 521 936 573 tantum
952 511 1085 588 mediate,
1102 521 1202 572 eontra
1219 514 1316 592 Scrip-

111 604 213 668 turam,
228 591 299 650 Joh.
320 610 350 646 x.
366 592 414 664 28,
437 589 514 648 Heb.
529 590 569 649 ix.
593 596 639 652 15.
692 593 804 652 Deinde
828 593 852 650 61
881 593 988 651 Christi
1012 593 1146 652 meritum
1174 593 1316 652 sufficien-

112 673 255 733 tissimum
269 678 314 729 661
326 687 379 746 per
389 689 428 745 66,
449 689 500 728 cur
522 691 594 748 opus
618 680 663 732 est
687 673 730 732 illi
744 691 860 732 assuere
883 673 984 732 merita
1008 673 1156 732 humana?
1177 692 1242 732 oum
1266 693 1318 750 per

112 754 196 830 plura
209 751 272 809 fieri
282 769 341 807 666
352 748 464 824 debeat,
480 749 558 826 quod
571 751 633 810 ficri
648 761 743 829 potest
752 751 964 830 perpauciore3
987 771 1040 811 nec
1054 753 1136 811 locus
1150 751 1212 810 dari
1226 754 1318 830 possit

113 833 197 891 novis
208 830 325 904 meritis,
348 827 400 887 uhi
413 830 515 888 merita
536 829 644 891 Christi
664 833 748 908 plene
769 833 986 908 acquisiverunt
996 834 1046 910 jus
1060 831 1139 910 quod
1152 833 1317 909 quaerimus.

113 917 141 971 4.
166 911 265 970 Simile
286 908 323 968 de
349 908 416 967 Sole
437 910 522 986 plane
543 911 698 988 dissimile,
734 911 827 971 Aliud
861 912 967 988 quippe
992 921 1036 971 est
1058 912 1139 990 loqui
1163 912 1199 970 de
1223 912 1319 970 causis

113 991 312 1064 efficientibus,
334 1007 398 1066 quae
413 987 521 1049 habent
535 991 651 1050 1616166
666 991 939 1066 subordinationem,
956 991 1048 1050 Aliud
1069 991 1104 1050 de
1126 991 1221 1050 causis
1235 991 1318 1050 meri-

112 1073 201 1146 toriis,
216 1090 281 1148 quse
295 1067 405 1126 nullam
420 1070 507 1128 talem
522 1071 786 1130 subordinationem
801 1071 874 1130 serre
888 1080 1026 1147 possunt,
1058 1071 1149 1130 Aliud
1164 1071 1200 1130 (16
1215 1071 1315 1129 ordine

116 1152 241 1225 Naturae,
263 1150 294 1207 in
314 1167 372 1225 quo
395 1149 475 1208 Deus
489 1151 576 1210 talem
597 1151 862 1211 concatenationem
876 1151 951 1209 inter
961 1171 1078 1210 causam
1091 1151 1213 1228 primam
1234 1160 1263 1209 et
1277 1171 1321 1210 66-

116 1231 225 1290 condas
238 1229 388 1287 instituere
403 1228 503 1305 voluit,
520 1231 612 1290 Aliud
627 1231 662 1288 de
677 1231 777 1289 ordine
789 1230 907 1301 Gratim,
928 1229 958 1286 in
980 1250 1038 1307 quo
1060 1229 1206 1290 Christum
1227 1230 1321 1289 solum

116 1310 209 1370 voluit
222 1327 285 1367 esse
297 1326 413 1366 eausam
424 1310 538 1369 6616661
552 1320 581 1370 61
595 1311 770 1388 singularem
785 1310 886 1369 salutis
899 1319 1014 1385 nostres,
1027 1311 1095 1369 Act.
1117 1311 1156 1369 iv.
1174 1313 1220 1368 12.

420 1388 495 1448 XX.
517 1391 543 1447 A
552 1399 640 1466 parte
652 1392 790 1469 fidelium,
801 1390 851 1466 qui
862 1409 927 1447 eum
942 1390 1000 1448 sint
1014 1390 1092 1448 servi
1107 1390 1171 1464 Dei,
1184 1390 1235 1466 qui
1248 1389 1321 1446 nihil

374 1477 509 1545 praestare
516 1479 645 1547 possunt,
652 1471 729 1548 quod
739 1489 796 1528 non
805 1469 937 1544 debeant,
944 1489 979 1528 eo
987 1471 1050 1547 ipso
1060 1469 1133 1526 nihil
1144 1469 1246 1528 mereri
1255 1487 1321 1544 pos-

378 1557 454 1607 sunt.
497 1549 596 1608 Verba
610 1559 677 1609 sunt
697 1569 834 1627 expressa
848 1549 963 1624 Christi,
981 1549 1051 1608 Luc.
1067 1548 1137 1607 xvii.
1156 1551 1202 1623 10,
1219 1549 1322 1606 “Cum

117 1627 242 1687 feceritis
253 1627 357 1702 omnia,
370 1647 434 1704 quae
445 1639 589 1707 precepta
598 1640 665 1688 sunt
675 1629 768 1704 vobis,
782 1629 878 1704 dicite,
893 1629 977 1687 Servi
987 1629 1104 1688 inutiles
1119 1647 1226 1703 sumus,
1243 1627 1322 1704 quod

119 1707 272 1766 debuimus
285 1706 379 1766 facere
394 1707 543 1768 fecimus.’'
586 1709 645 1770 Ubi
668 1719 739 1786 quot
763 1709 821 1767 sere
846 1717 913 1768 6661
927 1709 1024 1784 verba,
1040 1717 1084 1768 tot
1098 1716 1166 1767 6661
1178 1708 1323 1766 rationum

119 1787 255 1866 pondera.
300 1791 326 1846 1.
349 1787 480 1847 Christus
507 1789 637 1867 loquitur
662 1789 849 1866 hypothetice
873 1797 902 1846 et
923 1795 1111 1862 evm-gande,
1129 1787 1201 1847 Cum
1228 1787 1323 1846 omnia

112 1866 245 1944 feceritis,
262 1886 320 1925 non
341 1867 420 1944 quod
441 1867 478 1926 sit
499 1869 612 1946 aliquis,
629 1869 678 1946 qui
701 1870 811 1946 Legem
832 1867 958 1945 impleat,
975 1887 1039 1925 cum
1060 1866 1091 1924 in
1104 1867 1204 1926 multis
1218 1866 1321 1943 impin-

120 1967 221 2024 gamus
231 1967 339 2022 ornnes,
350 1947 497 2023 1661112,
508 1949 559 2007 sed
569 1949 624 2008 etsi
635 1949 751 2007 daretur
756 1948 870 2025 aliquis,
881 1947 941 2006 sore
951 1955 1046 2006 161666
1056 1965 1171 2006 servum
1181 1947 1322 2021 inutilem,

119 2037 151 2088 ut
165 2029 285 2104 exponit
300 2027 419 2104 Cajeta,
442 2027 463 2086 J
465 2029 584 2104 ansoni,
597 2039 626 2089 et
643 2029 742 2089 Stella.
785 2033 813 2086 2.
829 2027 961 2085 Christus
975 2045 1034 2084 non
1048 2027 1112 2084 vult
1126 2047 1175 2086 666
1190 2027 1230 2085 116
1243 2026 1325 2102 16661

120 2108 213 2167 solum
224 2128 275 2184 per
289 2106 481 2166 humilitatem
503 2117 532 2167 et
545 2108 725 2183 modestiam,
740 2109 809 2166 licet
822 2107 917 2184 reipsa
930 2125 1030 2164 verum
1045 2125 1103 2164 non
1118 2107 1164 2182 sit,
1186 2126 1245 2164 non
1260 2105 1325 2164 vult

120 2187 249 2245 66116116
263 2207 316 2244 nos
330 2187 453 2246 humiles
468 2207 540 2264 esse,
563 2197 596 2248 ut
610 2189 790 2262 mentiamur,
813 2187 864 2245 sed
885 2206 922 2244 ex
944 2186 985 2244 rei
999 2186 1130 2260 veritate,
1153 2185 1325 2263 etpropriae

120 2266 294 2325 infirmitatis
308 2285 403 2339 sensu,
418 2266 497 2344 quod
512 2268 584 2326 ratio
598 2267 725 2326 additae
739 2268 862 2342 Christo,
879 2263 957 2343 quod
978 2265 1107 2324 fecerunt
1128 2264 1205 2343 quod
1220 2265 1327 2323 debue-

121 2355 196 2423 runt,
219 2347 289 2404 satis
304 2346 420 2405 evincit.
463 2349 491 2406 3.
507 2347 638 2407 Christus
652 2367 709 2406 non
724 2347 771 2405 hic
787 2347 913 2423 loquitur
927 2345 963 2404 de
978 2364 1070 2420 servo,
1086 2345 1137 2422 qui
1152 2346 1189 2404 sit
1203 2344 1327 2421 simplex

121 2427 323 2500 mercenarius,
338 2425 388 2502 qui
402 2426 533 2487 mercede
546 2436 631 2504 pacta
646 2427 771 2486 Domino
792 2445 845 2484 suo
859 2425 975 2499 serviat,
998 2433 1027 2484 et
1041 2425 1087 2484 cui
1101 2434 1167 2502 post
1177 2426 1327 2485 servitium

122 2525 231 2564 merces
252 2505 409 2581 debeatur;
432 2506 545 2584 sedqui
559 2507 597 2567 sit
617 2507 802 2584 mancipium,
823 2505 902 2583 quod
922 2513 1015 2563 totum
1037 2513 1326 2582 quantumquantum,

122 2595 167 2644 cst
182 2585 299 2644 Domini
310 2585 363 2659 sui,
379 2594 411 2643 ut
425 2585 480 2663 ipsi
495 2607 610 2664 operam
621 2607 703 2646 suom
717 2595 808 2646 totam
822 2596 852 2644 et
864 2584 980 2644 assidue
1001 2584 1166 2661 impendere
1187 2592 1326 2657 teneatur,

122 2665 223 2743 quales
237 2674 319 2724 erant
332 2673 400 2724 tunc
415 2667 551 2743 temporis
566 2667 643 2726 servi
665 2667 861 2726 Romanorum
876 2673 904 2722 et
918 2664 940 2723 J
941 2663 1098 2738 udaeorum,
1113 2673 1147 2722 ut
1160 2663 1328 2739 intelligunt

123 2745 325 2821 Bellarminus
350 2745 487 2820 Sahnaro,
504 2745 654 2805 Batradas.
697 2751 725 2806 4.
747 2747 831 2806 Servi
849 2745 958 2802 inutiles
978 2743 1121 2816 dicuntur,
1144 2762 1202 2800 non
1216 2751 1328 2800 tantum

122 2826 222 2903 quales
251 2834 319 2886 61161
346 2843 384 2883 ex
411 2825 522 2902 seipsis,
546 2826 648 2885 souin
670 2834 746 2884 statu
769 2826 895 2898 Nature,
918 2821 969 2882 sed
990 2822 1090 2898 quales
1112 2822 1229 2880 suntin
1251 2829 1328 2880 statu

124 2906 243 2980 Gratim,
264 2906 333 2983 quia
346 2905 504 2982 alloquitur
518 2905 624 2983 Apost.
640 2925 690 2964 666
707 2905 757 2982 661
771 2911 971 2981 supponuntur
990 2909 1127 2979 prestare
1141 2921 1184 2976 ea,
1200 2921 1265 2978 quae
1279 2921 1328 2959 ne-

126 3005 173 3042 mo
187 3005 225 3043 ex
240 3005 271 3043 se
292 2993 428 3062 praestare
443 2993 547 3061 potest.
580 2988 609 3044 5.
632 2985 699 3044 1166
712 2992 824 3044 tantum
839 2983 956 3041 inutiles
976 2990 1062 3040 vocat
1085 2981 1156 3056 Deo,
1179 2981 1230 3057 qui
1243 2980 1328 3039 bonis

123 3064 231 3123 nostris
244 3083 302 3122 non
317 3073 391 3141 eget,
409 3064 486 3123 Psal.
501 3066 520 3124 l.
539 3068 585 3140 12,
607 3073 638 3123 et
660 3064 697 3123 ad
717 3083 803 3141 quem
824 3064 932 3121 honum
953 3071 1084 3120 nostrum
1107 3081 1165 3118 non
1178 3060 1327 3138 pertingit,

124 3144 203 3203 Psal.
218 3143 322 3219 11112,
339 3143 490 3203 sedetiam
505 3145 622 3204 inutiles
645 3144 708 3220 sibi,
725 3152 757 3203 ut
771 3151 920 3219 exponunt
935 3139 1063 3199 Maldon.
1079 3147 1108 3199 et
1122 3140 1212 3216 Alph.
1227 3159 1246 3197 a
1260 3139 1328 3198 Cas-

123 3233 177 3283 tro.
221 3223 294 3281 Cum
308 3242 376 3300 ergo
390 3224 438 3282 hie
452 3233 557 3301 agatur
567 3224 602 3284 de
615 3225 687 3298 Dec,
703 3225 753 3300 qui
767 3223 840 3280 nihil
855 3223 941 3280 dehet
956 3221 1047 3280 servis
1061 3221 1130 3294 suis,
1143 3229 1172 3278 et
1186 3219 1222 3278 de
1236 3219 1327 3277 homi-

123 3304 210 3362 nibus
225 3303 275 3379 qui
289 3310 322 3361 ut
335 3303 477 3380 mancipia
491 3304 563 3361 nihil
578 3311 699 3381 possunt
712 3303 815 3362 mereri
830 3322 847 3360 a
870 3301 995 3359 Domino
1018 3320 1079 3374 666,
1096 3307 1125 3358 61
1138 3299 1174 3358 dc
1194 3299 1330 3376 operibus

124 3403 190 3460 666
205 3382 303 3441 debita
317 3391 400 3460 sunt;
423 3383 502 3442 Hinc
516 3383 624 3444 invicte
645 3382 792 3459 colligitur
805 3381 916 3440 nullum
931 3380 993 3439 dari
1007 3399 1091 3458 posse
1105 3379 1239 3438 meritum
1253 3377 1330 3456 apud

126 3465 231 3521 Deum.

166 3543 262 3602 XXI.
285 3541 367 3599 Licet
392 3541 587 3602 Bellarminus
610 3541 640 3599 in
668 3561 768 3600 omnes
788 3549 884 3619 partes
900 3561 929 3599 se
944 3549 1041 3599 verset
1065 3538 1102 3597 ad
1125 3539 1184 3596 vim
1210 3539 1329 3598 istorum

124 3630 360 3700 argumentorum
375 3621 563 3697 eludendam
586 3621 623 3680 ad
638 3622 798 3698 Augustini
812 3620 1042 3698 explicationem,
1064 3619 1124 3680 Ser.
1140 3623 1167 3678 3.
1184 3620 1220 3678 de
1234 3619 1331 3677 verbis

127 3702 221 3778 Dom,
231 3701 348 3761 tandem
359 3701 473 3778 cogitur
481 3701 645 3778 confugere,
657 3702 707 3778 qui
721 3701 871 3759 nobiscum
881 3700 967 3778 plane
978 3700 1055 3773 facit,
1067 3719 1156 3775 quum
1168 3699 1217 3773 ait,
1242 3703 1259 3731 “
1270 3699 1330 3756 Nos

125 3800 209 3857 posse
224 3781 281 3840 dici
296 3800 396 3840 servos
409 3781 536 3849 inutiles,
548 3801 613 3840 eum
624 3782 721 3840 omnia
734 3780 833 3838 divina
846 3780 983 3838 mandata
994 3780 1181 3851 servavimus,
1194 3778 1329 3852 quoniam

127 3859 200 3916 nihil
224 3859 343 3918 facimus
372 3860 448 3918 ultra
475 3859 553 3937 quod
574 3860 721 3936 debemus,
737 3869 765 3919 et
780 3859 852 3917 nihil
874 3858 941 3917 inde
952 3859 1039 3935 justae
1064 3856 1205 3915 mercedis
1232 3865 1329 3932 petere

126 3940 241 4016 posse,'’
264 3958 328 4015 666
353 3939 470 3997 omnino
498 3939 707 3999 Adversarium
727 3939 873 4016 jugulant.
926 3938 987 3995 Nec
1015 3936 1094 4012 quod
1121 3935 1202 3993 addit
1229 3945 1330 4012 postea

127 4017 325 4076 difficultatem
339 4017 425 4091 tollit,
449 4017 543 4076 “Nisi
559 4019 638 4078 Deus
652 4020 766 4078 liberali
780 4025 864 4096 pacto
878 4016 1028 4074 nobiscum
1043 4015 1197 4073 convenire
1220 4015 1328 4073 voluis-

126 4107 189 4174 set3
212 4116 276 4156 esse
290 4096 366 4154 enim
381 4115 434 4154 nos
448 4117 486 4155 ex
497 4097 660 4158 conditione
675 4099 818 4176 mancipia
832 4097 896 4172 Dei,
913 4103 941 4153 et
956 4096 981 4152 si
995 4094 1074 4168 velit,
1095 4113 1179 4171 posse
1199 4095 1329 4152 11666116-

124 4198 180 4255 que
206 4177 266 4236 ullo
291 4176 409 4253 praemio
445 4175 483 4234 ad
510 4197 597 4254 opera
630 4198 810 4256 quaecunque
835 4173 995 4253 placuerint
1030 4174 1190 4250 obligare.”
1253 4174 1328 4231 Nam

125 4257 284 4334 gratuitum
294 4265 419 4334 pactum,
436 4254 514 4332 quod
528 4257 679 4317 nobiscum
690 4257 761 4316 inire
772 4257 909 4334 dignatus
920 4263 972 4330 661,
988 4253 1058 4312 16611
1071 4253 1187 4331 quidem
1201 4262 1235 4312 ut
1250 4254 1331 4312 Deus

126 4336 258 4396 fidelitati
279 4357 339 4395 666
353 4335 468 4395 debitor
482 4336 520 4395 sit
533 4336 570 4394 ad
584 4338 725 4414 promissa
739 4334 901 4414 implenda;
932 4332 983 4393 sed
997 4353 1055 4392 non
1069 4341 1102 4392 ut
1115 4333 1250 4410 operibus
1264 4353 1329 4390 nos-

125 4416 178 4476 tris
198 4426 335 4495 tanquam
357 4415 512 4475 meritoriis
532 4417 686 4494 quicquam
708 4415 820 4492 debeat,
847 4435 912 4474 cum
934 4416 965 4472 in
988 4413 1073 4472 nobis
1094 4414 1170 4471 dona
1190 4433 1251 4488 sua,
1274 4434 1331 4471 non

127 4497 341 4557 meritanostra
354 4503 482 4556 coronet.
1115 4573 1120 4586 Ι

125 4616 147 4660 ⁴·
166 4619 189 4665 Α
209 4625 279 4719 tt?
303 4617 366 4674 ⁰⁹*
389 4573 548 4714 11111111
562 4572 1241 4730 tiltillttltllttll„iltuit
1254 4593 1332 4728 ,ll

116 1455 139 1499 a
164 1457 186 1501 Α
218 1459 289 1510 parte
315 1451 354 1497 Fi-

191 1514 289 1557 delium.
