3150 5206
119 375 231 425 ourssr.
246 353 296 438 u.]
499 377 973 420 narsusounsrsrnrucunrsrr.
1267 365 1327 424 259

119 556 362 686 1111211111
386 517 657 674 arridebat
678 519 898 660 11111ῗῖ1
910 519 1331 682 tttttthtptttht

119 675 212 744 carran
231 678 257 720 et
272 675 325 732 05⁰⁸
336 689 361 718 ⁰·
381 677 440 738 sias
462 678 581 741 Annum
595 679 769 758 beneplaciti
783 681 1018 758 promulgaturus
1028 691 1115 760 esset,
1130 691 1160 742 et
1173 684 1329 746 salutarem

119 735 231 792 ⁹⁰¹¹b⁰⁸³
379 759 536 838 Evangelii
556 759 716 820 doctrinam
730 761 871 821 allaturus
885 761 924 820 ad
936 760 1110 822 medendum
1125 763 1256 823 contritis
1265 785 1329 823 cor-

117 839 163 916 de,
187 847 217 899 et
237 837 451 917 praedicandam
471 839 634 900 libertatem
651 841 783 918 captivis,
799 851 829 902 et
843 841 1091 920 Redemptionem,
1135 843 1207 918 Quis
1221 843 1327 904 doctri-

117 940 186 980 uam
200 941 218 978 a
231 921 253 980 J
255 939 307 978 esu
321 931 420 978 nostro
433 920 618 998 praedicatam
641 921 750 998 recolit,
766 921 886 1000 quinon
900 921 999 982 videat
1012 943 1078 984 eum
1091 923 1258 1001 plenissime
1272 923 1328 986 hoc

118 1001 148 1060 iu
159 1001 257 1079 seipso
268 1001 443 1078 implevisse,
459 1001 528 1067 dum
544 1001 738 1079 Evangelium
752 1003 867 1062 coelitus
880 1002 965 1062 nobis
979 1004 1084 1081 attulit,
1100 1004 1179 1082 quod
1193 1004 1327 1064 illustris·

118 1081 208 1142 simos
223 1081 331 1158 ubique
345 1081 442 1140 radios
457 1081 627 1141 Divinitatis
641 1083 781 1142 micantes
794 1103 854 1161 prse
868 1102 899 1142 aa
913 1083 977 1160 lert,
993 1092 1023 1143 et
1036 1086 1067 1142 iu
1080 1105 1138 1162 quo
1152 1083 1326 1162 perfectissi-

118 1182 196 1220 mam
207 1161 263 1220 Dei
277 1161 458 1222 voluntatem
471 1162 556 1220 nobis
570 1161 736 1240 aperiendo,
749 1171 808 1222 tam
828 1163 925 1241 quoad
939 1173 1092 1243 precepta,
1104 1185 1190 1243 quarn
1204 1164 1327 1243 promis·

118 1261 158 1316 sa,
173 1241 355 1320 Religionem
366 1241 568 1319 instituitque
581 1243 663 1302 nulla
675 1243 772 1323 purior
784 1252 814 1302 et
828 1243 953 1302 divinior
966 1263 1094 1322 unquam
1107 1243 1170 1320 fuit,
1186 1265 1252 1324 qus
1265 1254 1328 1306 tota

117 1323 256 1400 pietatem
267 1331 297 1382 at
308 1322 476 1382 charitatem
491 1323 589 1400 spirat,
606 1331 635 1382 et
648 1323 687 1382 ad
700 1323 823 1402 gloriam
838 1323 894 1382 Dei
908 1335 937 1384 et
948 1325 1097 1386 homiuum
1112 1325 1235 1386 salutem
1249 1347 1326 1386 corn·

136 1411 217 1462 arata
231 1405 300 1460 est?

115 1423 135 1480 P
159 1482 287 1542 XVIII.
308 1483 364 1542 Tot
385 1483 481 1559 etiam,
504 1490 534 1542 et
547 1491 628 1544 tanta
649 1483 765 1544 fuerunt
779 1483 843 1562 ejus
859 1483 961 1562 Opera,
978 1493 1010 1545 ut
1023 1505 1077 1546 nec
1091 1485 1257 1564 illustriora,
1272 1506 1327 1546 nec

117 1563 210 1642 plura,
233 1583 287 1622 nec
307 1564 417 1641 majora
437 1563 594 1623 desiderari
615 1573 665 1624 aut
686 1564 833 1642 expectari
852 1565 998 1642 potuerint
1012 1587 1029 1624 a
1041 1565 1158 1642 Massia,
1174 1566 1282 1626 fatente
1296 1565 1328 1626 id
1433 1625 1439 1630 .

118 1645 214 1722 ipsum
228 1643 313 1703 turba
326 1643 403 1721 apud
414 1645 435 1704 J
437 1645 483 1703 oh.
498 1644 549 1702 vii.
565 1647 613 1720 31,
637 1647 655 1678 “
666 1645 797 1704 Christus
806 1665 871 1704 curn
886 1645 1006 1721 venerit,
1021 1666 1059 1704 an
1073 1645 1158 1724 signa
1167 1645 1251 1724 plura
1261 1645 1329 1708 edet

118 1725 155 1784 iis
175 1745 243 1801 qua
262 1725 318 1784 iste
336 1723 430 1792 ¹edidit
442 1725 483 1782 ?”
506 1725 586 1783 Hinc
599 1725 690 1785 Jesus
710 1725 796 1784 toties
812 1733 953 1802 provocat
970 1724 1008 1784 ad
1022 1746 1109 1802 opera
1123 1745 1176 1785 sua
1189 1734 1328 1804 tauquam

112 1805 238 1882 ,signum
249 1803 438 1864 certissimum
454 1805 616 1864 vocationis
625 1825 693 1880 suae,
706 1805 776 1865 ι1011.
791 1805 830 1863 iv.
846 1807 895 1880 36,
907 1813 936 1864 et
950 1804 1001 1864 vii.
1016 1808 1064 1880 37,
1080 1809 1128 1882 38,
1144 1813 1174 1865 et
1188 1826 1217 1864 x.
1234 1807 1282 1884 37,
1297 1815 1329 1868 et

118 1905 170 1944 xv.
186 1889 243 1960 243
265 1885 323 1948 imo
343 1885 537 1962 interrogatus
558 1906 576 1944 a
596 1885 732 1945 Johanne
753 1905 805 1962 per
824 1884 991 1962 discipulos,
1013 1883 1064 1944 An
1084 1895 1161 1946 esset
1175 1885 1327 1946 Messieso'

118 1965 252 2047 ἒςχέμιικ,
265 1965 345 2024 nulla
354 1965 411 2023 alia
421 1986 452 2024 re
461 1965 547 2025 fidem
559 1965 627 2024 iecit
641 1985 672 2026 se
682 1985 748 2026 eum
759 1965 853 2044 ipsum
863 1985 935 2041 esse,
947 1985 1034 2043 quam
1045 1965 1249 2026 miraculorum
1260 1986 1326 2026 suo-

117 2067 182 2106 rum
197 2044 381 2106 multitudine
403 2054 433 2106 et
452 2046 669 2124 magnitudine5
685 2045 840 2124 respondet
857 2065 942 2123 opere
959 2066 1018 2104 uon
1032 2045 1137 2123 verbis,
1153 2045 1229 2106 facto
1240 2046 1327 2108 citius

116 2147 206 2204 quam
228 2127 314 2202 dicto,
331 2126 436 2185 Matth.
452 2125 492 2185 xi.
507 2130 539 2202 4,·
552 2129 579 2186 5.
595 2127 734 2186 Messinm
755 2127 832 2186 anim
852 2127 1048 2207 θαυμτονςγὶι
1068 2134 1097 2186 ct
1116 2126 1264 2186 miraculis
1282 2126 1326 2186 in-

117 2207 233 2285 signem
254 2226 319 2266 esse
339 2205 474 2266 debuisse
495 2207 580 2266 docet
594 2208 697 2284 Isaiae,
721 2227 793 2265 xxv.
817 2209 845 2282 4,
861 2210 889 2283 5,
917 2208 1028 2266 “Deus
1048 2206 1130 2266 venit
1150 2215 1180 2268 ct
1200 2207 1327 2268 salvabit

118 2307 182 2362 nos,
199 2287 282 2346 Tunc
295 2287 459 2364 aperiantur
473 2287 550 2346 oculi
564 2307 714 2363 caecerum,
729 2307 814 2348 aures
828 2287 980 2348 surdorum
993 2286 1161 2366 patefient,”
1177 2285 1233 2347 &a
1249 2287 1325 2347 Nam

117 2368 145 2426 si
160 2367 224 2427 Lex
238 2367 331 2446 signis
346 2375 375 2426 et
388 2366 530 2446 prodigiis
543 2367 598 2426 fuit
612 2368 747 2446 gloriosa,
763 2367 865 2445 quidni
880 2367 1101 2445 Evangelium?
1130 2372 1148 2426 2
1164 2367 1229 2427 Cor.
1241 2367 1282 2428 iii
1298 2371 1326 2444 7,

117 2451 148 2522 8,
177 2455 208 2508 et
231 2448 256 2506 si
277 2447 402 2508 Messias
422 2447 523 2508 debuit
543 2468 606 2507 esse
627 2451 675 2508 she
695 2449 871 2508 admirabilia
890 2447 921 2506 in
943 2449 1079 2524 Persona,
1101 2468 1161 2508 non
1180 2449 1276 2508 minus
1296 2447 1328 2508 in

118 2527 273 2605 Operibus.
315 2527 461 2588 Christum
482 2535 578 2588 autem
599 2527 707 2588 talibus
727 2529 862 2606 operibus
884 2529 993 2589 clarum
1007 2548 1038 2587 se
1049 2527 1214 2606 reddidisse
1228 2528 1328 2590 Judaei

118 2609 176 2686 ipsi
205 2608 319 2668 diffiteri
333 2627 391 2668 non
405 2616 569 2686 potuerunt.
611 2609 768 2686 Josephus,
793 2609 844 2667 lib.
873 2609 955 2668 xviii.
981 2629 1044 2686 cap.
1075 2612 1121 2683 14,
1147 2618 1234 2670 vocat
1260 2630 1327 2670 eum

117 2685 263 2770 πιςιδὸξυι
275 2687 350 2769 igyeu
361 2691 467 2762 runis,
480 2708 602 2766 quorum
614 2689 748 2767 exempla
757 2688 890 2768 quaedam
900 2689 1063 2748 referuntur
1073 2689 1104 2747 in
1115 2688 1286 2763 Thalmude,
1297 2698 1327 2748 et

117 2771 258 2830 Julianus
279 2771 339 2847 ipse
361 2768 492 2847 capitalis
506 2769 630 2828 nominis
645 2769 801 2829 Christiani
814 2769 906 2828 hostis
919 2789 1027 2846 negare
1041 2788 1100 2828 non
1118 2769 1221 2846 potuit
1240 2770 1327 2828 Illus-

117 2851 212 2909 triora
233 2869 297 2910 esse
317 2870 376 2910 non
396 2857 552 2928 potuerunt
565 2850 630 2927 ejus
643 2849 790 2926 muscula,
805 2849 875 2926 quia
887 2869 946 2909 non
961 2847 1070 2908 fiebant
1084 2849 1158 2907 clam
1172 2848 1202 2906 in
1217 2847 1326 2926 angulo

117 2941 150 2990 et
168 2949 293 3004 recessu,
319 2949 405 3006 quem
425 2930 649 3007 praestigiatores
671 2936 822 3006 quaerunt;
845 2929 897 2988 sed
913 2931 1014 3006 patrm
1035 2937 1065 2988 at
1084 2927 1208 3005 publice,
1230 2948 1328 2986 coram

117 3011 190 3085 sole,
205 3011 236 3068 in
250 3010 345 3070 triviis
359 3017 388 3068 et
402 3009 543 3086 compitis,
559 3010 667 3087 ubique
681 3009 818 3083 locorum,
834 3017 864 3067 et
877 3009 907 3066 in
921 3008 1013 3067 oculis
1026 3007 1154 3066 hostium
1168 3007 1325 3066 infensissi-

117 3111 242 3152 morum.
284 3090 351 3150 Non
367 3091 465 3166 plara,
480 3097 524 3148 tot
537 3090 614 3150 enim
629 3088 719 3148 luisse
733 3089 774 3146 ait
787 3088 948 3164 Johauues,
963 3095 996 3147 ut
1010 3087 1114 3164 siquis
1128 3106 1164 3146 ea
1177 3085 1327 3164 sigillatim

116 3172 280 3250 scripturus
289 3179 372 3246 esset,
380 3169 506 3230 mundus
519 3170 633 3249 Integer
642 3169 732 3228 libros
741 3168 813 3226 istos
824 3188 925 3246 cepere
934 3187 992 3226 non
1002 3175 1108 3244 posset,
1121 3167 1144 3228 J
1144 3166 1191 3226 ch.
1203 3165 1265 3226 xxi.
1277 3169 1327 3226 25.

116 3252 185 3312 Nou
207 3255 319 3328 majora
339 3251 449 3310 ratione
469 3260 588 3326 natura,
603 3250 672 3328 quia
691 3269 751 3309 non
771 3247 886 3308 fuerunt
899 3255 1011 3308 tautum
1025 3255 1140 3306 ostenta
1152 3254 1183 3306 et
1194 3246 1330 3325 prodigia

117 3332 245 3406 horrida,
260 3352 326 3408 quae
342 3339 480 3392 terrorem
494 3331 663 3405 incuterent,
679 3329 777 3408 qualia
794 3328 911 3388 fuerunt
930 3327 1014 3406 sigua
1028 3327 1161 3406 legalis}
1174 3325 1226 3386 sed
1239 3328 1326 3387 bene-

118 3412 185 3472 ficia
206 3411 350 3488 salutaria,
372 3432 390 3473 a
411 3411 516 3489 quihus
532 3431 591 3469 non
604 3411 691 3470 modo
705 3430 763 3469 uon
777 3407 971 3470 abhorrebant
988 3407 1129 3481 homines,
1145 3407 1197 3468 sed
1211 3407 1249 3467 ad
1262 3429 1328 3486 quae

116 3491 246 3552 videnda
259 3500 289 3552 et
299 3491 491 3570 percipienda,
505 3491 651 3551 turmatim
666 3490 851 3550 advolabant.
894 3488 1084 3548 Noniuerunt
1093 3489 1175 3566 sipara
1185 3489 1327 3566 wigerio,

117 3580 149 3631 ct
172 3571 317 3632 mirabilia
330 3593 395 3650 quae
415 3573 543 3632 humma
563 3579 624 3630 arte
638 3571 686 3630 vel
701 3569 844 3629 diabolica
857 3569 988 3648 praestari
1001 3576 1152 3648 poterant;
1175 3567 1226 3630 sed
1241 3589 1326 3647 grau-

118 3652 176 3728 dia,
191 3651 338 3728 inusitata,
353 3661 383 3712 et
401 3672 465 3729 quae
480 3651 595 3710 nonnisi
608 3650 708 3710 divina
721 3649 829 3710 virtute
840 3649 901 3710 fieri
912 3657 1046 3728 poteraut
1059 3672 1066 3726 3
1089 3649 1183 3727 qualis
1197 3657 1242 3710 est
1251 3670 1328 3708 mor·

118 3743 234 3792 tuorum
249 3733 407 3808 suscitatio,
419 3751 559 3792 cecorum
570 3739 712 3806 natorum,
728 3739 757 3791 et
767 3731 933 3790 morborum
946 3730 1049 3789 datdeus
1060 3729 1180 3806 sanatio,
1197 3727 1251 3788 &a
1267 3729 1327 3790 Ra·

117 3813 309 3888 tioneobjecti,
317 3833 375 3872 non
384 3813 499 3872 suerunt
506 3811 791 3888 aipnapartiralarr'a,
800 3811 861 3870 sive
871 3819 1057 3872 certaretum
1064 3810 1171 3890 speciei
1179 3809 1325 3884 adstricta,

119 3893 174 3952 sed
194 3894 373 3970 11111111ὶί1,
395 3901 567 3971 potestatem
582 3893 646 3969 ejus
665 3911 699 3952 ac
720 3891 872 3969 imperium
893 3891 924 3950 in
944 3911 1044 3951 ornnes
1058 3898 1204 3950 creaturas
1219 3897 1326 3947 testan-

119 3973 170 4047 tis,
185 3973 216 4030 in
227 3974 309 4050 coelo,
326 3973 355 4031 in
372 3981 456 4049 terra,
473 3973 502 4030 in
516 3972 608 4050 aquis,
624 3971 655 4030 in
668 3971 856 4045 daemonibus,
872 3970 903 4029 iu
916 3970 1091 4045 homiuibus,
1107 3969 1137 4028 in
1152 3965 1283 4044 panibus,
1295 3968 1326 4026 in

118 4053 280 4134 arboribus,
296 4051 351 4112 &a
367 4053 492 4123 Ratione
510 4052 594 4126 modi,
616 4071 675 4112 non
699 4072 805 4130 magno
828 4051 871 4110 illi
893 4072 966 4132 opus
989 4058 1050 4110 erat
1068 4047 1215 4107 molimine
1234 4046 1272 4105 ad
1291 4068 1327 4107 ea

116 4133 291 4213 prestanda,
304 4133 356 4192 sed
376 4133 438 4194 solo
459 4133 550 4192 verbo
572 4140 601 4192 ct
621 4139 694 4192 nutu
708 4151 742 4190 ea
754 4132 919 4224 praestabat,
935 4129 1021 4190 modo
1035 4129 1096 4188 sine
1111 4125 1223 4201 mediis,
1238 4127 1326 4186 modo

115 4234 185 4274 cum
205 4212 318 4288 mediis,
334 4234 365 4273 se
385 4214 555 4292 plerumque
582 4212 742 4288 inutilibus,
757 4232 815 4270 uno
836 4211 995 4286 contrariis,
1017 4207 1103 4268 modo
1118 4225 1223 4282 coram,
1238 4206 1326 4268 modo

113 4293 226 4374 procul,
242 4294 301 4352 imo
315 4294 402 4354 etiam
416 4293 531 4354 absens.

158 4373 255 4432 XIX.
277 4373 355 4448 Quid
369 4373 482 4434 adhaec
496 4381 635 4452 reponant
649 4371 773 4432 Judrei?
794 4372 844 4430 An
858 4371 931 4430 alios
944 4369 1032 4428 etiam
1050 4365 1188 4426 miracula
1201 4363 1328 4426 iecisse?

117 4455 178 4516 Sed
192 4455 259 4532 quis
273 4461 325 4530 tot,
346 4462 376 4514 et
389 4461 478 4526 tauta,
494 4454 560 4531 quis
570 4453 648 4529 talia,
665 4461 694 4511 et
716 4472 751 4510 eo
765 4451 851 4510 modo
870 4469 998 4528 unquam
1012 4446 1179 4526 prestitisse
1193 4445 1327 4523 legitur?

114 4535 167 4594 An
180 4534 327 4594 mirabilia
339 4541 452 4594 aarum
466 4533 563 4610 fuisse,
578 4553 637 4594 nou
650 4552 721 4592 vera
733 4531 894 4592 miracula?
937 4528 996 4589 Sed
1009 4527 1079 4607 quid
1093 4545 1193 4584 verum
1203 4525 1327 4619 miraeu-

112 4617 184 4690 lum,
212 4615 269 4674 nisi
294 4613 373 4692 quod
395 4614 484 4674 totius
507 4620 617 4672 naturae
638 4611 726 4672 finitae
750 4620 781 4672 et
802 4621 905 4672 creatae
929 4609 1007 4668 vires
1031 4614 1154 4686 superat,
1170 4605 1264 4685 qualrs
1283 4616 1329 4668 cat

113 4695 223 4758 mortui
237 4694 385 4768 excitatio,
400 4694 564 4754 morborum
578 4691 782 4754 insanabilium
796 4700 826 4774 et
840 4691 1055 4770 desperatorum
1069 4687 1188 4766 curatio,
1210 4687 1325 4748 Daemo-
