3202 5194
101 357 235 407 eumer.
250 336 343 420 xxii]
631 362 671 404 ns
685 362 762 404 nscn
776 363 837 406 nur.
1272 353 1329 414 123

428 502 471 563 X.
494 506 522 564 3.
536 504 574 564 In
587 513 663 562 statu
678 504 804 564 restimlo
825 503 927 583 gata
948 507 1059 566 varium
1071 527 1164 568 usum
1184 509 1274 570 habet
1286 531 1331 571 ra·

164 565 338 669 hsszitssC‘·
389 591 491 660 spectu
499 584 666 660 electorum,
678 592 817 644 tumante
832 604 933 646 eorum
947 589 1177 666 conversionem,
1190 598 1251 650 tum
1266 599 1332 670 post

389 683 461 723 earn.
503 665 705 724 Anteccdcnter
718 664 840 725 inservit
853 666 964 729 homini
977 670 1171 747 occurrendo,
1194 681 1223 730 et
1236 672 1330 730 humi-

110 743 231 819 liando,
246 751 280 804 ut
293 743 394 821 agnita
413 744 529 806 miseria
543 765 596 805 sua
609 753 639 805 et
662 745 833 822 impotentia
847 745 884 806 de
898 748 994 826 seipso
1008 748 1149 827 desperat,
1166 757 1196 809 et
1208 752 1332 830 propriae

106 825 242 904 justitiae
261 832 291 884 et
313 825 479 884 meritorum
501 823 637 884 fiduciam
656 825 783 902 abjiciat,
803 835 837 886 ut
857 826 888 886 in
909 829 972 888 sola
991 829 1048 889 Dei
1069 830 1266 890 misericordia
1286 851 1331 891 re·

114 906 265 984 quiescat.
288 908 316 963 2.
333 905 454 964 Homini
467 905 506 964 ad
522 906 665 966 Obrutam
677 908 853 983 adducmdo,
869 928 929 967 non
942 908 1060 986 quidem
1080 911 1216 988 primario
1231 920 1261 971 et
1281 933 1333 990 per

115 1007 163 1062 se,
181 986 251 1063 quia
265 985 330 1043 Lex
352 985 498 1046 Christum
512 986 635 1064 ignorat,
656 985 708 1046 scd
721 1006 773 1064 per
791 987 926 1048 accidens
945 991 1054 1067 gratiae
1077 999 1220 1068 quatenus
1238 993 1330 1052 homi·

115 1087 191 1126 nem
206 1066 351 1144 dejectum
372 1073 402 1126 ct
424 1064 460 1124 de
474 1066 586 1126 viribus
600 1066 661 1127 suis
682 1065 883 1145 desperantem
897 1070 936 1129 ad
956 1071 1115 1130 remedium
1129 1071 1230 1149 gratia
1252 1073 1329 1132 salu-

116 1148 195 1208 taris
208 1145 397 1224 quarendum
417 1146 549 1224 impellit,
570 1155 600 1208 et
621 1146 675 1206 sub
689 1147 744 1206 hac
765 1149 848 1223 σχίπι
868 1158 989 1210 vocatur
1009 1152 1133 1211 aPaulo
1155 1155 1333 1230 Poeclapopua

118 1227 163 1288 ad
178 1227 335 1302 Christum,
352 1225 418 1286 Gal.
434 1227 474 1286 iii.
489 1230 537 1303 24,
553 1236 583 1288 et
597 1228 730 1288 Christus
735 1229 806 1307 fich
819 1230 904 1305 Legis
918 1229 1032 1308 dicitur,
1049 1232 1172 1292 Roman.
1187 1254 1218 1292 x.
1229 1237 1258 1308 4,
1273 1253 1333 1292 non

118 1308 193 1367 finis
207 1307 408 1383 dcstnsctionh,
431 1316 461 1368 et
475 1307 649 1384 abolitionis,
671 1309 740 1384 quia
753 1317 851 1369 monet
871 1310 959 1370 etiam
973 1311 1037 1370 Lex
1058 1313 1088 1371 in
1106 1314 1277 1391 Evangelio,
1300 1323 1333 1374 ut

119 1397 228 1467 postea
241 1387 361 1462 dicetur,
377 1387 429 1448 sed
444 1389 626 1465 perfectionis
639 1395 670 1447 et
683 1390 882 1466 complectenti,
897 1391 967 1468 quia
981 1392 1114 1454 Christus
1128 1413 1191 1453 eam
1213 1395 1334 1472 implere

121 1468 228 1528 debuit
241 1468 272 1526 in
293 1487 323 1526 se
338 1476 367 1526 et
381 1468 411 1525 in
425 1469 518 1543 nobis,
541 1477 570 1528 et
582 1469 748 1545 inoenhoais,
770 1470 839 1546 quia
852 1479 897 1530 est
918 1491 1022 1550 scopus
1043 1471 1081 1532 od
1101 1494 1188 1551 quem
1206 1475 1332 1552 respicit,

119 1559 153 1608 et
168 1556 386 1626 propterquam
400 1549 468 1608 data
480 1556 526 1608 est
540 1548 613 1625 Iex,
629 1569 688 1608 non
702 1549 819 1626 quidem
833 1559 937 1612 natura
951 1571 1003 1612 sua
1017 1561 1047 1612 et
1065 1573 1082 1612 a
1096 1563 1178 1631 parte
1192 1554 1242 1628 rei,
1264 1573 1333 1612 nam

121 1629 193 1688 finis
208 1628 298 1706 Legis
312 1647 347 1686 eo
367 1638 500 1706 respectu
514 1629 569 1690 fuit
586 1629 757 1707 justificatio
770 1629 896 1690 hominis
914 1632 996 1708 justi,
1013 1631 1065 1690 sed
1079 1653 1096 1690 a
1104 1643 1193 1709 parte
1206 1635 1266 1692 Dca'
1278 1634 1333 1694 Le·

122 1729 194 1788 gam
209 1708 318 1770 homini
330 1711 474 1786 peccatori
485 1709 603 1770 ferentis
613 1718 646 1770 ut
655 1718 865 1788 praepareretur
875 1710 913 1768 ad
924 1711 1079 1788 Christum,
1091 1719 1124 1771 ut
1133 1720 1286 1791 perspecta
1297 1734 1334 1772 ex

123 1789 208 1868 Lege
222 1809 275 1850 sua
288 1789 400 1868 Μινύᾳ,
414 1791 616 1852 necessitatem
630 1789 802 1850 Mediatoris
816 1790 921 1850 clarius
935 1800 1132 1869 cognosceret,
1147 1801 1177 1854 et
1187 1791 1335 1854 ardentius

122 1871 215 1929 etiam
248 1879 379 1929 usereret.

169 1889 320 2010 XLqNon
334 1959 447 2010 tanturn
461 1949 665 2010 antecedenter
676 1957 820 2030 praeparat
830 1950 975 2013 hominem
991 1950 1115 2011 electum
1129 1951 1166 2010 ad
1178 1951 1334 2030 Christum,

125 2029 182 2090 sed
202 2039 399 2108 cmaeqcenter
419 2029 506 2090 etiam
527 2051 593 2091 eum
612 2032 674 2108 jam
693 2031 856 2108 regenitum
877 2051 929 2110 per
944 2031 1089 2092 Christum
1110 2033 1209 2109 diripit
1227 2032 1258 2091 in
1278 2033 1336 2092 viis

126 2111 258 2187 Domini,
280 2112 308 2171 ei
326 2111 510 2171 inserviendo
532 2111 623 2170 instar
643 2114 762 2172 Nor-mu
783 2113 941 2190 stragulae
961 2113 1030 2172 ritae
1051 2113 1276 2190 perfectissimae,
1299 2113 1337 2173 ad

123 2211 216 2270 quam
236 2212 268 2252 se
288 2191 372 2252 novit
391 2211 444 2269 per
464 2191 611 2252 Christum
632 2201 793 2269 evocatum,
814 2201 844 2252 et
865 2193 912 2253 cui
933 2193 1012 2253 omni
1029 2213 1083 2271 ope
1101 2193 1217 2253 studere
1238 2193 1334 2271 debet,

127 2277 144 2330 1
168 2272 242 2330 Tim.
264 2273 283 2331 i.
304 2274 332 2331 5.
374 2271 473 2332 Antea
491 2280 553 2332 erat
573 2272 795 2332 instrumentum
816 2273 941 2350 Spiritus
962 2275 1111 2334 servitutis
1132 2275 1169 2334 sd
1189 2274 1336 2334 hominem

125 2351 323 2429 dejiciendum
344 2359 374 2412 et
387 2352 603 2429 conterendum,
618 2353 671 2414 sed
690 2362 792 2432 postea
804 2352 838 2412 fit
859 2373 999 2431 organum
1016 2355 1141 2432 Spiritus
1162 2354 1334 2433 adoptionis,

14 2495 15 2500 ἵ
127 2432 168 2491 nd
182 2431 438 2491 sanctificationem
452 2433 687 2509 promovendam.
732 2433 780 2492 Sic
796 2433 860 2492 Lex
875 2434 955 2494 ducit
969 2434 1007 2495 od
1021 2435 1177 2510 Christum,
1193 2444 1223 2496 et
1237 2435 1336 2494 Chris·

126 2521 177 2572 tus
201 2531 255 2571 nos
273 2512 311 2572 ad
328 2513 438 2590 Legem
458 2512 587 2589 reducit;
610 2511 690 2573 ducit
710 2513 748 2572 ad
769 2513 924 2590 Christum,
937 2523 970 2574 ut
990 2514 1028 2572 ad
1049 2514 1282 2594 Redemptorem,
1306 2521 1336 2574 at

129 2592 264 2652 Christus
278 2592 359 2652 ducit
379 2592 418 2651 ad
439 2593 557 2670 Legem,
580 2601 613 2652 ut
626 2592 665 2653 ad
685 2593 788 2653 ducem
810 2600 839 2652 et
860 2594 1040 2654 directricem
1060 2595 1137 2654 vitre.
1181 2594 1281 2673 Atque
1302 2614 1337 2654 ea

127 2673 240 2732 ratione
253 2675 335 2732 horno
349 2673 498 2750 integeret
508 2673 607 2750 justus
621 2673 724 2734 fuisset
734 2673 789 2732 sub
802 2675 988 2734 benedictione
1003 2675 1101 2752 Legis,
1113 2684 1263 2752 comptas
1273 2676 1337 2752 ejus

128 2753 319 2813 maledictioni
330 2752 438 2829 subest,
459 2761 489 2812 et
501 2755 641 2831 reperitis
654 2754 734 2814 illius
748 2754 897 2814 directioni
902 2778 914 2829 ;
937 2754 974 2815 de
988 2774 1046 2831 quo
1061 2754 1150 2832 Legis
1164 2775 1220 2816 usu
1234 2763 1338 2832 agetur

128 2833 222 2893 fusius
236 2833 401 2908 Quaestione
416 2836 465 2893 23.

171 2913 250 2973 XII.
272 2914 341 2974 Huc
354 2913 479 2991 pertinet
494 2912 622 2988 Quaestio
637 2914 673 2973 de
687 2913 865 2990 obligatione
880 2913 978 2991 Legis,
997 2912 1047 2971 An
1062 2912 1172 2990 obliget
1185 2911 1224 2972 ad
1237 2911 1337 2971 obedi-

130 2995 240 3054 entiam
254 3001 283 3053 et
296 3014 411 3072 poenam
425 2993 520 3053 simul.
541 2985 552 3007 ⁴
564 2993 685 3054 Occasio
700 2995 763 3070 ejus
776 3000 845 3052 nata
859 3013 896 3051 ex
909 2993 1007 3070 Cargii
1020 2993 1164 3050 sententia
1174 2991 1210 3050 de
1222 2992 1337 3068 justitio

132 3073 240 3134 Christi
253 3079 375 3135 tantum*
387 3075 504 3152 passIva
517 3073 602 3134 nobis
615 3074 766 3150 imputata,
781 3091 840 3132 non
861 3073 969 3150 pariter
983 3073 1086 3147 activa,
1109 3071 1178 3148 quia
1192 3091 1258 3130 cum
1272 3071 1336 3130 Lex

132 3154 170 3213 ad
183 3154 376 3214 obedientiam
390 3173 448 3212 non
463 3154 600 3232 obligarit
613 3161 788 3231 peccatores,
804 3153 857 3211 sed
869 3152 908 3212 cd
928 3173 1043 3232 poenam
1066 3159 1186 3228 tantum,
1203 3151 1336 3212 Christus

131 3235 196 3294 loco
210 3243 309 3294 nostm
324 3234 499 3294 substitutus
512 3253 627 3311 poenam
642 3241 754 3292 tontum
774 3253 828 3311 pro
841 3233 927 3292 nobis
939 3233 1081 3310 debuerit,
1104 3252 1163 3291 non
1177 3252 1246 3291 vero
1269 3232 1336 3292 obe·

133 3315 280 3374 dientiam.
322 3314 374 3373 Ad
388 3321 493 3373 statum
509 3313 683 3388 Quaestionis
696 3322 774 3391 nota,
799 3317 825 3374 1.
842 3315 908 3373 Non
922 3313 1013 3391 quaeri
1026 3313 1057 3372 in
1071 3332 1184 3391 genere,
1208 3313 1258 3371 An
1273 3313 1337 3374 Lex

134 3395 243 3473 obliget
256 3393 295 3453 ad
315 3393 508 3454 obedientiam
523 3401 553 3452 et
572 3395 610 3454 ad
630 3413 764 3472 poenam,
787 3415 853 3456 cum
874 3395 951 3454 enim
972 3393 1120 3472 precipiat
1141 3392 1335 3453 obedientiam

134 3475 187 3534 sub
200 3474 390 3554 promissione
411 3473 530 3551 premii,
547 3482 577 3533 et
590 3475 815 3535 inobedientiam
828 3482 909 3534 vetet
923 3475 977 3534 sub
992 3475 1212 3534 comminatione
1233 3495 1335 3552 poenae,

133 3563 211 3632 patet
224 3553 262 3613 ad
275 3563 430 3631 utrumque
450 3553 597 3612 hominem
611 3555 754 3632 obligari,
777 3555 829 3616 sed
847 3557 882 3614 de
902 3557 994 3630 modo,
1010 3574 1048 3612 an
1062 3553 1156 3629 simul,
1172 3573 1209 3612 an
1223 3573 1336 3613 succes·

135 3635 203 3712 sive,
220 3644 250 3695 et
264 3655 322 3711 quo
336 3635 437 3694 ordine
458 3633 577 3710 obliget.
600 3638 628 3694 2.
644 3635 710 3694 Non
725 3635 824 3713 quaeri,
847 3635 897 3693 An
911 3635 941 3692 in
956 3634 1034 3693 omni
1048 3641 1126 3693 statu
1148 3634 1212 3692 Lex
1226 3634 1338 3711 obligat

134 3715 220 3774 simul
233 3715 271 3774 ad
285 3724 460 3792 utrumque:
482 3713 557 3772 Nam
571 3714 602 3772 in
615 3723 692 3774 statu
707 3715 830 3794 integro,
846 3715 909 3774 Lex
925 3714 1067 3792 obligavit
1081 3713 1119 3774 ad
1133 3713 1336 3790 obedientiam,

134 3794 186 3855 sed
197 3815 258 3854 non
271 3796 310 3854 ad
330 3814 454 3874 poenam,
470 3793 539 3871 quia
558 3794 698 3871 injustum
713 3795 786 3856 foret
800 3795 930 3873 obligare
944 3796 981 3854 ad
1002 3813 1116 3872 poenam
1134 3813 1201 3853 oum
1214 3793 1266 3871 qui
1279 3813 1337 3851 non

48 3911 53 3926 ·
135 3875 284 3952 peccavit3
307 3875 338 3934 in
359 3884 436 3935 statu
461 3874 562 3951 gratiae
576 3875 688 3953 obliget
701 3874 816 3935 fidelem
830 3883 943 3936 tantum
957 3874 995 3933 ad
1010 3872 1211 3946 obedientiam,
1227 3891 1285 3930 uon
1299 3871 1338 3930 ad

135 3975 258 4032 posnam,
280 3956 349 4032 quia
362 3955 443 4014 nulla
457 3960 502 4012 cst
516 3954 717 4015 condemnatio
731 3955 767 4014 iis
788 3955 839 4032 qui
853 3963 921 4015 sunt
934 3956 965 4014 in
985 3953 1109 4024 Christo,
1132 3953 1216 4011 Rom.
1231 3951 1292 4010 viii.
1310 3955 1337 4029 l,

135 4055 256 4112 qnorum
269 4037 397 4096 remisse
412 4043 481 4096 sunt
504 4034 680 4112 iniquitates,
697 4035 775 4096 Psal.
790 4035 884 4095 xxxii.
902 4038 937 4096 1:
962 4033 1020 4094 Sed
1034 4032 1125 4111 quaeri
1136 4031 1172 4090 de
1185 4040 1261 4090 stata
1270 4053 1338 4110 pec·

135 4115 198 4190 coti,
214 4116 265 4175 An
277 4115 309 4175 in
319 4137 354 4176 eo
368 4116 456 4175 homo
469 4123 603 4192 peccator
616 4123 749 4176 teneatur
762 4117 799 4176 ad
812 4124 976 4194 utrumque,
992 4112 1078 4190 Quod
1091 4112 1255 4172 asserimus.

175 4195 271 4256 XIII.
291 4197 401 4272 Prima,
417 4196 465 4254 Ex
479 4195 644 4255 conditione
658 4196 767 4275 duplici
779 4196 905 4256 hominis
918 4193 1086 4274 peccatoris,
1101 4193 1153 4271 qui
1167 4202 1196 4253 et
1210 4199 1341 4254 creatura

136 4283 187 4350 est,
203 4284 233 4335 et
246 4285 377 4336 creatura
396 4276 561 4353 peccatri13
584 4276 730 4354 Namque
744 4285 877 4336 creatura
891 4276 977 4338 debet
992 4276 1056 4335 Deo
1074 4275 1104 4333 in
1119 4281 1257 4333 aternum
1272 4272 1339 4331 obe·

136 4355 282 4434 dientiam,
303 4375 506 4434 necunquam
527 4364 623 4434 potest
643 4357 680 4416 ab
701 4377 736 4416 ea
755 4357 932 4434 dispensari3
959 4357 998 4416 Et
1022 4375 1080 4434 qua
1098 4363 1234 4431 peccator
1254 4350 1341 4410 debet

136 4455 259 4512 poenam.
301 4435 353 4496 Ad
367 4437 447 4496 illum
461 4443 576 4496 tenetur
588 4445 706 4516 propter
716 4437 845 4498 debitum
859 4456 986 4515 praesens
1000 4445 1030 4496 et
1043 4436 1180 4506 futurum,
1192 4430 1243 4489 Ad
1257 4430 1342 4489 istam

138 4525 253 4594 propter
271 4517 447 4596 preteritum
469 4515 710 4594 inobedientiam
733 4515 784 4576 Ad
805 4517 886 4576 illam
908 4518 1000 4598 primo
1019 4523 1049 4576 et
1069 4533 1121 4592 per
1134 4531 1174 4587 se,
1190 4509 1241 4569 Ad
1256 4508 1343 4569 istam

137 4597 307 4658 menndarIo
321 4603 351 4656 et
364 4617 416 4674 per
429 4596 563 4657 accidens
596 4606 693 4676 ropter
706 4605 865 4676 peccatum.

176 4679 268 4740 XIV.
293 4677 436 4752 Secundo,
453 4677 527 4751 Quia
546 4619 649 4738 siheri
668 4685 848 4756 peccatorem
862 4697 920 4736 non
941 4675 1053 4753 obligat
1073 4671 1111 4734 ad
1131 4668 1343 4748 obedientiam
