3146 5210
245 277 307 336 430
652 290 742 332 nocua
757 289 887 332 necinus
902 289 1045 339 Quassus.
1236 270 1374 353 [comsit
1390 293 1456 334 rrn.

245 435 341 493 tiuon
359 431 563 508 temporaliter,
586 431 793 509 quiaconstat
817 431 1004 491 auferendum
1027 431 1115 490 baisse
1140 432 1171 489 in
1194 432 1330 492 adventu
1347 435 1455 497 Christi

245 513 297 572 sed
310 511 397 570 modo
412 511 553 589 spirituali
568 520 598 571 et
611 512 742 587 mystico,
759 510 904 587 quomodo
916 509 1047 570 Christus
1061 511 1122 587 ipse
1138 521 1264 571 vocatur
1279 513 1394 572 David.
1419 515 1457 572 Ita

244 592 323 669 quod
333 591 439 651 dicitur
459 591 495 649 de
507 591 665 650 eternitate
679 591 763 668 regni
778 592 842 669 ejus
856 590 1075 667 intelligendum
1091 599 1144 666 est,
1160 610 1220 650 non
1233 593 1338 669 quoad
1351 593 1456 651 literam

245 680 275 731 et
297 680 408 749 typum,
425 671 476 730 sed
498 671 595 748 quoad
609 670 781 747 antitypum,
797 678 826 729 et
840 669 933 747 ipsam
954 670 1114 745 veritatem,
1129 690 1198 748 qnae
1219 672 1313 748 lenge
1327 673 1457 732 nobiliori

244 751 331 809 modo
345 751 446 810 debuit
460 751 574 827 impleri
587 750 618 807 in
630 749 754 808 Christo.

286 831 376 889 XIV.
399 831 539 905 Quamvis
552 830 654 906 Regna
665 827 835 906 temporalia
849 827 1029 905 subjicienda
1039 829 1156 888 fuerunt
1171 829 1303 906 Christo,
1320 851 1385 889 nou
1398 831 1457 890 ideo

244 911 402 988 temporale
425 909 526 968 debuit
549 929 613 967 esse
641 909 705 984 ejus
730 909 864 985 Regnum
871 931 879 982 ;
912 907 1062 984 quianon
1086 909 1288 985 temporaliter
1318 919 1351 970 ct
1379 912 1458 970 modo

243 998 357 1048 terreno
368 987 560 1065 subjiciuntur
573 987 625 1063 illi,
637 996 667 1046 et
680 989 717 1046 ab
732 1007 766 1047 eo
777 987 1022 1062 administrantur,
1038 987 1089 1046 sed
1103 988 1296 1064 spiritualiter
1311 999 1344 1048 et
1354 991 1458 1064 divitie,

247 1070 288 1128 Ut
302 1069 370 1127 licet
384 1075 459 1126 terra
473 1067 547 1125 coelo
562 1067 663 1141 subsit,
679 1067 759 1127 stab
773 1067 836 1144 ipso
854 1075 980 1144 regatur,
996 1085 1054 1125 non
1078 1075 1231 1144 propterea
1245 1069 1305 1128 hoc
1328 1070 1365 1128 fit
1378 1071 1460 1128 modo

245 1156 367 1221 terreno,
384 1145 435 1204 sed
449 1147 570 1206 coelesti.
586 1146 703 1223 Regnat
716 1145 834 1224 quidem
844 1145 1038 1205 diversimode
1052 1147 1082 1204 in
1095 1147 1159 1224 pios
1173 1155 1203 1206 et
1214 1148 1335 1224 impios,
1352 1150 1385 1207 in
1399 1151 1461 1208 illes

246 1227 330 1286 suavi
344 1234 374 1284 ct
395 1226 514 1285 salutari
536 1225 649 1285 influxu
672 1226 805 1303 Spiritus,
820 1245 879 1303 que
900 1225 1002 1302 Caput,
1015 1226 1046 1284 in
1060 1226 1132 1285 istos
1156 1229 1271 1304 potenti
1285 1227 1404 1288 virtute
1415 1250 1462 1288 sua

243 1326 302 1383 qua
312 1305 462 1379 Dominus,
478 1305 530 1365 sed
543 1306 574 1363 in
587 1313 725 1383 utrosque
738 1305 889 1382 imperium
899 1305 1055 1382 spirituale,
1065 1325 1123 1363 uon
1136 1306 1321 1366 mundanum
1334 1324 1460 1368 exercet

286 1385 357 1444 XV.
380 1385 505 1444 Crscula
517 1385 606 1462 varia,
622 1385 658 1444 de
672 1385 852 1445 restitutione
867 1393 896 1442 et
906 1391 1044 1461 perpetua
1057 1384 1208 1444 duratione
1223 1387 1425 1464 Reipublicae,
1437 1401 1464 1448 et

246 1466 343 1542 Regni
365 1465 494 1539 Judaici,
511 1485 576 1541 ques
599 1463 757 1524 afferuntur
784 1483 802 1521 a
826 1462 940 1523 Judseis
962 1484 1014 1541 pro
1039 1483 1129 1541 reguo
1151 1467 1307 1542 temporali
1333 1467 1463 1542 Messias,

245 1545 343 1622 qualia
358 1553 433 1620 sunt,
451 1545 537 1604 Deut.
553 1565 625 1602 xxx.
642 1547 669 1619 3,
685 1551 713 1620 4,
731 1547 759 1603 b.
776 1544 861 1601 Erec.
877 1544 992 1601 xxxvii.
1011 1547 1058 1614 24,
1074 1547 1123 1603 25.
1139 1545 1214 1604 Dan.
1229 1545 1284 1604 vii.
1299 1551 1354 1621 27,
1372 1547 1464 1606 hlieb.

245 1626 285 1684 iv.
302 1627 329 1700 6,
346 1629 373 1700 ⁷,
390 1627 417 1700 8,
440 1644 498 1683 non
513 1631 642 1700 possunt,
658 1643 712 1682 nec
734 1623 841 1681 debent
855 1622 979 1700 intelligi
992 1626 1062 1681 aerei
1072 1629 1099 1684 rt
1119 1629 1192 1704 perir,
1208 1623 1261 1683 sed
1283 1626 1420 1703 mystice
1438 1637 1465 1686 et

245 1705 439 1781 spiritualiter.
457 1707 483 1762 1.
491 1703 565 1777 Quia
574 1723 636 1761 moe
646 1711 691 1762 est
702 1701 911 1779 Prophetarum
922 1703 1002 1779 loqui
1011 1702 1047 1761 de
1057 1704 1143 1762 rebus
1150 1704 1225 1762 Nor.
1232 1705 1316 1764 Test.
1329 1709 1465 1765 terminis

245 1785 397 1862 legalibus,
423 1791 452 1843 et
476 1784 530 1842 sub
552 1783 657 1842 cortice
678 1801 773 1841 rerum
794 1801 992 1858 corporearum
1008 1801 1055 1842 res
1079 1783 1242 1860 spirituales
1267 1792 1298 1842 et
1326 1785 1465 1846 coelestes

245 1864 426 1938 adumbrare,
449 1883 514 1940 quse
536 1861 560 1922 si
582 1863 619 1921 ad
640 1861 755 1921 literam
775 1869 955 1938 urgerentur,
970 1862 1019 1920 vel
1033 1863 1144 1921 nullum
1159 1881 1276 1921 sermm
1291 1863 1464 1938 funderent,

246 1944 295 2002 vel
305 1944 471 2003 absurdum.
484 1947 512 2000 2.
526 1942 744 2016 Promissiones,
757 1961 822 2018 qua
836 1940 876 1998 ibi
886 1941 1030 2000 habentur
1040 1941 1075 2000 de
1085 1942 1233 2001 beneficiis
1244 1942 1463 2019 spirituahbns

246 2020 910 2178 {meritissimi„hitherii
923 2020 1239 2178 1111111111
1248 2022 1464 2164 iiiiii?

246 2181 336 2240 salem
351 2181 413 2238 solo
427 2181 543 2256 aequari,
559 2180 712 2258 Templum
726 2180 826 2254 everti,
853 2186 882 2237 et
903 2198 1082 2257 quacunque
1097 2180 1241 2258 pertinent
1254 2181 1295 2240 ad
1309 2183 1462 2262 Rempub

246 2267 276 2317 et
299 2258 430 2334 politiam
444 2259 465 2318 J
468 2259 600 2317 udaicam
615 2259 732 2318 aboleri.
775 2263 803 2318 4.
830 2258 968 2317 Rationes
982 2259 1172 2318 institutionis
1187 2261 1296 2336 politiae
1317 2263 1461 2324 Judaicae

247 2345 362 2396 cessent
375 2356 428 2414 per
441 2335 599 2395 adventum
614 2338 731 2412 Christi,
746 2346 776 2396 et
786 2357 838 2414 per
851 2336 1032 2396 vocationem
1048 2339 1196 2398 Gentium.

289 2415 380 2473 XVI.
404 2415 486 2474 Licet
500 2416 625 2474 Messias
647 2425 808 2492 opponatur
829 2417 961 2494 Regibus
981 2418 1112 2493 terrenis,
1135 2419 1212 2477 Psal.
1224 2418 1254 2477 ii.
1270 2421 1299 2494 6,
1346 2421 1389 2480 Et
1413 2443 1461 2481 eos

247 2495 360 2554 dicatur
374 2495 549 2554 contriturus
563 2495 647 2572 virga
661 2496 760 2570 ferrea,
774 2515 833 2555 ver.
850 2499 877 2570 9,
901 2497 967 2555 Non
982 2497 1112 2576 sequitur
1125 2497 1259 2575 Regnum
1274 2499 1460 2560 mundanum

247 2595 311 2635 esse
325 2575 468 2650 debuisse,
485 2575 553 2651 quie
566 2575 634 2633 licet
648 2583 778 2634 terrenus
788 2595 847 2635 non
857 2575 903 2651 sit,
918 2577 991 2634 nihil
999 2577 1130 2654 impedit,
1141 2579 1296 2655 quominus
1310 2579 1459 2656 spirituali

246 2656 334 2715 modo
359 2657 397 2716 sit
419 2656 517 2732 Reges
536 2663 665 2714 terrenos
697 2654 867 2731 domiturus,
890 2665 924 2714 ut
955 2657 1035 2716 Deus
1065 2659 1192 2716 omnium
1227 2657 1459 2720 mmmmm

247 2735 407 2796 debellator
433 2744 478 2794 est
499 2735 586 2794 modo
611 2735 761 2812 spirituali.
804 2736 843 2794 Et
865 2735 943 2812 quod
963 2735 1080 2795 additur
1100 2736 1136 2795 de
1160 2737 1245 2814 virga
1257 2736 1354 2796 ferree
1368 2751 1460 2798 mcta-

246 2817 365 2893 phorice
386 2824 431 2875 est
454 2814 685 2893 intelligendum,
714 2823 747 2874 ut
766 2834 868 2874 sensus
889 2815 935 2890 sit,
951 2815 1193 2891 quemadmodum
1220 2836 1275 2875 vas
1299 2817 1458 2894 figulinum

247 2905 340 2955 totum
360 2895 558 2973 confringitur,
574 2915 664 2970 quum
677 2895 761 2972 virga
775 2894 867 2953 ferree
880 2895 1061 2955 concutitur:
1083 2895 1123 2954 ita
1138 2915 1251 2972 quoque
1266 2897 1382 2956 Gentes
1396 2899 1460 2958 iste

247 2984 431 3035 conterentur
453 2975 551 3034 Verbo
573 2975 736 3051 Evangelii,
760 2974 839 3051 quod
858 2982 903 3033 est
927 2982 1072 3052 sceptrum
1095 2995 1146 3034 seu
1169 2977 1253 3052 virga
1276 2975 1459 3036 fortitudinis

248 3057 329 3132 ejus,
352 3055 431 3133 quod
445 3075 482 3115 ex
497 3075 531 3113 eo
546 3055 738 3128 confirmatur,
754 3053 832 3130 quod
846 3073 919 3129 quie,
937 3053 1013 3112 Psal.
1035 3054 1065 3128 ii,
1080 3054 1117 3113 de
1129 3055 1238 3113 Massia
1251 3055 1457 3132 predicantur,

250 3135 466 3212 promittuntur,
485 3135 578 3212 Apoc.
593 3135 622 3193 ii.
645 3136 693 3207 26,
709 3138 757 3207 27,
773 3133 906 3192 omnibus
920 3133 1112 3212 manentibus,
1128 3143 1161 3193 ut
1184 3143 1301 3194 notetur
1325 3145 1459 3212 potestas

249 3213 803 3352 θ011111118111111181111111119111111111111111
830 3300 860 3351 et
883 3291 979 3369 quoad
1005 3292 1118 3351 literam
1146 3292 1183 3351 de
1206 3291 1361 3352 Salomone
1385 3303 1459 3371 typo

249 3370 357 3428 Christi
371 3369 577 3446 intelligendus
591 3379 643 3446 cst,
659 3371 783 3430 mediate
797 3379 893 3430 autem
907 3381 937 3430 at
957 3371 1079 3448 mystice
1094 3371 1130 3430 de
1146 3373 1260 3431 Christo
1274 3373 1338 3449 ejus
1347 3375 1458 3450 antity-

249 3467 295 3525 po.
339 3448 411 3506 Ideo
433 3449 463 3506 in
486 3448 678 3526 explicatione
703 3451 879 3510 attendenda
901 3459 976 3525 sunt,
999 3469 1064 3528 quae
1079 3459 1149 3529 typo
1171 3459 1239 3510 sunt
1252 3453 1459 3511 convenientis

249 3537 279 3586 et
293 3546 428 3603 congrua,
445 3536 474 3587 et
496 3546 560 3605 que
574 3530 723 3606 antitypo;
754 3530 851 3608 quoad
865 3531 948 3588 illum
968 3529 1085 3608 quidem
1110 3530 1270 3608 corporalia
1290 3538 1320 3590 et
1341 3539 1459 3591 terrena
1530 3547 1531 3556 ³

249 3606 446 3684 designantur,
461 3607 556 3684 qualis
569 3609 631 3685 ipse
644 3609 707 3676 fuit.
723 3609 775 3668 sed
788 3610 885 3688 quoad
898 3611 986 3669 istum
1000 3610 1168 3687 spiritualia,
1185 3618 1215 3669 et
1229 3610 1337 3670 divina.

693 3846 887 3922 QUAESTIO
909 3848 1017 3907 XVII.

592 4025 631 4064 ns
651 4023 849 4065 mrannmsrn
871 4025 963 4066 neem
983 4025 1110 4066 emereri.

295 4164 343 4224 Aa
356 4167 486 4243 Regnum
496 4165 700 4225 Mediatorium
715 4166 823 4226 Christi
833 4167 870 4226 sit
882 4169 1050 4226 duraturum
1066 4169 1096 4224 in
1110 4170 1263 4224 ammam?
1301 4165 1414 4226 Affirm.

289 4324 314 4381 Ι.
338 4321 471 4383 Secunda
495 4323 622 4382 conditio
644 4324 740 4401 Regni
755 4325 862 4383 Christi
876 4333 919 4382 cst
933 4324 997 4401 ejus
1021 4323 1188 4400 AEtemitas,
1204 4324 1240 4382 de
1268 4345 1327 4402 qua
1341 4334 1456 4386 contro·

246 4403 342 4461 versia
352 4403 436 4462 nobis
449 4403 601 4462 intercedit
615 4423 680 4462 cum
697 4403 866 4478 Socinianis,
882 4402 932 4478 qui
946 4413 979 4463 ut
994 4402 1164 4464 Mediatcris
1177 4405 1269 4463 nostri
1284 4405 1457 4482 dignitatem

247 4489 277 4539 et
300 4481 490 4541 Divinitatem
514 4482 697 4557 labefactent,
720 4489 850 4540 statuunt
873 4482 1008 4558 Regnum
1022 4483 1078 4543 hoc
1100 4494 1278 4543 cessaturum
1292 4483 1341 4543 die
1356 4485 1455 4544 noris-

247 4559 330 4634 simo,
346 4569 376 4619 et
388 4561 522 4620 uultimum
536 4562 600 4638 ejus
614 4569 709 4620 ectum
723 4561 852 4622 futurum
866 4561 956 4622 totius
970 4563 1049 4624 orbis
1063 4562 1222 4638 Iudicium,
1237 4573 1299 4623 tum
1316 4563 1453 4642 Regnum
