3146 5210
228 353 285 408 372
629 367 720 409 toene
735 367 863 410 nncrxos
878 365 1023 416 auxanus.
1269 343 1411 427 [aomar.
1426 365 1453 402 x.

230 527 289 567 non
300 523 417 564 necesse
428 503 515 564 fuerit
523 507 639 567 omnino
654 511 801 569 Christum
811 509 974 568 satisfacere
985 527 1036 586 pro
1048 507 1139 583 nobis,
1151 507 1214 565 Deo
1225 509 1335 585 gratis
1347 508 1457 583 absque

232 589 293 648 ulla
308 584 502 644 satisfactione
517 590 639 662 peccata
649 591 793 649 remittere
809 591 932 664 valente,
955 589 1003 646 vel
1024 607 1141 646 neeesse
1156 587 1242 646 fuerit
1260 597 1393 647 tantum
1408 589 1458 662 hy-

233 666 377 746 pothetice
392 674 508 742 propter
523 667 578 725 Dei
593 668 765 729 decretum?
807 669 953 728 Sociniani
966 667 1083 744 quidem
1097 667 1206 726 nullam
1220 668 1274 725 hic
1293 667 1460 726 necessita·

235 758 292 808 tem
314 754 483 822 agnoscunt.
527 747 650 821 Quidam
672 771 708 808 ex
730 750 886 808 Veteribus
907 758 936 807 et
957 749 1079 822 NostrIS,
1102 748 1317 806 necessitatem
1345 755 1462 806 tantum

213 862 216 868 ·
235 827 450 905 hypotheticam
465 835 578 902 urgent,
594 837 623 886 et
634 829 763 888 sufficere
774 830 949 888 arbitrantur
959 829 1093 886 haeretico
1103 826 1275 885 refellendo.
1331 827 1398 886 Sed
1413 846 1463 883 nos

235 929 301 967 cum
315 906 459 983 plerisque
483 915 633 984 utramque
655 911 819 985 retinemus,
836 917 865 968 et
886 909 993 966 Christi
1017 907 1240 966 satisfactionem
1257 915 1331 965 tam
1348 915 1463 984 aparte

232 987 354 1066 justitiae
371 986 434 1058 Dei,
447 1004 533 1061 quam
545 989 711 1064 voluntatis,
724 989 914 1048 necessariam
925 988 1014 1047 fuisse
1026 987 1231 1064 pertendimus.
1272 988 1354 1044 Non
1367 996 1464 1044 tamen

236 1086 373 1145 urgemus
382 1066 583 1125 necessitatem
593 1069 761 1146 simpliciter
769 1071 938 1143 naturalem,
951 1068 1045 1144 qualis
1057 1078 1101 1126 est
1115 1068 1145 1124 in
1159 1067 1226 1144 igne
1238 1067 1280 1124 ad
1291 1067 1463 1137 urendum

229 1163 302 1226 ‘quae
316 1167 369 1204 nec
384 1154 428 1203 est
442 1146 613 1224 voluntaria,
636 1169 689 1208 nec
710 1150 800 1208 ullam
821 1147 1063 1208 modificationem
1077 1149 1107 1204 in
1121 1147 1165 1205 sui
1181 1148 1334 1205 exercitio
1357 1146 1464 1203 admit·

238 1230 283 1287 tit.
327 1224 384 1284 Sed
395 1229 530 1284 moralem
545 1237 574 1286 et
588 1230 765 1303 rationalem,
789 1251 853 1306 quse
867 1237 928 1287 uta
942 1227 1094 1286 sanctitate
1119 1236 1147 1285 et
1167 1227 1288 1304 justitia
1308 1228 1375 1284 Dei
1392 1225 1463 1296 fluit,

239 1327 292 1366 nec
306 1306 362 1364 nisi
377 1305 468 1362 libera
482 1306 676 1368 intercedente
691 1311 841 1369 voluntate
856 1309 984 1366 exerceri
998 1316 1102 1384 potest,
1121 1308 1162 1365 ita
1176 1307 1290 1364 variam
1310 1327 1373 1384 pro
1389 1303 1464 1380 sapi-

239 1387 357 1446 entiaet
372 1384 485 1463 lacunela
505 1387 569 1460 Dei,
592 1399 687 1465 potest
708 1388 952 1448 modificationem
980 1387 1150 1464 admittere;
1172 1387 1260 1446 modo
1275 1389 1409 1445 salvum
1425 1383 1465 1441 illi

238 1475 353 1526 maneat
364 1466 414 1543 jus
429 1485 512 1523 suum
527 1469 665 1527 naturale.
1550 1535 1551 1542 ,

240 1587 362 1633 Probatur
407 1586 478 1629 m
542 1547 648 1607 XVII.
678 1549 778 1607 Talem
801 1559 896 1607 autem
911 1567 973 1606 esse
988 1548 1185 1621 satisfactionis
1201 1548 1316 1606 Christi
1342 1545 1463 1604 necesa-

269 1645 382 1690 ucuonts
397 1657 478 1688 neces-
499 1636 582 1686 tatcm
593 1629 684 1686 multa
695 1630 825 1706 probant.
849 1629 955 1704 Primo,
967 1629 1084 1686 thstitia
1098 1629 1157 1684 Da'
1168 1627 1373 1698 vindicata-Lm
1391 1626 1464 1683 Cum

270 1703 477 1774 stempajusti-
497 1708 573 1766 eninr
599 1708 636 1766 sit
664 1710 727 1767 Deo
752 1709 891 1767 naturalis
916 1717 945 1766 ct
969 1707 1143 1780 essentialia,
1159 1715 1191 1764 ut
1216 1707 1384 1782 probatum
1412 1705 1465 1762 luit
1545 1702 1549 1731 ⁵

270 1763 377 1815 ΜΘΗ
504 1788 536 1846 Ρ.
549 1788 574 1848 1.
586 1789 654 1847 noc.
666 1790 726 1846 111.
742 1789 796 1864 Qu.
814 1791 859 1864 19,
883 1789 913 1846 in
928 1807 985 1864 qua
999 1789 1056 1847 uus
1073 1787 1129 1844 nu
1142 1786 1258 1846 Jonas
1271 1791 1464 1845 aemma

240 1869 371 1929 naturale
392 1867 535 1943 fundatur,
549 1868 585 1926 (le
606 1889 663 1945 quo
685 1889 742 1927 non
756 1870 850 1946 magis
875 1869 1040 1945 dispensare
1054 1875 1150 1944 potest
1166 1867 1254 1940 Deua,
1271 1886 1371 1943 quam
1388 1865 1464 1940 seip-
1546 1852 1551 1877 ¹

241 1970 304 2009 snm
326 1949 492 2024 abnegare3
515 1949 683 2007 exercitium
705 1950 767 2026 ejus
789 1969 847 2007 non
867 1955 964 2025 potest
984 1968 1042 2006 non
1056 1967 1119 2004 esse
1133 1947 1344 2022 necessarium,
1363 1945 1463 2022 posito

241 2037 368 2108 peccato,
384 2029 452 2086 licet
466 2027 557 2085 libera
572 2028 622 2086 fiat
636 2028 831 2088 intercedente
859 2030 1008 2086 voluntate
1024 2049 1031 2085 ε
1046 2027 1171 2085 maxime
1186 2047 1251 2084 cum
1265 2046 1328 2083 non
1347 2024 1463 2084 censis·
1546 2032 1549 2041 '

242 2119 284 2168 tat
305 2111 335 2166 in
356 2118 421 2166 actu
446 2127 523 2164 mere
546 2109 672 2184 gratuito
693 2118 722 2167 et
744 2109 881 2183 indebit0,
898 2128 961 2184 quac
990 2115 1034 2166 est
1057 2106 1130 2166 ratio
1155 2106 1378 2179 misericordiae,
1396 2123 1461 2182 qua

242 2190 304 2247 sive
320 2196 452 2245 exeratur
468 2187 528 2244 sive
544 2207 611 2262 non,
626 2189 733 2246 nemini
757 2189 790 2247 fit
803 2189 917 2265 injuria,
933 2187 983 2245 secl
998 2187 1028 2243 in
1042 2195 1108 2244 actu
1122 2186 1220 2245 debito
1234 2185 1386 2244 reddendi
1402 2183 1461 2242 cul·

241 2288 297 2344 quc
312 2266 389 2342 quod
405 2285 487 2322 sunm
503 2274 555 2340 cst,
584 2287 602 2324 a
616 2286 673 2342 quo
687 2287 745 2324 non
766 2277 861 2345 potest
876 2268 957 2325 Deus
971 2267 1123 2342 abstinere,
1141 2268 1202 2325 sine
1217 2266 1315 2342 aliquo
1327 2264 1460 2343 justitiae
1544 2322 1547 2333 ,

242 2347 423 2404 detrimento.
467 2345 538 2403 Cum
566 2355 662 2402 autern
683 2347 798 2422 justitia
819 2349 875 2406 ista
895 2347 968 2405 nihil
991 2346 1071 2405 aliud
1085 2347 1219 2424 sitquanr
1232 2347 1377 2404 voluntas
1393 2364 1461 2402 con·
1545 2394 1548 2417 ,

243 2436 322 2484 stans
346 2422 493 2501 puniendi,
509 2431 539 2481 et
552 2424 687 2483 voluntas
711 2426 767 2484 ista
791 2447 849 2484 non
866 2427 957 2502 possit
971 2426 1051 2485 irrita
1065 2446 1127 2484 esse
1142 2429 1170 2485 in
1188 2427 1259 2500 Deo,
1275 2425 1365 2502 cujus
1382 2443 1460 2483 surn-
1542 2458 1546 2481 r

242 2526 290 2564 ma
310 2513 354 2562 est
367 2503 513 2580 majestas,
528 2511 558 2562 et
571 2503 684 2563 infinita
703 2507 840 2582 potentia,
856 2506 1016 2564 necessario
1036 2527 1130 2583 poenae
1148 2505 1336 2564 inflictionem
1353 2503 1459 2580 exigit,

242 2586 292 2644 vel
305 2585 336 2642 ia
349 2591 498 2662 peccatore
513 2584 583 2662 ipso,
600 2584 648 2642 vel
662 2585 691 2642 in
706 2585 780 2643 vade
794 2585 873 2643 illius
886 2585 950 2643 loco
965 2586 1129 2645 substituto.
1172 2587 1233 2644 Nec
1246 2586 1314 2644 huic
1334 2585 1404 2663 juri
1418 2585 1459 2640 in-

243 2665 389 2726 tercedere
403 2673 506 2742 potest,
522 2665 571 2723 vel
581 2665 654 2723 ratio
669 2665 809 2724 libertatis
826 2665 890 2741 Dei,
906 2667 955 2742 qui
970 2685 1032 2724 sese
1047 2667 1140 2726 exerit
1154 2675 1265 2725 tantum
1279 2666 1392 2742 injure
1407 2683 1456 2740 po-

244 2748 339 2821 sitiva,
353 2765 413 2804 non
433 2745 565 2820 naturali,
578 2745 625 2804 vel
645 2745 718 2803 ratio
739 2744 950 2820 misericordiae,
966 2746 1035 2822 quia
1054 2746 1085 2803 in
1106 2767 1140 2804 eo
1159 2746 1275 2824 quidem
1288 2747 1388 2822 posita
1403 2749 1455 2814 est,

244 2838 277 2887 ut
291 2834 424 2905 peccator
438 2826 614 2885 subducatur
627 2846 728 2903 prante,
745 2826 795 2884 sed
810 2847 867 2884 non
878 2835 910 2884 ut
924 2833 1073 2903 peccatum
1088 2826 1181 2904 ipsum
1193 2825 1317 2884 inultum
1327 2831 1456 2884 maneat.

247 2907 451 2986 ExceptioneS,
467 2927 531 2983 quae
547 2905 711 2981 afferuntur,
728 2925 858 2965 excussae
874 2915 940 2964 sunt
955 2907 1018 2964 loco
1033 2905 1130 2965 citato.

540 2987 663 3045 XVIII.
688 2987 830 3061 Secundo,
846 2987 960 3045 Peccata¹
978 2995 1092 3044 natura.
1115 2988 1187 3044 Cum
1202 2986 1277 3044 enim
1293 2985 1331 3042 sit
1345 2985 1455 3043 malum

508 3067 624 3141 morale,
640 3067 718 3144 quod
740 3067 894 3125 intrinsece
917 3075 945 3125 et
959 3087 976 3122 a
990 3073 1070 3142 parte
1085 3067 1127 3124 rei
1141 3065 1237 3124 differt
1251 3085 1268 3122 a
1284 3065 1453 3134 Sanctitate,
1546 3120 1549 3133 ,

509 3155 541 3206 ut
552 3168 638 3224 supra
649 3148 718 3206 Loc.
731 3147 790 3205 XI.
804 3148 839 3206 de
855 3147 942 3224 Lege,
956 3146 1010 3220 Qu.
1023 3150 1049 3219 2,
1067 3155 1213 3204 ostensum
1229 3145 1282 3204 fuit
1293 3167 1300 3220 3
1313 3145 1453 3203 Necesse·
1546 3168 1549 3179 ·

247 3234 290 3292 ria
304 3233 389 3290 etiam
405 3239 433 3288 et
447 3228 586 3286 naturalis
605 3227 692 3285 debet
711 3227 773 3284 dari
795 3229 936 3286 connexio
950 3227 1025 3284 inter
1038 3224 1111 3283 illud
1126 3235 1154 3284 ct
1168 3226 1275 3284 malum
1290 3225 1451 3302 physIcum,

248 3321 280 3370 ut
305 3331 335 3367 se
360 3307 520 3367 necessario
545 3315 765 3382 consequantur,
781 3314 810 3364 et
829 3306 1070 3382 quemadmodum
1088 3325 1146 3362 non
1160 3315 1255 3383 potest
1270 3305 1332 3363 dari
1346 3305 1452 3362 malurn

248 3389 400 3468 physicum
416 3395 444 3443 et
458 3384 579 3462 poenale,
596 3384 657 3442 sine
671 3386 747 3442 malo
762 3386 872 3460 morali,
888 3387 935 3444 vel
949 3387 1074 3463 proprio,
1088 3385 1136 3443 vel
1151 3387 1309 3462 imputata,
1333 3384 1380 3442 Ita
1397 3399 1454 3442 nou

248 3467 340 3547 possit
359 3465 420 3522 dari
445 3464 552 3520 malum
571 3463 687 3536 morale,
703 3464 781 3541 quod
795 3473 861 3540 post
875 3485 905 3522 se
920 3485 978 3522 non
992 3466 1087 3524 trahat
1100 3466 1207 3523 malum
1221 3465 1383 3542 physicum.
1414 3461 1454 3521 L't

247 3551 356 3607 bonum
378 3542 503 3601 ethicum
518 3561 583 3598 cum
597 3543 726 3617 physica,
743 3544 880 3602 sanctitas
902 3565 966 3602 curn
981 3543 1116 3604 felicitate
1132 3545 1325 3603 indissolubili
1339 3542 1455 3603 vinculo

249 3624 438 3696 consociatur,
454 3620 598 3678 nonmodo
619 3622 729 3680 ratione
751 3623 898 3700 sapientiae
917 3625 1033 3700 divinae,
1056 3626 1103 3684 cui
1126 3635 1350 3684 consentaneum
1364 3634 1409 3683 est
1423 3641 1455 3681 ea

250 3705 335 3766 simul
350 3701 491 3778 componi,
507 3720 571 3776 qua
586 3701 760 3759 conveniunt
774 3703 804 3759 in
819 3723 924 3778 genere
943 3705 1010 3763 boni
1026 3706 1073 3763 vel
1087 3706 1164 3780 mali,
1180 3705 1231 3763 sed
1245 3705 1331 3762 etiarn
1345 3705 1454 3762 ratione

249 3783 387 3846 bonitatis
408 3791 437 3841 et
454 3780 594 3859 justitiae;
619 3799 685 3838 narn
700 3790 733 3839 ut
746 3801 797 3858 per
810 3783 888 3840 illam
903 3803 962 3841 non
976 3793 1071 3861 potest
1085 3805 1102 3842 a
1116 3806 1146 3843 se
1161 3786 1312 3861 impetrare
1324 3785 1393 3860 quin
1405 3784 1454 3841 bo·
1546 3805 1551 3853 5

250 3868 295 3925 nis
316 3865 387 3923 bene
403 3863 448 3938 sit,
471 3861 539 3938 quia
556 3859 650 3918 bonus
665 3869 709 3918 est
723 3870 751 3919 et
767 3862 911 3921 beneficus
927 3863 1046 3940 imagini
1061 3885 1120 3922 sure
1136 3885 1142 3938 ;
1173 3864 1291 3922 Itanon
1305 3872 1400 3941 potest
1414 3863 1453 3920 sa·

224 3957 229 3967 “
251 3967 323 4019 cere,
340 3945 409 4024 quin
424 3943 507 4000 malis
521 3941 595 3999 male
611 3940 656 4014 sit,
685 3941 753 4017 quia
773 3942 871 4019 justus
887 3965 895 4002 t
916 3951 1001 4020 atque
1017 3964 1050 4001 eo
1061 3945 1163 4020 magis,
1175 3943 1253 4021 quod
1264 3944 1288 4001 si
1303 3944 1374 4021 quid
1387 3942 1454 4001 boui

250 4025 382 4104 rependit
406 4021 552 4083 sanctitati
576 4016 721 4095 creatura,
748 4021 817 4081 facit
838 4021 869 4079 id
891 4043 928 4081 ex
942 4043 1020 4081 mera
1041 4025 1192 4099 liberalite,
1209 4023 1270 4082 sine
1290 4023 1351 4082 ullo
1366 4024 1453 4101 ipsius

251 4106 372 4180 morito;
393 4105 445 4164 sed
466 4105 490 4163 si
504 4102 604 4179 plectit
617 4110 805 4179 peccatoram,
820 4101 916 4161 reddit
929 4103 970 4160 illi
986 4104 1064 4180 quod
1077 4105 1171 4178 debet,
1182 4115 1211 4163 ct
1225 4103 1303 4180 quod
1317 4105 1390 4162 vitio
1404 4123 1454 4162 suo

252 4186 436 4246 commeritus
450 4191 503 4243 est.

246 3049 268 3096 2.
288 3050 311 3094 Α
338 3049 430 3105 pcccati
446 3059 487 3092 nu·

336 3114 393 3151 tura
401 3121 407 3159 ;

555 4261 649 4320 XIX.
672 4261 779 4338 Tertio,
794 4261 879 4339 Lapis
897 4263 1020 4322 Sanctia.
1064 4265 1138 4339 Quia
1153 4263 1216 4322 Lex
1227 4284 1342 4340 poenam
1356 4263 1453 4321 mortis

515 4342 705 4401 comminatur
728 4343 880 4420 peccatori,
897 4345 971 4403 Gen.
986 4343 1016 4402 ii.
1033 4347 1078 4403 17.
1095 4346 1182 4403 Dent.
1197 4344 1289 4402 xxvii.
1306 4347 1354 4402 26.
1371 4344 1452 4401 Ezee.

515 4423 596 4480 xviii.
612 4425 660 4481 20.
676 4424 760 4481 Rom.
777 4423 795 4481 i.
813 4425 858 4499 18,
875 4426 923 4498 32,
940 4431 968 4482 ct
982 4425 1021 4483 vi.
1037 4428 1084 4483 23.
1137 4425 1209 4483 Cum
1232 4443 1301 4482 vero
1320 4425 1401 4482 Deus
1420 4423 1454 4481 sit

251 4523 343 4562 verax
357 4511 386 4560 et
399 4499 513 4559 mentiri
527 4503 649 4576 nescius,
666 4522 783 4562 necesse
797 4511 841 4562 est
855 4512 888 4563 ut
901 4505 1054 4582 impleatur
1067 4504 1192 4578 tandem,
1207 4503 1255 4560 vel
1270 4504 1300 4560 in
1314 4504 1377 4581 ipso
1392 4523 1452 4580 pec·

252 4591 356 4656 catore,
372 4582 421 4639 vel
434 4581 464 4638 in
479 4581 562 4638 vade.
586 4583 706 4640 Frustra
718 4583 861 4659 regeritur
881 4585 1129 4644 comminationem
1145 4585 1224 4642 illam
1238 4603 1302 4642 esse
1315 4583 1452 4662 hypothe-

251 4325 274 4373 ³.
291 4327 314 4372 A
335 4325 407 4383 Legis
426 4338 494 4370 sance

341 4386 407 4429 tione
421 4397 427 4436 ;

252 4662 357 4735 ticam,
372 4679 431 4718 non
453 4659 622 4736 absolutam,
640 4661 670 4718 id
686 4671 738 4738 est,
754 4683 819 4742 quae
834 4665 957 4724 relaxari
972 4664 1063 4742 possit
1077 4665 1170 4741 posita
1181 4663 1359 4741 poenitentia.
1384 4661 1453 4738 Quia
