3108 5198
82 381 186 429 ocssr.
202 359 254 444 ru]
589 378 629 419 ns
643 379 720 420 nuuc
735 379 795 420 nsi.
1257 365 1292 422 13

81 558 101 601 5.
123 557 161 603 Ε,
186 558 333 605 identitate
371 602 377 617 1
395 520 500 580 XVII.
521 519 637 597 Quinto,
654 521 718 579 Lex
738 520 855 582 moralis
869 520 969 582 ecdem
983 529 1029 582 est
1042 523 1139 601 quoad
1159 523 1293 584 substan-

105 615 335 720 ame
352 611 503 741 tuse
516 601 1086 761 teturasruutbttrs
1107 605 1295 763 {tutu

81 761 135 819 Dei
154 769 184 820 et
202 762 343 839 proximi
360 762 528 837 absolvitur,
544 770 647 822 natura
671 770 715 821 est
735 763 847 821 homini
868 765 1016 841 impressa,
1039 772 1101 823 tum
1115 766 1184 842 quia
1198 767 1295 824 omnia

37 899 39 904 .
80 841 142 918 ejus
153 851 309 920 praecepta
321 864 359 904 ex
372 844 480 902 lumine
490 851 599 901 naturae
613 843 793 920 hauriuntur,
809 853 839 902 et
851 844 925 902 nihil
938 845 968 902 in
982 844 1041 903 illis
1051 846 1199 923 reperitur,
1215 845 1294 924 quod

79 922 184 980 ratione
199 941 280 982 sana
294 943 356 983 non
370 923 515 998 doceatur,
530 923 604 980 nihil
617 922 696 1002 quod
710 942 769 981 non
786 923 928 1002 pertineat
942 924 980 983 ad
1001 945 1100 984 omues
1121 935 1223 1004 gentes
1243 947 1297 1004 per

80 1003 172 1059 omnia
186 1003 305 1078 secula,
321 1003 397 1062 nihil
411 1003 489 1080 quod
509 1023 568 1062 nou
588 1003 626 1062 sit
644 1005 838 1062 necessarium
859 1012 969 1064 naturae
992 1005 1125 1064 humanae
1147 1006 1186 1064 ed
1206 1006 1294 1065 finem

79 1101 159 1140 suum
173 1085 408 1160 assequendum.
451 1083 531 1160 Ergo
545 1083 632 1142 debet
645 1103 709 1142 esse
726 1085 802 1162 juris
820 1085 960 1162 perpetui,
980 1087 1049 1164 quia
1067 1094 1169 1145 natura
1187 1087 1294 1145 ration-

79 1161 129 1220 alis
149 1181 273 1240 semper
294 1165 397 1223 eadem
412 1170 456 1222 est
469 1171 500 1222 et
520 1163 576 1222 sibi
596 1163 717 1240 similis;
740 1163 826 1224 Unde
840 1165 920 1243 quod
941 1185 975 1224 ea
997 1166 1099 1226 nititur
1119 1186 1177 1225 non
1199 1176 1295 1244 potest

78 1259 133 1299 non
153 1261 221 1302 esse
243 1244 317 1303 tale.
361 1244 424 1302 Nec
449 1243 547 1321 siper
570 1251 721 1321 paccatum
744 1245 869 1304 hominis
890 1253 993 1304 natura
1013 1246 1161 1306 rationalis
1185 1255 1296 1306 mutata

78 1331 120 1380 est
133 1321 164 1380 in
179 1333 323 1384 concreto
339 1332 370 1385 et
384 1323 554 1401 subjective,
571 1324 635 1382 Lex
648 1332 760 1383 mutata
773 1325 871 1384 statim
884 1324 939 1384 luit
952 1326 983 1384 in
996 1326 1141 1386 abstracto
1155 1335 1185 1388 et
1198 1327 1295 1406 objec-

79 1401 147 1460 tive.
1279 1441 1281 1447 ,

394 1482 521 1543 XVIII.
555 1483 619 1542 Lex
646 1483 787 1544 naturalis
814 1503 872 1542 non
899 1495 995 1562 potest
1022 1487 1080 1546 dici
1106 1494 1218 1546 mutata
1244 1507 1298 1564 per

115 1546 299 1652 Pontmplu·
351 1564 499 1641 Amorum
513 1563 681 1639 dicaea'oaem,
700 1571 730 1622 et
749 1564 952 1642 proprietatem
973 1567 1187 1644 possessionum
1202 1575 1231 1626 et
1244 1567 1296 1627 ho-

256 1639 264 1654 ’
353 1663 457 1702 norum
471 1643 664 1703 introductam
678 1663 730 1720 per
739 1645 789 1722 jus
800 1645 949 1722 gentium:
972 1647 1046 1720 Quia
1059 1649 1140 1706 nulla
1152 1648 1202 1706 lex
1213 1656 1296 1707 natu-

80 1719 145 1778 ralis
158 1720 311 1782 bonorum
326 1723 563 1783 communitatem
576 1723 715 1802 praecipit,
731 1724 780 1783 vel
800 1725 1013 1784 distinctionem
1029 1747 1128 1786 eorum
1149 1727 1299 1804 prohibet;

83 1799 119 1858 Et
132 1801 158 1860 si
171 1802 211 1860 ab
233 1803 324 1862 initio
339 1804 438 1864 omnia
458 1804 621 1863 communia
643 1803 733 1862 fluisse
754 1803 897 1880 dicuntur,
919 1807 975 1864 hoc
997 1806 1218 1883 intelligendum
1239 1825 1297 1865 non

81 1891 140 1936 tam
159 1884 295 1958 ρωίιέυε,
321 1883 406 1962 quasi
422 1885 502 1943 Deus
521 1884 617 1962 legem
638 1883 767 1960 aliquam
788 1883 933 1942 sanxisset
952 1893 985 1943 ut
1007 1895 1104 1944 essent
1126 1886 1297 1961 communie,

82 1978 167 2034 quam
180 1963 325 2040 mariue,
338 1963 408 2042 quia
421 1963 494 2022 nihil
505 1963 540 2022 de
552 1983 586 2022 eo
597 1983 734 2041 expresse
746 1963 887 2022 sancitum
902 1963 1002 2039 fuerat,
1018 1964 1160 2041 quietum
1169 1965 1298 2025 nondum

82 2057 198 2100 necesse
213 2043 276 2102 fuit
287 2065 295 2118 ς
319 2044 372 2102 sed
381 2051 483 2122 postea
494 2043 573 2120 juste
584 2043 700 2102 invecta
711 2043 765 2102 fuit
775 2043 917 2102 honorum
928 2043 1075 2104 distinctio
1086 2053 1115 2105 et
1128 2046 1297 2123 proprietas,

85 2119 146 2178 Deo
167 2121 236 2200 ipso
261 2125 393 2200 authore,
416 2123 454 2182 ad
475 2122 651 2182 dirimendas
672 2123 748 2198 lites,
772 2123 809 2181 ad
831 2125 984 2182 arcendam
999 2125 1059 2183 vim
1080 2133 1239 2196 externam,
1261 2126 1299 2186 ad

83 2203 286 2274 praeshmdam
310 2204 512 2264 certitudinem
539 2202 740 2262 haereditatum
765 2211 794 2262 et
816 2202 983 2263 discrimina
1005 2205 1212 2281 conditionum,
1237 2206 1300 2266 sine

84 2279 188 2356 thus
202 2283 337 2342 societas
349 2283 477 2342 humana
491 2291 566 2342 stare
580 2302 639 2341 non
651 2289 759 2360 posset.

123 2360 228 2421 XIX.
257 2363 319 2423 Nec
336 2383 387 2441 per
405 2364 568 2423 servitutum
589 2363 840 2436 manducationem
862 2383 928 2423 eum
949 2371 1034 2424 antea
1059 2366 1138 2444 Lege
1160 2365 1299 2444 primaeva

86 2459 187 2500 omnes
209 2443 298 2502 liberi
320 2451 426 2502 essent.
468 2442 543 2517 Quia
564 2463 623 2500 uon
645 2443 728 2502 aliter
747 2443 841 2519 liberi,
857 2463 944 2521 quam
957 2454 1100 2524 quatenus
1114 2446 1200 2524 culpa
1213 2467 1297 2505 vaca·

86 2519 167 2595 hant,
191 2523 252 2580 hac
276 2531 373 2582 autem
398 2522 571 2599 introducta,
598 2522 723 2582 servitus
745 2523 838 2583 omnis
862 2523 985 2602 invasit5
1019 2526 1075 2599 Qui
1096 2527 1173 2585 euim
1197 2527 1300 2585 eliense

86 2597 219 2661 libertati
239 2601 400 2678 insidiatur,
421 2603 523 2661 merito
542 2601 652 2660 excidit
671 2622 731 2662 sua.
773 2603 835 2662 Neo
856 2603 882 2662 si
903 2604 966 2663 Lex
987 2613 1096 2665 naturae
1117 2606 1186 2666 facit
1200 2625 1300 2665 omnes

87 2677 223 2742 homines
244 2701 331 2760 pares
344 2683 456 2742 ratione
476 2689 595 2757 naturae,
620 2682 750 2759 sequitur
770 2703 854 2761 pares
875 2703 938 2743 esse
960 2685 1070 2744 ratione
1085 2685 1257 2763 qualitatum
1271 2694 1301 2744 et

90 2761 269 2821 conditionis
294 2771 431 2821 extemae.
474 2762 535 2821 Nec
558 2782 611 2839 per
631 2763 877 2839 Proeecraptioncm
901 2773 931 2823 et
957 2766 1168 2842 Usueapienrm,
1194 2767 1301 2842 quibus

90 2840 201 2902 scilicet
215 2842 324 2920 aliquis
338 2842 457 2901 sortitur
471 2841 630 2901 dominium
643 2842 674 2900 in
687 2861 748 2902 rem
762 2843 897 2921 aliquem,
913 2844 938 2903 si
953 2845 1087 2905 dominus
1100 2846 1177 2904 intra
1189 2855 1301 2905 certum

91 2921 230 3000 temporis
244 2922 372 2999 spatium
386 2941 450 2981 eam
467 2941 526 2980 non
543 2921 707 3000 repetierit3
733 2921 809 2998 Quia
828 2943 886 2982 non
905 2923 1040 3000 efficiunt,
1056 2933 1089 2983 ut
1109 2925 1235 2984 alienum
1256 2925 1301 2982 in-

91 2999 149 3059 rito
163 3003 288 3062 domino
302 3002 468 3078 retineatur,
484 3002 564 3079 quod
583 3011 726 3080 repugnet
746 3003 875 3079 aequitati
895 3003 1039 3062 naturali:
1062 3002 1120 3062 Sed
1142 3011 1254 3061 tantum
1269 3011 1302 3062 ut

94 3082 168 3156 qnod
189 3091 280 3142 antea
300 3081 427 3140 alianum
448 3091 518 3156 erat,
538 3081 590 3140 ubi
611 3102 663 3160 pro
678 3082 816 3140 derelicto
836 3082 960 3140 habetur
973 3102 992 3139 a
1009 3081 1098 3160 priori
1119 3081 1244 3157 domino,
1260 3084 1302 3140 al-

94 3161 179 3222 terius
204 3162 258 3221 liat
282 3161 449 3240 proprium
478 3179 546 3219 nem
571 3161 641 3221 licet
663 3181 799 3240 expresse
827 3180 878 3238 per
899 3169 1016 3239 pactum
1040 3161 1089 3220 vel
1116 3159 1301 3221 donationem

95 3238 228 3302 dominus
249 3243 301 3318 jus
322 3241 448 3319 depositi
468 3261 526 3300 non
546 3241 726 3300 transtulerit
749 3241 780 3298 in
803 3242 1025 3319 Depositarium,
1046 3241 1185 3319 implicite
1205 3249 1301 3302 temen
1417 3309 1422 3316 ¹

96 3331 228 3380 censetur
241 3322 435 3397 transtulisse,
457 3321 526 3398 quia
547 3321 620 3381 illud
641 3321 766 3398 negligit
784 3330 815 3381 et
827 3321 943 3381 deserit.
985 3321 1046 3380 Nec
1060 3342 1111 3399 per
1124 3325 1303 3382 recentiorum

92 3403 188 3476 gladii,
205 3421 295 3478 quem
310 3401 444 3460 dominus
458 3401 583 3460 furiosus
596 3403 701 3479 repetit
715 3401 753 3459 ad
773 3401 977 3477 homicidium;
1000 3401 1075 3476 Quia
1090 3422 1149 3460 non
1162 3403 1305 3463 retinetur

95 3489 123 3539 ut
133 3483 298 3559 proprietas
312 3481 376 3558 ejus
386 3481 534 3540 auferatur
545 3481 676 3558 legitimo
687 3481 804 3541 domino
815 3492 845 3541 et
858 3482 931 3541 lucri
945 3481 1068 3542 faciendi
1082 3483 1184 3560 gratia,
1200 3483 1251 3542 sed
1265 3483 1303 3541 ad

93 3561 316 3636 precavendum
338 3561 537 3628 homicidium,
559 3561 639 3638 quod
657 3561 724 3638 jure
745 3562 869 3621 naturali
891 3569 1006 3620 tenetur
1026 3563 1149 3640 quisque
1162 3571 1302 3641 quantum

93 3650 187 3716 potest
207 3641 359 3718 impedire,
382 3641 451 3717 quia
471 3641 521 3718 qui
541 3661 601 3700 non
620 3640 742 3718 impedit
760 3643 867 3700 malum
889 3661 978 3719 quum
998 3649 1102 3720 potest,
1124 3651 1183 3701 tam
1206 3653 1251 3702 est
1271 3641 1303 3700 in

94 3721 185 3798 eulpa,
201 3741 290 3798 quam
303 3721 355 3798 qui
370 3719 449 3779 facit.
490 3720 579 3779 Adde
593 3720 672 3798 quod
685 3741 743 3780 non
758 3741 872 3799 aequum
886 3729 939 3798 est,
954 3729 988 3782 ut
1001 3721 1039 3782 sit
1051 3721 1194 3782 Dominus
1207 3741 1301 3781 rerum

94 3819 219 3876 suarum,
236 3801 358 3878 quinon
374 3809 419 3859 est
433 3801 576 3860 Dominus
591 3801 749 3878 suiipsius.

133 3879 212 3938 XX.
243 3881 326 3939 Deus
345 3900 404 3938 nen
427 3879 607 3958 dispensavit
629 3880 665 3940 de
690 3881 816 3941 secundo
840 3888 992 3960 praecepto,
1018 3895 1108 3959 quum
1145 3879 1217 3940 ussit
1240 3879 1303 3938 fieri

95 3957 276 4019 Cherubinos
289 3979 379 4036 supra
392 3959 636 4037 Propitiatonum,
652 3967 681 4019 et
697 3961 865 4039 Serpentem
880 3981 1000 4021 aeneum.
1036 3961 1111 4036 Quia
1123 3903 1225 4038 llgurae
1239 3960 1303 4019 istas

94 4057 153 4096 non
166 4049 248 4100 erant
261 4041 398 4116 esaum
413 4043 580 4116 pereoctalca
598 4041 735 4116 reliqiosoe
753 4041 995 4119 repraesentativae
1010 4041 1133 4118 alicujus
1153 4041 1302 4118 suppositi,

96 4118 176 4176 nulla
194 4121 302 4198 quippe
324 4129 386 4179 erat
407 4120 567 4179 similitudo
587 4127 697 4179 naturae
721 4120 797 4180 inter
819 4121 998 4181 Cherubinos
1018 4129 1047 4180 et
1064 4120 1205 4198 Angelos,
1229 4121 1304 4180 inter

100 4197 264 4276 Serpentem
279 4219 393 4258 aeneum
404 4207 434 4258 et
444 4199 600 4276 Christum,
616 4200 668 4259 sed
682 4208 764 4259 erant
777 4209 890 4261 tantum
903 4201 1058 4278 symbolice
1069 4209 1098 4259 et
1112 4201 1306 4260 ernblcmatieoe

100 4277 134 4336 ad
152 4279 384 4340 adumbrandum
404 4279 529 4340 officium
544 4288 573 4340 et
589 4279 752 4358 qualitates,
774 4301 828 4356 neo
849 4281 951 4340 haberi
971 4280 1116 4340 debebant
1135 4301 1188 4359 pro
1202 4283 1304 4355 objecto

101 4361 140 4414 eal
155 4360 246 4419 medio
259 4363 359 4436 cadere
381 4379 441 4437 quo
461 4379 548 4419 sensu
570 4360 760 4437 prohibentur
781 4361 931 4438 imagines,
954 4361 1005 4420 sed
1026 4369 1138 4420 tantum
1160 4381 1212 4438 pro
1226 4359 1306 4433 aiyno

101 4455 182 4514 sacro,
197 4459 258 4518 quo
274 4439 356 4498 Deus
376 4439 548 4516 mysterium
569 4439 688 4517 aliquod
708 4440 793 4500 uobis
807 4441 977 4500 adumbrare
991 4441 1095 4499 voluit.
1138 4439 1220 4496 Licet
1234 4456 1305 4512 ergo

99 4520 285 4594 pertinuerint
310 4519 349 4578 ad
375 4519 430 4578 reli
454 4519 556 4594 onem,
582 4539 640 4578 non
664 4529 746 4579 erant
772 4529 924 4598 propterea
946 4521 1060 4598 objecta
1084 4515 1233 4594 religionis
1257 4515 1306 4572 vel

98 4599 195 4661 cultus.
239 4597 326 4660 Idem
341 4599 426 4659 dicen
448 4620 496 4658 um
511 4599 547 4658 de
562 4608 694 4678 serpente
709 4619 798 4675 aeneo,
814 4601 864 4678 qui
878 4601 932 4660 fuit
946 4600 1062 4679 quidem
1074 4595 1238 4672 symbolum
1255 4613 1307 4658 seu

97 4688 176 4762 typus
191 4681 313 4755 Christi,
330 4679 382 4740 sed
396 4699 455 4738 non
470 4680 581 4757 Imago.
