3146 5210
154 391 270 442 asnar.
287 369 388 455 svau]
500 393 539 432 nu
554 393 670 436 osrrcro
685 395 803 436 cumsrr
818 394 1012 438 rrnnmromo.
1304 385 1360 440 437

195 536 255 594 XI.
279 536 377 614 Atque
392 535 458 594 hinc
472 555 530 594 non
545 537 665 596 obscure
680 538 835 616 colligitur,
853 538 929 612 Quid
943 539 1127 598 statuendum
1142 539 1180 597 sit
1194 539 1230 597 dc
1246 539 1360 600 Adora-

154 617 234 675 tione
250 617 364 676 Christo
379 616 476 675 debita
495 626 524 676 et
546 617 582 676 de
608 617 773 692 Quaestione
796 619 903 677 celebri
925 619 1002 676 circa
1024 619 1103 676 illam
1118 627 1205 677 mota.
1249 621 1323 678 Nam
1337 621 1361 679 si

153 697 296 774 particula
310 698 366 756 ista
381 697 487 756 limitat
508 697 670 774 subjectum
691 699 788 775 quoad
808 699 1027 757 fundamentum
1042 708 1072 757 et
1086 699 1239 757 torminum
1254 701 1359 776 cultus,

154 778 339 836 strationem
354 776 502 836 formalem
525 787 554 836 ct
576 779 728 855 propriam,
744 799 802 855 qua
824 779 1011 837 adorabilitas
1036 780 1172 855 competit
1196 779 1360 855 Mediatori,

154 867 232 915 recte
247 857 352 917 dicitur
364 857 509 916 Christum
521 877 578 934 qua
591 858 782 917 Mediatorem
793 879 851 916 non
863 879 925 916 csse
941 859 1128 934 adorandum,
1139 859 1208 936 quia
1220 860 1361 918 Mediatio

154 937 262 996 Christi
275 957 333 995 non
347 936 450 996 fundat
463 947 493 996 ct
506 939 641 997 terminat
654 939 755 998 ultimo
771 939 966 997 adorationem
981 947 1118 1012 nostram,
1134 939 1185 998 scd
1200 939 1262 998 sola
1277 939 1360 998 Divi-

153 1019 237 1091 nitas,
250 1037 315 1094 qnae
326 1017 395 1076 facit
404 1025 437 1075 ut
449 1019 576 1077 Persona
585 1019 741 1099 &ortgrimo
752 1019 789 1077 sit
800 1017 964 1077 adorabilis.
994 1019 1052 1077 Sed
1064 1020 1089 1077 si
1097 1019 1198 1078 cadem
1210 1020 1359 1096 particula,

152 1105 257 1155 utnon
272 1117 337 1155 raro
350 1097 413 1155 fieri
437 1099 519 1174 solet,
534 1099 651 1176 ponitur
673 1099 710 1157 ad
732 1098 952 1176 specificandam
973 1119 1122 1176 personam
1137 1119 1202 1176 quse
1217 1099 1360 1176 adoratur,

155 1177 203 1234 vel
218 1177 387 1236 indicandas
401 1178 527 1238 rationes
541 1189 570 1238 et
584 1179 701 1255 motiva,
717 1180 822 1256 quibus
837 1179 1012 1256 impellimur
1025 1179 1063 1236 ad
1078 1181 1140 1257 ejus
1155 1180 1361 1255 adorationem,

155 1276 214 1314 non
228 1264 323 1333 potest
337 1257 437 1335 negari
453 1259 598 1318 Christum
613 1260 668 1318 hoc
682 1269 814 1337 respectu
826 1279 883 1336 qua
895 1259 1085 1317 Mediatorcm
1097 1279 1160 1318 csse
1172 1260 1360 1335 adorandum,

155 1338 225 1413 qnia
239 1346 268 1396 et
284 1339 411 1396 Persona
425 1338 568 1413 adoratur,
584 1347 614 1398 ct
628 1341 737 1398 motiva
751 1340 832 1396 varia
846 1347 983 1416 petuntur
997 1339 1033 1396 ad
1049 1341 1112 1416 ejus
1124 1340 1232 1398 cultum
1247 1341 1284 1398 ab
1299 1341 1363 1417 ipsa

157 1417 343 1492 Mediatione,
359 1425 389 1476 et
412 1418 453 1476 ita
475 1419 664 1496 intelligenda
687 1429 754 1478 sunt
771 1420 844 1493 loca,
861 1437 925 1495 quae
948 1418 1107 1478 afferuntur
1128 1439 1179 1496 pro
1195 1419 1362 1479 adoratione

157 1497 335 1556 Mediatoris.

198 1577 276 1635 XII.
299 1578 379 1636 Nihil
393 1597 462 1636 vero
477 1578 544 1636 inde
566 1579 693 1656 presidii
717 1579 862 1638 Sociniani
885 1578 990 1636 habere
1006 1587 1126 1654 possunt
1140 1579 1178 1636 ad
1192 1599 1360 1656 oppugnan-

155 1657 223 1716 dam
239 1667 374 1716 aetcrnam
390 1657 498 1716 Christi
513 1659 666 1734 Dcitatcm,
682 1679 720 1718 cx
734 1680 768 1717 co
790 1658 906 1736 quodsi
922 1657 1058 1716 adoratur
1071 1678 1129 1735 qua
1144 1659 1296 1734 Mediator,
1313 1660 1362 1718 dc·

158 1737 225 1796 beat
238 1738 419 1815 adorarique
430 1740 524 1813 homo,
547 1759 612 1796 cnm
623 1740 787 1799 humanitas
807 1739 971 1796 includatur
981 1739 1010 1795 in
1026 1747 1166 1814 conceptu
1182 1738 1361 1798 Mediatoris.

159 1816 233 1890 Quia
246 1817 314 1876 licet
329 1827 399 1876 totus
414 1818 559 1878 Mediator
573 1827 602 1878 et
623 1819 778 1900 Melpum
799 1820 837 1877 sit
850 1818 1022 1892 adorandus,
1040 1818 1078 1876 id.
1102 1819 1230 1877 Persona
1245 1819 1361 1894 Christi,

159 1915 224 1972 quac
240 1905 283 1956 ast
296 1897 403 1974 divina,
419 1908 449 1957 et
462 1919 513 1976 per
524 1919 703 1976 consequens
714 1899 869 1958 adorabilis
881 1921 888 1974 3
910 1905 1074 1956 nontamen
1086 1899 1183 1957 statim
1198 1909 1283 1958 toturn
1299 1900 1362 1957 Mc·

160 1975 288 2050 dictoris,
304 1997 352 2036 seu
374 1978 512 2055 quicquid
532 1980 694 2056 ingreditur
714 1979 949 2038 constitutionem
973 1979 1107 2036 Personae
1129 1978 1308 2054 Mediatoris,
1331 1987 1364 2038 ut

160 2057 198 2115 sit
212 2057 355 2134 objectum
369 2058 488 2117 formala
503 2060 607 2118 cultus.
651 2059 762 2118 Sufficit
778 2078 837 2116 non
851 2077 936 2135 posse
950 2058 1062 2135 concipi
1078 2058 1277 2134 Mediatorem,
1293 2059 1363 2135 quin

160 2135 241 2195 Dens
255 2157 318 2196 esse
333 2146 493 2198 statuatur:
516 2139 615 2216 Atque
629 2139 670 2198 ita
694 2148 806 2199 tontum
823 2138 914 2212 abest,
929 2145 962 2195 ut
976 2137 1075 2214 colligi
1090 2139 1190 2215 possit,
1206 2159 1264 2197 non
1278 2159 1364 2216 possa

159 2216 266 2275 Christi
278 2216 466 2278 Divinitatcm
478 2239 516 2277 cx
527 2220 591 2296 ejus
602 2219 768 2279 adoratione
779 2218 902 2297 prohari,
915 2217 983 2294 quia
994 2217 1130 2276 adoratur
1140 2237 1197 2295 qua
1209 2218 1362 2293 Mediator,

158 2305 300 2355 utcontra
313 2317 351 2356 ex
365 2317 400 2358 so
413 2299 576 2358 necessario
585 2299 815 2359 concludendum
830 2299 869 2358 sit
882 2317 948 2356 eum
963 2317 1026 2356 asse
1042 2299 1152 2374 Deum;
1168 2299 1236 2375 quia
1251 2298 1363 2357 Media·

158 2384 204 2435 tor
217 2397 275 2435 non
289 2386 385 2454 potest
398 2398 470 2455 esse,
486 2381 555 2457 quin
571 2380 609 2439 sit
624 2380 712 2455 Deus,
725 2389 755 2439 et
765 2397 870 2438 nomen
884 2397 918 2436 ac
932 2386 1089 2455 concaptus
1104 2377 1283 2453 Mediatoris,
1300 2379 1364 2456 ejus

160 2456 304 2517 Dcitatern
339 2467 416 2518 onst.

198 2536 294 2596 XIII.
317 2479 382 2598 lion
406 2546 501 2618 potest
525 2541 625 2618 negari
650 2540 796 2601 Christum
815 2559 879 2599 assa
893 2537 1071 2598 adorandum
1091 2560 1149 2617 qua
1162 2537 1365 2614 Mediatorcm,

156 2617 235 2695 quod
255 2618 310 2677 hoc
321 2629 453 2697 respectu
468 2621 506 2680 sit
518 2622 613 2680 minor
624 2621 719 2680 Patre.
770 2619 845 2695 Quia
869 2641 906 2679 ex
930 2619 981 2677 illa
999 2620 1162 2679 minoritate
1187 2620 1365 2679 mconomiaa

158 2697 255 2775 quoad
278 2699 386 2759 Munus
409 2709 438 2759 st
459 2702 594 2778 Corporis
613 2701 848 2777 assumptionem,
879 2700 953 2757 nihil
975 2699 1100 2757 decessit
1119 2699 1183 2776 ejus
1200 2700 1317 2774 Deitati,
1337 2710 1366 2756 et

159 2778 355 2838 adorabilitati
365 2781 520 2840 essentiali.
563 2781 638 2840 Nam
673 2781 698 2840 si
722 2781 815 2840 factas
839 2789 884 2838 est
903 2779 988 2838 nobis
1007 2778 1130 2855 ipsulm
1153 2787 1286 2855 respectu
1306 2799 1365 2837 succ

161 2858 281 2931 Carnis;
312 2861 419 2920 mansit
432 2881 545 2940 semper
566 2860 689 2937 ὅμωὺηος
705 2861 785 2919 Patri
798 2867 930 2937 respectu
952 2877 1012 2918 suae
1034 2858 1213 2917 Divinitatis.

201 2937 291 2997 XIV.
335 2939 427 3000 Aliud
450 2949 494 3001 cst
521 2943 654 3018 objectum
672 2944 799 3018 formale
823 2939 1007 3012 αᾱοναίἰοηίε,
1036 2937 1115 3016 quod
1139 2938 1170 2996 in
1184 2957 1215 2996 se
1237 2938 1366 2996 continet

162 3017 225 3094 ejus
240 3039 363 3095 causam,
380 3020 473 3080 Aliud
487 3023 619 3098 olp'ectam
633 3021 870 3094 coaeidmatioarir,
894 3023 978 3096 cujus
1005 3019 1078 3077 ratio
1093 3017 1225 3095 quaedam
1244 3017 1367 3076 hebetur

162 3097 193 3154 in
211 3098 386 3160 adoratione.
429 3101 576 3161 Divinitas
598 3110 643 3161 est
663 3102 795 3180 primum,
822 3099 873 3158 scd
903 3099 1078 3157 Humanitas
1101 3097 1269 3157 secundum.
1305 3097 1366 3156 Nec

161 3176 186 3236 si
204 3188 386 3240 cantantum
409 3181 493 3241 detur
513 3181 642 3243 adoratio
658 3182 791 3241 Personas
805 3179 967 3261 θωράκων,
981 3187 1133 3256 propterea
1153 3176 1367 3236 confunduntur

161 3259 209 3317 vel
231 3269 417 3337 coaequantur
442 3262 568 3322 Natura.
614 3263 688 3320 Nam
713 3271 746 3321 ut
775 3261 853 3321 Unio
880 3279 938 3318 non
966 3258 1116 3318 confundit
1143 3257 1277 3332 Naturas,
1313 3277 1367 3316 nec

161 3347 327 3400 naturarum
348 3341 487 3400 honorem
511 3351 541 3401 et
565 3342 687 3419 gloriam
715 3343 745 3400 in
768 3361 827 3400 una
848 3340 956 3399 Christi
984 3339 1130 3414 Persona3
1164 3337 1210 3396 Ita
1225 3337 1367 3396 Adoratio

162 3437 221 3477 non
242 3422 336 3498 magis
351 3421 501 3482 confundit
524 3430 651 3497 naturas,
668 3430 697 3482 at
710 3422 848 3480 honorem
869 3420 928 3480 illis
949 3419 1087 3494 debiturn,
1109 3438 1196 3496 qnam
1217 3417 1298 3492 fides,
1315 3417 1367 3475 scd

161 3507 194 3557 ut
215 3501 332 3578 respicit
353 3501 500 3560 Christum
513 3511 546 3560 ut
561 3503 655 3560 Deum
670 3511 699 3561 et
714 3503 871 3560 Hominem
892 3500 1028 3560 distincte
1042 3500 1073 3557 in
1087 3519 1145 3558 una
1160 3496 1296 3573 Persona,
1327 3498 1368 3556 ita

160 3579 262 3640 tribuit
282 3581 325 3639 illi
345 3582 504 3641 secundum
525 3590 677 3659 utramque
701 3591 841 3655 naturam,
864 3581 943 3658 quod
956 3581 999 3638 illi
1014 3580 1159 3657 competit.

202 3659 275 3720 XV.
298 3661 381 3722 Licet
395 3662 506 3721 Natura
523 3662 650 3721 humana
664 3682 715 3721 seu
734 3662 807 3720 Caro
829 3661 937 3721 Christi
957 3680 1015 3720 non
1039 3660 1174 3719 adoretur
1194 3661 1250 3717 ω’
1275 3661 1367 3733 ἑαυτὸν,

158 3760 214 3815 per
224 3741 353 3818 sapsam,
363 3763 417 3802 nec
431 3739 564 3817 Minoris,
577 3751 698 3819 propter
710 3763 747 3815 aa,
764 3743 912 3818 quiscum
927 3741 964 3799 sit
980 3741 1124 3814 Creatura
1140 3759 1198 3798 non
1215 3747 1259 3798 cst
1272 3758 1324 3815 per
1338 3757 1369 3796 se

165 3839 215 3877 seu
229 3828 332 3880 natura
346 3841 398 3881 sua
412 3823 576 3897 adorabilis,
594 3821 658 3900 (ss,
670 3827 698 3882 τὶ
711 3827 810 3880 arants
824 3825 851 3880 οὐ
870 3826 1038 3901 argonensis,
1054 3820 1149 3897 inquit
1178 3818 1370 3896 Epiphanius,

164 3899 234 3956 nihil
246 3911 370 3959 neotum
384 3904 580 3962 octodorabile
591 3903 613 3982 ;)
644 3905 733 3961 Recte
746 3916 842 3961 tamen
857 3901 963 3960 dicitur
976 3901 1089 3958 adorari
1103 3900 1133 3956 in
1148 3897 1230 3973 hipp,
1243 3915 1367 3973 quocum

164 3980 353 4054 personaliter
367 3989 411 4040 est
424 3984 514 4058 unita,
529 3992 562 4042 ut
576 3983 715 4041 terminus
739 3983 889 4040 nltimatus
903 3979 1078 4039 adorationis
1092 3997 1150 4034 non
1166 3978 1203 4034 sit
1218 3976 1300 4050 Caro,
1317 3975 1370 4033 sed

167 4055 276 4133 Deitas,
292 4079 356 4136 quac
371 4081 429 4119 non
441 4063 533 4121 solum
548 4071 593 4122 est
606 4063 753 4140 proprium
776 4063 920 4139 objectum
936 4057 1120 4126 adorationis,
1137 4055 1285 4113 sedetiam
1301 4073 1370 4112 vero

166 4143 196 4194 ct
216 4139 331 4215 propria
355 4141 418 4217 ejus
432 4161 527 4218 causa,
542 4151 604 4202 turn
625 4143 735 4201 ratione
752 4147 871 4223 ὑπιςοχῦς
886 4147 915 4198 et
936 4136 1100 4214 Majcstatis
1114 4134 1242 4209 infinitae,
1259 4133 1305 4192 cui
1318 4153 1371 4211 par

166 4235 198 4274 se
219 4216 349 4279 adoratio
369 4220 498 4296 debetur,
524 4231 586 4281 tum
614 4223 682 4299 quia
703 4223 796 4280 omnis
816 4219 942 4280 efficacia
970 4215 1165 4288 Mediationis,
1195 4223 1261 4273 utut
1292 4233 1371 4271 oom-

166 4298 263 4355 mnnis
288 4298 326 4356 sit
346 4300 460 4376 utrique
475 4311 592 4375 naturae,
609 4303 645 4361 ab
660 4321 693 4360 ea
703 4303 818 4379 proprie
833 4308 861 4358 et
876 4296 1054 4374 originaliter
1065 4303 1172 4353 manat.
1367 4371 1373 4386 .

206 4377 297 4436 XVI.
322 4379 353 4436 Si
367 4380 531 4456 quidamsx
546 4381 660 4442 Nostris
675 4382 819 4455 dixerunt,
835 4378 1049 4438 Humanitotcnr
1062 4395 1110 4433 seu
1127 4375 1249 4434 Curarem
1266 4372 1372 4432 Christe

165 4477 222 4516 esse
236 4460 431 4534 meabilem
451 4481 510 4518 non
526 4481 561 4520 co
575 4481 662 4520 sensu
676 4461 851 4538 intelligunt,
867 4458 949 4536 quasi
964 4464 1041 4515 esset
1054 4455 1199 4532 proprium
1215 4453 1370 4530 objectum,

164 4537 244 4615 qnod
258 4539 289 4596 in
312 4559 342 4597 sc
358 4549 386 4597 et
400 4558 451 4617 per
479 4559 510 4599 se
532 4543 698 4601 terminaret
712 4541 929 4612 adorationem
961 4536 1018 4595 Sed
1044 4535 1211 4613 simpliciter
1230 4541 1373 4610 quatenns

163 4626 209 4677 est
225 4619 304 4678 Caro
324 4619 414 4695 Verbi,
431 4640 496 4697 quse
509 4621 540 4678 in
553 4621 653 4680 Verbo
668 4631 698 4680 ct
718 4641 783 4680 cnm
797 4620 897 4679 Verbo
920 4617 1063 4692 adoratur,
1082 4625 1115 4675 ut
1128 4615 1249 4674 innuant
1263 4611 1373 4671 cultum

164 4700 215 4777 qni
231 4699 347 4760 Christo
361 4699 448 4760 debet
462 4702 600 4778 praestari,
616 4723 673 4762 non
688 4700 907 4779 discerpendum
923 4717 986 4758 esse
1001 4698 1031 4756 in
1045 4697 1140 4756 sarias
1155 4693 1273 4773 species,
1289 4699 1374 4771 prout
