3186 5210
128 387 241 440 ausser.
256 368 336 451 xva]
577 389 616 430 ne
631 388 801 430 vocsnrose
817 389 853 429 nr
869 389 947 430 eron.
1280 376 1339 434 525

128 532 170 591 ite
184 542 216 590 ut
231 551 284 590 nec
299 531 345 589 vis
359 530 459 589 mortIs
471 539 500 588 et
514 531 666 608 sepulchri,
682 550 746 607 quae
768 551 844 608 saepe
858 551 909 607 per
923 537 977 586 atta
997 539 1074 592 1111,
1093 532 1240 610 designari
1255 531 1336 607 solet,

131 613 189 670 Isa.
206 611 332 670 xxxviii.
350 613 396 684 10,
413 620 441 669 11
466 612 484 669 J
489 611 534 670 ob.
551 611 675 669 xxxviii.
693 615 739 685 17,
755 631 805 669 eos
820 611 947 669 detinere
968 620 998 670 et
1018 612 1137 688 perdere
1151 615 1256 686 valeat,
1272 614 1340 690 quia

132 693 184 769 qui
199 691 292 750 credit
313 691 428 749 transiit
455 691 490 748 de
511 701 603 748 morte
625 690 663 748 ad
683 691 781 766 vitam,
805 691 875 750 Joh.
896 711 925 748 v.
942 695 989 765 24,
1006 701 1035 750 et
1056 701 1133 751 certo
1156 693 1341 751 suscitandus

130 772 234 830 ultImo
246 771 301 845 die,
317 771 338 829 J
341 771 387 828 oh.
413 772 451 828 vi.
467 774 515 829 40.
559 770 620 828 Nec
642 770 790 828 molimina
806 771 928 844 Satrium,
944 771 993 848 qui
1014 773 1151 849 Princeps
1173 782 1217 831 est
1230 772 1339 846 mundi,

130 861 160 910 et
175 851 270 928 quiin
286 851 337 909 illo
352 851 502 926 imperium
517 870 601 910 suum
616 859 740 922 exercet,
756 859 788 908 ut
802 851 872 910 olim
888 850 1038 928 Principes
1059 853 1088 908 iu
1104 852 1199 911 Portis
1215 853 1340 912 Urbium

130 931 280 1006 sedebant,
295 940 325 989 et
339 930 380 988 ibi
390 933 441 1007 jus
455 930 599 1006 dicebaut,
614 931 800 1007 prsevalitura
814 931 873 988 sint
893 931 1033 989 adversus
1047 931 1134 1008 ipsos.
1177 933 1341 990 Innumerae

130 1019 199 1070 sunt
214 1011 377 1070 istiusmodi
393 1010 604 1087 promissiones,
628 1030 692 1087 quae
714 1011 875 1069 custodiam
898 1011 962 1082 Dei,
979 1020 1008 1069 ct
1031 1012 1274 1088 perseverantiam
1288 1013 1339 1070 bo·

130 1091 202 1148 mini
225 1091 305 1148 fideli
323 1091 503 1167 pollicentur,
528 1099 560 1148 ut
585 1090 680 1148 lCor.
703 1089 723 1146 i.
739 1093 766 1165 9,
790 1100 820 1148 et
838 1110 867 1148 x.
885 1093 930 1166 13,
954 1091 1029 1149 Phil.
1052 1093 1071 1150 i.
1095 1094 1122 1167 6,
1151 1094 1165 1148 1
1187 1092 1288 1150 Thess.
1310 1112 1340 1150 v.

130 1175 178 1245 23,
206 1173 254 1245 21,
284 1179 313 1228 et
328 1175 363 1228 2⁰
377 1169 417 1228 111.
433 1174 461 1245 3,
499 1170 591 1228 lPet.
606 1169 625 1226 i.
641 1172 668 1242 5,
693 1166 747 1228 dcc.
802 1169 887 1228 Unde
911 1170 1066 1247 colligitur,
1096 1190 1161 1230 eum
1186 1172 1266 1230 Deus
1289 1173 1339 1248 qui

129 1251 226 1309 tidelis
241 1258 285 1308 est
299 1259 329 1308 et
337 1259 472 1318 constans
486 1250 517 1306 in
530 1249 687 1326 promissis,
704 1249 803 1308 Verbo
817 1269 870 1308 suo
884 1251 970 1309 toties
985 1259 1084 1309 ettam
1095 1271 1230 1328 expresse
1245 1271 1340 1328 perse-

128 1331 288 1390 verantiam
304 1331 388 1389 nobis
401 1329 572 1407 promiserit,
584 1349 642 1387 non
651 1347 735 1405 posse
749 1349 806 1387 non
818 1337 925 1387 certam
939 1350 1001 1388 esse
1017 1341 1046 1388 et
1059 1331 1260 1390 indubitatem.

172 1410 251 1468 XII.
275 1411 469 1487 Exceptiones
495 1408 736 1466 Adversariorum
753 1429 787 1466 eo
801 1409 940 1468 redeunt:
964 1413 992 1468 1.
1004 1410 1039 1467 In
1051 1431 1156 1486 genere
1183 1413 1201 1442 ‘⁶
1214 1409 1341 1469 Promis·

130 1491 227 1548 siones
239 1490 294 1548 Dei
308 1510 365 1548 non
380 1509 493 1566 semper
507 1489 627 1564 impleri,
643 1489 769 1546 maxime
784 1487 872 1565 quur'n
884 1509 941 1547 non
957 1499 1024 1548 sunt
1044 1490 1192 1565 absolutes,
1207 1491 1259 1548 scd
1273 1511 1340 1549 con·

130 1570 289 1643 ditionetee,
305 1571 406 1646 quales
428 1569 490 1628 istae
513 1577 588 1642 sunt,
613 1588 677 1644 quae
700 1569 893 1626 conditionem
917 1587 1029 1648 semper
1050 1579 1216 1646 supponunt
1229 1590 1246 1626 1
1260 1579 1341 1646 parte

130 1651 265 1721 hominis,
273 1650 318 1708 cui
330 1658 424 1725 potest
435 1648 490 1706 sibi
499 1648 628 1706 deesse.''
658 1648 745 1724 Resp.
753 1648 859 1721 Primo,
867 1649 1020 1726 Perpetem
1031 1649 1167 1708 confundi
1177 1650 1341 1725 promissio-

131 1751 181 1788 nes
195 1733 230 1788 de
236 1735 296 1802 fine
310 1749 374 1787 cum
385 1729 616 1804 promissionibus
630 1730 665 1786 de
679 1728 784 1786 mediis.
822 1728 892 1786 Illas
908 1749 971 1788 esse
994 1729 1213 1802 conditionatos,
1226 1739 1255 1786 et
1269 1729 1343 1787 tales

132 1829 195 1868 esse
210 1829 312 1868 revera
325 1829 383 1866 nou
397 1807 569 1882 diffitemur;
594 1808 652 1866 Sed
667 1807 737 1866 istas
752 1827 940 1885 nequequam,
965 1809 1031 1885 quia
1046 1828 1104 1867 non
1126 1809 1230 1866 dantur
1244 1808 1342 1866 condi-

134 1890 227 1948 tiones
242 1889 448 1955 conditionum
465 1888 536 1946 alies
550 1907 597 1945 res
611 1887 703 1947 abiret
714 1888 744 1944 in
763 1887 916 1963 infinitum,
928 1899 1118 1966 praeterquam
1130 1889 1206 1964 quod
1223 1888 1263 1946 sie
1275 1908 1343 1947 con·

132 1969 204 2028 ditio
220 1968 363 2027 coincidet
377 1988 441 2026 eum
463 1967 667 2044 promissioue;
685 1967 764 2025 Deus
787 1968 897 2026 scilicet
921 1969 1099 2044 promitteret
1123 1969 1231 2026 homini
1246 1988 1343 2044 perse-

133 2049 305 2122 verentiam,
321 2049 346 2106 si
360 2047 446 2106 modo
460 2056 632 2124 perseveret,
644 2048 700 2105 hoc
724 2048 800 2106 enirn
826 2056 870 2105 est
885 2049 948 2124 ejus
972 2049 1105 2122 officium,
1131 2068 1167 2106 ne
1189 2049 1244 2106 sibi
1259 2048 1343 2120 desit,

133 2127 214 2204 quod
226 2129 409 2204 nugatorium
431 2137 483 2202 est,
509 2127 555 2185 cui
578 2127 654 2184 bono
678 2127 754 2185 enirn
780 2127 993 2204 promitteretur
1011 2128 1054 2186 illi
1068 2128 1146 2205 quod
1156 2128 1218 2205 jam
1232 2128 1345 2188 hebet?

135 2208 196 2266 Nos
208 2227 277 2266 vero
292 2207 413 2266 dicimus
427 2207 644 2284 promissionem
660 2206 722 2264 dari
735 2206 814 2265 fideli
830 2215 862 2265 ut
875 2207 961 2267 faciat
975 2207 1108 2280 officium,
1119 2228 1176 2265 non
1187 2209 1256 2284 quia
1266 2207 1343 2267 fecit.

136 2286 1345 2364 Secundo,Absolutumpotestbifsriamdici,velquodexcluditmedia,etaequivalet

135 2364 312 2439 immediato,
328 2368 375 2425 vel
389 2367 466 2443 quod
480 2366 609 2426 excludit
624 2367 817 2426 conditionem
832 2387 849 2424 1
863 2387 920 2443 qua
933 2367 1077 2444 pendeat:
1099 2369 1249 2444 posteriori
1275 2387 1340 2428 sen-

136 2466 172 2505 su
186 2453 295 2503 certum
310 2453 353 2504 est
367 2448 582 2523 promissionem
605 2447 825 2523 perseverantiae
846 2467 904 2504 uon
928 2469 993 2506 esse
1016 2448 1250 2522 conditionatum,
1276 2449 1346 2524 quia

135 2525 217 2584 nulle
232 2524 316 2582 datur
329 2526 462 2600 conditio,
478 2547 543 2603 quae
557 2547 615 2584 non
640 2526 724 2584 cadat
747 2527 800 2590 sub
823 2527 915 2602 ipsam
940 2528 1169 2604 promissionem,
1192 2528 1243 2586 sed
1256 2527 1346 2604 priori

133 2606 208 2663 nihil
223 2605 319 2663 obstet
337 2607 554 2683 promissionem
575 2605 720 2682 requirere
744 2607 847 2680 medis,
874 2608 980 2683 quibus
1004 2608 1169 2666 executioni
1183 2608 1344 2683 mandetur,

135 2705 201 2745 cunr
212 2687 493 2761 perseverantianon
507 2687 545 2744 sit
563 2687 690 2762 physica,
715 2686 767 2744 sed
791 2688 997 2764 moralisque
1022 2688 1058 2746 ab
1080 2687 1196 2745 homine
1212 2687 1275 2762 ipso
1290 2706 1345 2763 ope

136 2766 238 2842 gratioe
251 2767 413 2842 perficitur;
445 2765 496 2824 sed
510 2766 566 2824 ists
587 2765 682 2824 media
701 2765 889 2824 includuntur
908 2768 939 2824 in
961 2768 1024 2844 ipse
1048 2766 1246 2842 promissione,
1262 2774 1294 2823 ut
1308 2766 1345 2823 ab

134 2846 251 2904 homine
265 2846 377 2922 possint
391 2845 512 2922 impleri.
528 2849 556 2902 2.
580 2847 597 2876 “
611 2845 762 2903 Deiectum
776 2865 834 2903 non
849 2866 912 2904 esse
926 2867 963 2904 ex
978 2855 1058 2922 parte
1080 2845 1144 2919 Dei,
1159 2845 1209 2921 qui
1223 2853 1343 2920 praestst

135 2925 214 3002 quod
228 2934 272 2984 est
287 2926 441 3002 pollicitus,
458 2925 509 2983 sed
523 2925 656 2999 hominis,
672 2925 722 3002 qui
737 2946 788 3002 pro
811 2926 923 2984 arbitrii
944 2945 1055 2984 summa
1069 2924 1187 2983 levitate
1202 2924 1345 2982 subtrahit

135 3025 166 3064 se
181 3007 217 3064 ab
232 3005 366 3082 qblatis.'’
411 3004 497 3064 Unde
512 3006 592 3063 Deus
606 3005 723 3082 quidem
737 3025 791 3064 nos
815 3006 908 3064 munit
936 3007 972 3064 ab
995 3005 1122 3064 externis
1136 3004 1277 3077 hostibus,
1293 3003 1345 3062 sed

134 3105 193 3144 non
208 3105 225 3144 1
238 3085 323 3144 nobis
337 3085 408 3162 ipsis
422 3095 451 3144 et
465 3085 623 3143 domestica
636 3085 765 3161 perfidia.
809 3085 873 3160 Quo
887 3093 997 3162 spectet
1011 3083 1085 3142 illud
1099 3083 1276 3156 Bellsrmini,
1293 3083 1343 3142 lib.

135 3165 177 3224 iii.
192 3165 229 3224 de
243 3166 264 3224 J
267 3166 345 3226 ustis.
360 3186 385 3223 c.
403 3168 449 3236 15,
474 3165 608 3224 Claritas
622 3186 678 3222 non
689 3166 800 3240 cncidit,
810 3168 862 3224 sed
873 3187 923 3224 nos
934 3167 968 3224 ab
978 3185 1012 3223 ea
1030 3165 1170 3222 interdum
1181 3164 1344 3221 excidimus.

136 3245 225 3322 Resp.
250 3245 307 3305 Sed
321 3246 406 3303 inane
419 3247 474 3303 hoc
489 3253 533 3304 est
547 3243 696 3321 effugium,
712 3265 777 3304 cum
802 3246 948 3322 Scriptura
970 3244 1077 3302 nullius
1099 3243 1271 3303 conditionis
1285 3263 1345 3301 me·

135 3327 259 3399 minerit,
275 3345 340 3401 quae
354 3324 552 3401 promissionis
566 3322 757 3401 adimplenda
772 3325 809 3384 sit
823 3344 928 3400 csusa;
951 3324 1002 3383 sed
1021 3324 1115 3382 innuit
1124 3331 1234 3382 tantum
1251 3324 1346 3381 Deum

136 3406 228 3482 ipsam
243 3406 317 3464 hane
332 3405 527 3464 conditionem
541 3424 627 3479 quam
641 3405 770 3480 requirit,
785 3405 951 3483 promittere
966 3412 995 3462 et
1005 3413 1150 3480 praestarc.
1182 3404 1256 3461 Nam
1270 3403 1344 3461 11111

135 3486 166 3543 in
180 3505 266 3561 quem
281 3485 367 3543 finem
381 3484 456 3542 indit
470 3484 580 3560 Legem
594 3485 623 3541 iu
638 3483 781 3558 cordibus,
798 3493 940 3544 sustentat
953 3504 1049 3559 manu,
1062 3485 1112 3542 dat
1125 3485 1235 3543 exitum
1250 3492 1344 3543 teuts-

136 3565 217 3639 tioni,
232 3564 289 3622 nisi
303 3572 335 3622 ut
349 3565 484 3622 voluntas
498 3564 529 3621 iu
542 3563 666 3640 quodvis
681 3564 776 3622 scelus
790 3573 819 3622 et
832 3565 990 3640 perieulum
1004 3584 1132 3642 praeeeps
1142 3584 1201 3621 non
1216 3584 1347 3623 succum·

138 3645 198 3717 bat,
215 3663 268 3702 nec
282 3663 300 3700 a
314 3653 428 3720 recepta
442 3644 536 3720 gratia
549 3663 667 3720 prorsus
689 3643 821 3702 resiliat?
843 3645 949 3703 Fateor
971 3645 1077 3722 requiri
1109 3645 1196 3703 fidem
1211 3653 1240 3703 ct
1253 3645 1344 3721 poeni·

139 3723 260 3782 tentiam
275 3724 304 3780 iu
319 3724 457 3800 subjecto,
474 3724 542 3800 quia
565 3723 717 3800 promissio
741 3743 799 3782 non
823 3724 908 3784 datur
929 3725 985 3783 nisi
1008 3725 1095 3802 fideli,
1112 3725 1234 3783 sednon
1250 3724 1347 3782 statim

141 3802 264 3876 supponi
285 3801 371 3861 debet
394 3803 608 3879 perseverentia
628 3822 693 3880 quas
717 3805 900 3880 promittitur.
943 3808 970 3864 3.
987 3803 1123 3878 Additur,
1146 3803 1348 3860 Promissiones

134 3881 205 3951 fieri
217 3881 357 3955 Ecclesiae,
373 3902 428 3940 non
441 3883 556 3958 singulis
572 3883 712 3955 fidelihus.
758 3883 815 3941 Sed
840 3893 946 3959 eontra,
963 3883 1042 3960 quod
1064 3883 1202 3940 Ecclesia
1228 3880 1347 3955 Corpori

140 3957 326 4036 promittitur,
341 3961 458 4036 respicit
471 3961 557 4019 etiam
571 3963 688 4039 singula
701 3963 764 4041 ejus
785 3983 855 4022 vera
877 3964 1016 4034 Membra,
1032 3982 1097 4037 quae
1110 3959 1282 4037 participant
1295 3977 1346 4015 ns·

143 4047 236 4097 turem
244 4037 386 4114 Corporis.
410 4039 495 4098 Unde
501 4061 617 4100 necesse
628 4053 673 4102 est
683 4063 748 4102 eum
760 4043 809 4119 qui
815 4044 951 4101 Servator
957 4040 1146 4116 etampes,
1154 4038 1253 4096 eadem
1260 4057 1348 4113 opera

141 4136 257 4178 servare
266 4137 365 4176 omncs
374 4119 561 4195 quirnembra
570 4131 644 4196 sunt,
656 4133 689 4182 ut
699 4123 809 4200 Corpus
820 4122 993 4199 completum
1008 4121 1046 4177 sit
1056 4127 1085 4176 et
1099 4137 1157 4175 non
1170 4117 1343 4175 mutilatum.

182 4197 277 4256 XIII.
302 4201 329 4256 2.
359 4198 395 4256 Iu
420 4200 525 4276 specie,
548 4201 597 4259 Ad
610 4202 715 4278 locum,
738 4202 800 4261 Jer.
815 4201 898 4260 xxxi.
922 4207 950 4258 et
962 4199 1054 4256 xxxii.
1068 4220 1075 4271 ;
1100 4201 1126 4254 l.
1143 4199 1161 4230 “
1174 4196 1234 4273 Agi
1249 4195 1285 4253 de
1300 4215 1344 4254 re-

138 4277 274 4337 ductione
302 4279 401 4357 populi
416 4300 453 4338 ex
468 4281 635 4358 captivitate
650 4281 831 4359 Babylonica
844 4301 882 4339 ex
890 4300 950 4338 ver.
966 4283 1014 4352 37,
1029 4296 1087 4335 nou
1102 4277 1137 4334 de
1154 4277 1345 4335 Perseveran-

139 4359 188 4432 tia,
205 4377 269 4435 quae
281 4359 350 4418 solis
367 4360 476 4420 Electis
487 4370 639 4439 competat,
654 4382 719 4438 quae
729 4362 790 4438 jam
805 4379 942 4419 concessa
956 4357 1126 4434 supponitur
1139 4356 1272 4414 fidelibus
1286 4373 1348 4411 om·

138 4439 224 4497 nibus
240 4437 357 4498 Veteris
372 4441 578 4500 Testamenti.'’
621 4441 709 4517 Resp.
731 4440 814 4498 Licet
828 4438 980 4499 Oraeulum
990 4437 1124 4514 possiteo
1139 4435 1236 4495 referri
1251 4433 1347 4512 quoad

136 4517 309 4576 beneficium
323 4521 489 4597 temporale,
506 4521 626 4580 ulterius
640 4529 737 4579 tamen
746 4520 888 4597 respicere
897 4519 934 4576 sd
945 4527 1073 4594 tempore
1082 4517 1159 4575 Novi
1170 4514 1349 4574 Testamenti

137 4597 235 4674 quoad
249 4597 420 4658 beneficium
435 4601 593 4676 spirituale,
609 4609 638 4658 et
659 4600 789 4658 Christus
808 4601 870 4676 ipse
892 4599 985 4673 docet,
1011 4598 1080 4657 Joh.
1104 4597 1144 4654 vi.
1169 4599 1216 4670 15,
1231 4592 1348 4670 quando

138 4677 265 4754 applicat
279 4679 414 4738 omnibus
430 4680 547 4754 Electis,
563 4679 641 4756 quod
662 4679 750 4738 futuri
765 4680 823 4738 siut
837 4685 984 4744 statam,
1000 4677 1079 4754 quod
1092 4676 1237 4754 Propheta
1250 4672 1286 4731 de
1303 4671 1365 4731 ls-'
