3202 5194
153 369 286 420 ,cumen
302 349 349 431 ιι]
606 369 645 408 nn
661 369 784 410 rmnsnn
799 369 925 412 caarrs.
1316 363 1370 420 161

471 507 547 566 XX.
571 508 644 567 Dico
657 509 751 568 notari
769 509 870 586 primo,
886 511 1147 570 Reconcrbbtiouem
1167 521 1196 573 et
1212 518 1369 576 communi-

431 606 515 646 onem
523 607 588 646 cum
597 588 678 663 Deo;
689 588 757 664 quis
767 607 825 646 non
834 597 929 666 potest
940 589 997 648 dici
1007 599 1116 666 noster,
1123 591 1178 650 nisi
1189 601 1222 652 ιιι
1229 593 1367 671 placatus,

430 675 510 724 etex
523 665 630 726 Judice
644 667 725 741 irato,
742 667 828 726 Pater
845 669 1006 727 misericors
1019 667 1121 744 factus,
1142 670 1192 747 qui
1205 691 1264 729 non
1281 674 1368 732 modo

170 741 247 801 bons
260 761 312 802 aua
325 742 409 800 nobis
422 743 579 804 liberaliter
596 745 736 821 impertiri
749 745 893 822 dignatur,
914 746 966 806 sed
980 747 1106 824 seipsum
1119 749 1203 807 nobis
1216 749 1313 827 donat,
1335 761 1368 810 ut

168 861 198 902 u,
209 857 275 904 Deus
285 859 318 903 d,
327 861 411 904 noster
431 822 566 899 deinceps
578 823 609 880 in
623 824 686 901 ipso
700 831 733 883 ut
747 825 810 883 Deo
830 833 928 883 nostro
943 835 972 884 et
987 826 1118 903 portione
1138 837 1236 887 nostra
1250 828 1368 906 gloriari

198 916 410 974 innamnstprc
430 903 582 978 possimus,
599 901 676 960 Pssl.
691 902 752 960 nvi.
767 905 794 974 5,
809 911 840 961 et
852 903 947 962 tuiti.
962 907 1010 978 26,
1025 913 1056 964 et
1069 906 1147 964 cxix.
1160 909 1196 965 57
1209 929 1217 982 ;
1233 907 1324 976 Hose.
1335 909 1365 968 ii.

197 973 351 1032 prioratibus.
429 983 477 1039 23.
522 980 560 1039 Se
574 979 657 1038 nobis
672 980 722 1040 dat
734 981 766 1038 in
778 983 926 1058 Maritum,
941 983 992 1059 qui
1005 1003 1059 1042 nos
1073 983 1129 1042 sibi
1139 983 1325 1062 desponsavit
1335 988 1365 1046 in

167 1055 399 1116 miserationibus
419 1057 542 1132 aeternis,
565 1059 655 1118 Hose.
674 1058 704 1117 ii.
726 1060 782 1134 193
805 1059 914 1119 Gentio.
928 1061 958 1120 ii.
976 1064 1030 1136 16;
1052 1063 1083 1120 in
1100 1064 1226 1139 Patrem,
1241 1064 1291 1140 qui
1311 1085 1365 1126 nos

167 1135 224 1194 sibi
238 1135 356 1214 adoptat
368 1136 399 1194 in
412 1136 496 1212 filios,
512 1141 530 1195 2
546 1137 610 1214 Gor.
624 1138 664 1195 vi.
681 1139 735 1212 183
751 1137 782 1194 in
794 1139 957 1215 Principem
971 1148 1001 1199 et
1013 1143 1127 1216 aspen,
1142 1141 1193 1218 qui
1206 1161 1259 1200 nos
1270 1143 1300 1200 in
1313 1164 1351 1221 po

167 1215 268 1292 pulum
278 1215 409 1296 „gastun
420 1215 525 1292 seligit,
537 1235 603 1274 cum
616 1235 674 1292 quo
687 1215 781 1275 foedus
791 1216 962 1277 offensivum
974 1227 1003 1277 et
1016 1218 1196 1278 defensirunr
1210 1223 1362 1287 contrabit.

166 1301 200 1352 nt
213 1313 266 1352 nes
279 1301 412 1372 protegat
422 1295 546 1358 umbone
557 1314 609 1354 suo
620 1293 759 1354 adversus
769 1296 880 1372 quaevis
890 1297 1015 1356 hostium
1026 1298 1188 1358 molimina..
1210 1299 1257 1358 Ita
1267 1309 1363 1360 autem
1444 1362 1449 1373 ,

167 1391 199 1432 se
213 1373 296 1432 nobis
310 1373 399 1432 donat
413 1373 502 1449 Deus,
523 1381 556 1433 ut
568 1382 661 1432 noster
681 1374 720 1432 sit
736 1373 832 1450 quoad
845 1377 939 1434 omnia
952 1377 1093 1450 ammata,
1116 1395 1180 1454 quae
1194 1378 1224 1435 in
1238 1397 1363 1452 commo·

167 1449 236 1508 dum
249 1459 280 1510 et
293 1451 414 1510 salutern
428 1460 555 1510 nostram
569 1451 683 1526 cedunt,
704 1461 733 1510 et
746 1461 844 1512 nostra
860 1453 1082 1514 benedicuntur
1099 1454 1233 1516 fruitione
1247 1465 1277 1516 ct
1296 1477 1360 1534 usu,

187 1529 235 1588 uis
249 1529 351 1590 effecta
364 1549 462 1590 eorum
477 1531 613 1590 salutaria
626 1530 663 1588 ad
673 1550 726 1590 nos
740 1531 888 1590 dimanant
899 1554 906 1607 ;
929 1533 1035 1592 Nostra
1048 1541 1093 1592 cst
1104 1535 1161 1592 Dei
1174 1536 1315 1612 sapientia
1324 1537 1362 1598 ad

166 1549 361 1684 directionem,
377 1609 511 1668 Potentia
524 1609 561 1666 ad
574 1610 788 1686 protectionem,
804 1610 1004 1669 Misericordia
1016 1611 1053 1670 ad
1066 1621 1247 1689 peccatorum
1262 1615 1360 1676 remis·

166 1687 285 1762 sionem,
301 1687 403 1746 Gratia
422 1686 460 1744 sd
480 1687 734 1746 sanctificationem
753 1697 783 1747 et
800 1689 1032 1764 consolationem,
1048 1691 1069 1748 J
1072 1691 1170 1749 ustitia
1183 1691 1220 1748 ad
1233 1693 1360 1752 hostium

165 1765 332 1842 vindictam,
349 1765 489 1826 Fidelitas
510 1765 547 1824 ad
559 1766 780 1842 promissionum
794 1767 1002 1843 executionem,
1019 1767 1197 1828 Sufficientia
1214 1769 1253 1827 ad
1271 1770 1360 1830 felici-

165 1845 234 1903 tatis
248 1843 418 1902 omnimodae
432 1845 727 1903 communicationem.
769 1845 809 1904 Et
818 1852 851 1902 ut
860 1853 1008 1921 peccatum
1020 1847 1169 1905 innumera
1182 1848 1211 1905 in
1221 1867 1274 1906 nos
1284 1849 1361 1908 mala

165 1923 326 2000 accersivit,
348 1923 510 1982 invenimus
523 1923 680 1981 remedium
691 1921 830 1981 adversus
844 1923 940 1981 omnia
953 1924 983 1980 in
996 1925 1219 2000 proprietatibus
1232 1926 1358 1987 divinis:

168 2001 315 2078 Sapientis
328 1999 459 2060 medetur
471 2001 641 2078 ignorantie
655 2007 684 2059 et
698 2001 828 2076 caecitati,
845 2001 947 2060 Gratia
964 2003 1065 2078 reatui,
1089 2003 1221 2062 Potentia
1239 2004 1357 2064 infirmi-

164 2079 226 2154 tati,
243 2079 443 2139 Misericordia
456 2079 587 2146 miseriae,
603 2079 724 2138 Bonitas
737 2079 863 2154 malitiae,
878 2080 1000 2139 Justitia
1013 2081 1166 2158 iniquitati,
1183 2081 1359 2143 Sufficientis

164 2165 194 2216 et
203 2157 357 2218 Plenitudo
367 2158 423 2216 Dei
433 2159 593 2235 paupertati
607 2166 637 2216 et
646 2157 823 2234 indigentia,
837 2158 976 2216 Fidelitas
987 2158 1186 2220 inconstantius
1196 2169 1226 2220 et
1235 2162 1356 2238 levitati,

165 2235 310 2298 Sanctitas
323 2237 489 2313 impuritati,
505 2244 534 2295 et
546 2237 618 2295 Vita
629 2237 725 2295 morti.

336 2367 342 2380 ,
464 2314 558 2374 XXI.
581 2316 660 2374 Deus
680 2324 773 2374 noster
788 2323 833 2374 est
852 2317 1051 2390 Personuliter,
1073 2326 1215 2394 quatenus
1235 2318 1357 2396 singule

203 2365 233 2410 ¹¹¹
244 2367 362 2413 Persoms.
424 2394 558 2452 Personae
578 2401 683 2452 nostrae
705 2402 780 2469 sunt,
796 2401 825 2452 et
839 2414 869 2453 se
883 2394 954 2454 dant
971 2395 1055 2454 nobis
1071 2396 1108 2454 sd
1127 2413 1199 2472 opus
1214 2397 1356 2475 Redemp-

164 2470 253 2528 tionis
266 2473 483 2548 procurandum,
506 2471 592 2530 Pater
612 2471 755 2548 eligendo,
778 2473 871 2532 Filius
890 2473 1066 2548 redimendo,
1088 2474 1212 2550 Spiritus
1234 2476 1358 2536 Sanctus

164 2549 377 2608 sanctificando.
407 2553 497 2609 Pater
507 2558 605 2609 noster
614 2551 647 2610 fit
656 2570 709 2628 per
718 2550 910 2627 adoptionem,
920 2572 1008 2629 quum
1019 2571 1073 2610 nos
1084 2553 1114 2609 in
1124 2552 1260 2612 familiam
1275 2574 1356 2614 suam
1367 2571 1384 2616 .·

163 2627 272 2704 recipit,
288 2637 317 2687 et
330 2637 363 2687 ut
375 2628 451 2688 filios
464 2629 588 2706 respicit,
606 2629 686 2688 fovet
699 2637 728 2688 et
736 2637 821 2704 amat,
840 2633 854 2686 l
870 2630 892 2690 J
894 2631 978 2689 ohan.
992 2631 1032 2688 iii.
1050 2633 1076 2688 1.
1110 2632 1202 2690 Fib'us
1212 2641 1311 2695 noster
1323 2633 1358 2693 fit

161 2725 214 2782 per
227 2707 417 2784 sponsionem,
433 2727 521 2784 quum
535 2708 565 2764 in
579 2707 693 2766 Vadem
714 2708 790 2767 sistit
804 2727 834 2766 se
848 2728 900 2784 pro
914 2708 999 2767 nobis
1015 2708 1052 2766 ad
1071 2709 1311 2786 satisfaciendum,
1327 2720 1357 2770 et

163 2784 193 2841 in
207 2785 301 2861 Caput
313 2786 351 2844 sd
364 2805 417 2844 nos
430 2787 573 2863 regendos
583 2795 613 2846 et
622 2786 811 2845 vivificandos
823 2809 830 2862 ;
846 2787 951 2846 Noster
964 2787 997 2846 fit
1006 2789 1158 2864 Propheta,
1170 2789 1220 2865 qui
1234 2789 1356 2848 salutem

161 2864 271 2922 revelet
288 2863 396 2923 lumine
409 2864 555 2940 doctrinae,
577 2872 674 2924 noster
687 2865 834 2940 Sacerdos,
850 2865 900 2941 qui
914 2885 977 2922 eam
997 2865 1092 2924 meriti
1105 2867 1197 2941 pretio
1216 2868 1354 2942 acquirat,

161 2948 191 2999 et
204 2951 302 3001 noster
314 2944 389 3019 Rae,
404 2944 455 3020 qui
474 2963 538 3002 eam
559 2943 727 3020 acquisitam
742 2942 867 3001 efficacis
880 2943 1003 3019 Spiritus
1016 2943 1149 3019 applicet.
1190 2945 1313 3018 Spiritus
1323 2947 1354 3004 S.

163 3029 260 3080 noster
279 3021 321 3095 tit,
343 3021 459 3098 quando
478 3022 515 3083 ad
535 3041 589 3079 nos
608 3023 739 3096 mittitur,
762 3029 791 3078 et
812 3040 843 3078 se
856 3021 940 3080 nobis
959 3020 1008 3079 dat
1023 3022 1052 3077 in
1068 3021 1312 3080 sanctificatorem
1326 3031 1356 3082 et

163 3098 387 3175 Consolatorem,
402 3107 435 3159 ut
448 3101 559 3160 habitet
571 3101 603 3158 in
622 3101 707 3158 nobis
727 3108 864 3176 tanquam
878 3098 907 3156 in
921 3099 1049 3175 Templis
1063 3099 1131 3174 suis,
1152 3107 1181 3158 et
1199 3119 1252 3158 nos
1272 3100 1356 3160 donis

162 3177 223 3235 suis
242 3177 406 3254 locupletet,
429 3179 545 3252 lumine,
567 3179 678 3251 robore,
699 3177 815 3254 gaudio,
834 3176 975 3250 libertate,
996 3177 1147 3236 sanctitate
1161 3187 1191 3236 et
1209 3178 1355 3239 felicitate.

162 3255 210 3314 Its
223 3257 385 3316 communio
399 3257 498 3316 nostra
511 3264 556 3315 est
569 3276 633 3315 cum
649 3256 735 3314 Patre
748 3263 778 3314 et
792 3255 868 3313 Filio
882 3263 912 3314 et
930 3275 996 3314 cum
1012 3255 1121 3332 Spiritu
1136 3256 1176 3331 S,
1194 3259 1209 3314 l
1225 3256 1274 3316 Jo.
1289 3258 1308 3316 i.
1324 3262 1352 3334 3,

161 3336 180 3390 2
195 3333 260 3394 Cor.
274 3335 336 3394 xiii.
353 3338 398 3410 14,
413 3334 491 3394 unde
505 3335 680 3411 Baptismus,
694 3335 745 3411 qui
759 3341 803 3392 est
817 3333 945 3410 sigillum
958 3333 1082 3408 foederis,
1097 3334 1127 3391 in
1141 3353 1240 3394 eorum
1249 3355 1354 3396 nomen

161 3411 384 3488 administratur,
406 3421 440 3472 nt
459 3413 501 3472 sic
519 3431 718 3472 consecremur
731 3413 762 3470 in
775 3412 867 3471 Filios
883 3412 938 3470 Dei
956 3413 1060 3486 Patris,
1079 3413 1109 3470 in
1124 3413 1257 3472 Membra
1275 3415 1353 3491 Filii,

159 3491 233 3549 etin
247 3492 368 3569 Templa
388 3491 511 3568 Spiritus
527 3491 566 3565 S,
582 3499 611 3549 et
629 3491 756 3550 duamur
775 3490 859 3550 bouis
873 3511 891 3548 a
904 3491 1027 3567 singulis
1042 3491 1177 3552 Personis
1186 3494 1353 3568 orientibus,

159 3568 355 3630 misericordia
369 3569 472 3644 Patris,
540 3570 582 3627 tia
596 3569 672 3642 Filii,
688 3578 717 3627 et
729 3569 837 3628 virtute
854 3569 977 3645 Spiritus
993 3569 1022 3627 S.

460 3647 493 3706 X
530 3647 572 3705 II.
594 3652 622 3706 2.
645 3647 726 3706 Deus
744 3657 841 3706 noster
854 3655 900 3706 est
912 3647 1022 3712 ratione
1036 3649 1288 3709 communicationis
1308 3653 1354 3710 bo·

158 3709 180 3756 ²·
196 3711 390 3814 cgfflffifffl
419 3746 542 3798 norum;
556 3745 614 3784 non
624 3733 719 3803 potest
729 3725 806 3784 onim
818 3725 897 3784 Deus
906 3733 1004 3784 noster
1017 3743 1088 3801 esse,
1101 3727 1171 3805 quin
1185 3736 1283 3788 nostra
1297 3729 1355 3787 sint

334 3800 341 3814 ⁸
419 3823 597 3881 quascunque
612 3805 668 3862 Dei
684 3811 760 3877 sunt,
775 3811 805 3862 et
817 3812 850 3862 ut
865 3803 920 3861 Dei
941 3811 1009 3862 sunt
1027 3807 1131 3879 omnia,
1152 3814 1251 3864 nostra
1268 3807 1355 3865 etiam

158 3886 226 3938 sunt
239 3880 335 3939 omnia
349 3901 526 3959 quascunque
541 3882 652 3940 suntin
666 3882 738 3940 ccelo
749 3890 778 3940 st
791 3882 821 3939 in
835 3889 927 3940 terra:
944 3883 962 3915 “
973 3881 1077 3942 Omnis
1091 3892 1158 3942 sunt
1171 3885 1296 3956 vestra,''
1312 3885 1354 3941 in·

100 4025 107 4036 Ι
160 3958 223 4033 quit
244 3958 360 4034 Paulus,
385 3964 400 4019 l
422 3961 487 4019 Cor.
506 3961 547 4018 iii.
569 3963 617 4034 21,
641 3962 723 4018 “vos
744 3959 859 4033 Christi,
883 3959 1014 4018 Christus
1036 3961 1091 4020 Dei
1104 3963 1132 4036 ;’'
1155 3961 1268 4018 Nostrae
1289 3969 1356 4018 sunt

160 4036 304 4094 Creaturss
319 4037 376 4095 Dei
389 4040 419 4096 in
433 4047 509 4098 terra
522 4046 555 4097 ιιι
568 4038 652 4098 nobis
666 4038 801 4112 serviant,
816 4038 926 4114 Angeli
940 4037 970 4096 in
982 4039 1055 4101 ccelo
1066 4046 1099 4096 ut
1109 4057 1162 4096 nos
1183 4037 1354 4112 custodiant,

162 4113 272 4172 coslum
287 4123 320 4174 ut
333 4117 426 4192 patria
439 4125 546 4190 nostra,
569 4117 658 4176 Terra
670 4123 704 4174 ut
716 4116 798 4174 locus
811 4115 1058 4192 peregrinationis,
1072 4115 1200 4174 Mundus
1213 4123 1246 4174 ut
1265 4117 1355 4175 heere·

160 4190 242 4266 ditss,
254 4213 319 4268 quse
334 4195 418 4253 nobis
428 4194 513 4254 datur
526 4213 591 4252 cum
606 4194 781 4270 Abrahamo,
794 4194 879 4252 Rom.
889 4195 930 4252 iv.
944 4197 990 4254 13.
1033 4193 1079 4252 Ita
1091 4202 1275 4252 assuerunt
1287 4194 1344 4252 Pro

160 4269 310 4330 missiones
324 4291 424 4332 omnes
439 4273 497 4331 Dei
516 4279 575 4330 tam
589 4275 658 4331 vitas
671 4273 831 4348 praesentis,
845 4292 932 4348 quam
947 4273 1058 4346 firmrae,
1078 4279 1108 4330 et
1119 4272 1197 4329 bons
1211 4272 1276 4345 Dei,
1298 4281 1356 4330 tem

170 571 190 617 1.
203 573 411 619 Reconciliatioat

191 631 248 676 nnio
258 645 312 676 cnm
322 631 381 678 Deo.

161 4348 268 4423 gratiss,
283 4369 371 4425 qnam
386 4351 502 4486 {lorias
517 4352 535 4383 “
548 4351 628 4409 Deus
641 4351 726 4408 nobis
740 4359 784 4410 est
800 4351 893 4410 Solet
908 4351 1042 4427 Clypeus,
1058 4349 1109 4408 dat
1119 4348 1241 4425 gratiam
1251 4357 1281 4408 ct
1294 4351 1357 4424 glo-

161 4424 239 4501 riam,
255 4435 285 4485 et
298 4428 374 4485 nihil
408 4436 513 4506 enegat
527 4429 563 4486 iis
574 4430 623 4505 qui
634 4429 664 4486 in
675 4429 840 4504 integritate
850 4428 1027 4504 ambulant,’'
1039 4429 1087 4486 Ps.
1098 4427 1214 4484 lxxxiv.
1227 4429 1262 4483 ll
1277 4449 1284 4484 ι
1308 4427 1359 4484 Sol

160 4501 369 4576 benedictionis
390 4507 553 4583 omnigena
573 4506 611 4565 ad
631 4507 771 4565 bonorum
789 4507 1084 4580 communicationem,
1104 4505 1229 4581 Clypeus
1247 4512 1357 4580 protec-

161 4580 246 4642 tionis
256 4583 374 4641 invictoe
388 4583 425 4642 ad
436 4585 576 4644 malorum
585 4583 791 4661 depulsionem,
806 4593 839 4644 ιιι
849 4593 926 4642 recte
937 4601 1001 4644 cum
1014 4585 1105 4644 Paulo
1119 4581 1254 4659 colligere
1264 4583 1357 4657 liceat,

236 4679 311 4718 rans
326 4677 357 4718 n.
1161 4679 1178 4718 n
