3202 5194
237 345 277 405 81
695 355 786 398 rocus
800 353 979 396 1111111111.
1235 327 1361 412 [onear.
1377 347 1449 390 xiv.

238 502 409 562 observante
424 495 542 573 Azorio,
565 494 680 572 Institu.
697 497 790 556 Mora.
804 516 833 572 p.
848 499 876 571 2,
901 515 926 555 c.
941 498 970 569 1,
992 499 1025 552 11
1043 489 1245 566 Anchoranus,
1262 487 1451 548 Panormita·

237 601 301 656 nus,
313 579 447 656 Angelus
458 577 616 655 sylvester,
631 597 683 654 pro
698 575 798 636 divina
811 576 875 652 ejus
889 574 1062 634 authoritate
1076 579 1224 648 pugnant3
1240 570 1298 629 Vel
1312 569 1349 630 ad
1364 569 1450 628 ordi-

237 662 383 721 nationem
397 657 553 736 politicam,
570 667 603 717 ut
618 657 864 731 Remonstrantes,
890 653 940 732 qui
953 653 984 712 in
998 651 1184 712 Confessione
1198 650 1370 727 profitentur
1384 647 1450 708 dis-

238 742 347 800 crimen
373 737 484 797 dierum
511 755 629 815 prorsus
657 756 721 796 esse
748 736 894 796 sublatum
915 734 969 794 sub
991 733 1075 792 Novo
1096 733 1140 807 T,
1163 739 1193 790 et
1215 730 1370 804 Sociniani,
1393 728 1452 805 qui
1525 793 1530 804 Ι

237 818 419 879 arbitrarium
443 817 506 895 ejus
529 817 639 878 cultum
663 836 726 878 esse
749 824 890 890 asserunt,
914 813 1031 874 Catach.
1046 810 1140 870 Rako.
1155 830 1179 869 c.
1195 809 1214 870 i.
1237 811 1273 870 de
1295 807 1452 887 Propheti„

239 899 346 960 Christi
369 917 507 958 munero:
538 897 616 956 Aliis
637 895 675 955 ad
705 895 914 956 ordinationem
936 892 1065 952 divinam
1088 890 1319 966 escendentibus,
1342 897 1375 948 ut
1395 889 1453 948 vel

239 980 370 1040 Christus
390 979 453 1056 ipse
476 977 641 1037 immediate
663 983 692 1036 et
705 995 841 1053 expresse
855 974 932 1034 diem
952 974 1034 1033 illum
1048 971 1208 1033 instituisse
1222 970 1343 1044 dicetur,
1364 969 1451 1046 quod

237 1057 601 1133 vultJaaiau,P1mlectio.
615 1055 645 1115 in
661 1057 735 1116 Gen.
750 1056 790 1132 ii,
806 1053 965 1132 etquidem
979 1073 1045 1113 cum
1059 1053 1140 1130 ipso,
1163 1049 1221 1109 Vel
1234 1049 1358 1110 mediate
1378 1058 1447 1107 tan-

237 1147 308 1214 tum,
323 1147 465 1216 quatenus
479 1137 614 1214 Apostoli
627 1135 782 1196 &lamera
796 1145 858 1196 turn
871 1142 1015 1213 praecepto
1028 1141 1089 1192 turn
1104 1129 1236 1206 exemplo
1251 1139 1280 1190 et
1293 1129 1378 1206 praxi
1391 1148 1451 1188 sua

237 1237 304 1280 curn
314 1218 345 1278 11
360 1217 492 1276 Ecclesia
507 1217 669 1276 Christiana
683 1223 850 1278 sanxerunt.
872 1215 943 1290 Qua
958 1211 1136 1274 communior
1150 1217 1194 1270 est
1209 1209 1449 1270 Orthodoxorum

238 1297 389 1370 sententia,
405 1297 543 1374 adquam
557 1297 644 1356 etiam
657 1296 830 1356 accedimus.

279 1377 334 1437 IV.
357 1377 412 1450 Qui
426 1377 553 1434 referunt
567 1375 707 1452 originem
723 1375 790 1434 Diei
805 1373 949 1436 Dominici
969 1371 1007 1432 ad
1022 1371 1168 1432 Christum
1181 1368 1313 1428 nituntur
1326 1368 1447 1446 potissi-

236 1475 325 1533 mum,
335 1463 397 1515 tum
407 1457 609 1514 rerurrectione
619 1454 731 1530 Christi,
743 1455 794 1532 qui
803 1455 858 1513 hoc
869 1454 916 1512 die
925 1451 1101 1529 resurgendo
1112 1449 1267 1524 amortuis,
1282 1463 1349 1507 eum
1363 1447 1447 1507 vide·

237 1543 285 1594 tur
299 1536 336 1594 ad
357 1535 466 1596 cultum
481 1555 565 1594 suum
586 1553 768 1593 consecrasse
791 1534 821 1591 in
844 1533 922 1592 illius
943 1531 1119 1606 memoriam,
1144 1539 1206 1588 tum
1220 1529 1449 1604 apparitionibus

237 1615 326 1674 variis
340 1623 406 1692 post
428 1613 667 1673 resurrectionem
689 1613 773 1673 iactis
796 1612 850 1672 hac
865 1613 928 1690 ipsa
941 1611 997 1687 die,
1021 1609 1136 1687 quando
1161 1629 1191 1667 se
1211 1607 1343 1667 exhibuit
1357 1608 1445 1666 disci-

237 1694 315 1771 pulis
338 1694 530 1772 congregatis,
554 1693 604 1754 J0.
626 1713 678 1753 xx.
703 1696 750 1768 19,
779 1696 827 1767 26,
849 1693 942 1769 Apoc.
963 1691 983 1750 i.
1010 1694 1056 1766 10,
1082 1697 1143 1747 tum
1168 1689 1297 1762 effusione
1318 1688 1447 1763 Spiritus

237 1775 268 1832 S.
284 1774 314 1832 in
329 1774 496 1850 Apostolos,
512 1793 577 1851 quae
591 1773 646 1832 hoc
661 1773 708 1837 die
732 1772 889 1849 contigisse
909 1769 1061 1844 statuitur;
1086 1766 1145 1827 Sed
1157 1767 1226 1827 licet
1240 1765 1295 1825 ista
1308 1767 1443 1844 probabi·
1512 1813 1516 1822 .

237 1853 304 1912 liter
326 1853 458 1914 dicantur
482 1862 511 1912 et
535 1853 689 1912 videantur
711 1852 890 1911 occasionem
913 1850 1027 1908 dedisse
1048 1848 1115 1906 huic
1129 1847 1313 1920 institutioni,
1327 1846 1446 1906 firmum

237 1940 335 1992 tamen
349 1942 378 1993 et
392 1933 517 1992 solidum
539 1952 599 1992 non
620 1939 742 2010 possunt
755 1931 866 1990 efficere
891 1937 1092 2007 argumentum
1114 1926 1151 1986 ad
1174 1946 1237 1986 eam
1251 1925 1448 2005 probandum,

238 2011 317 2089 quod
330 2012 449 2089 aliquod
461 2031 630 2088 expressum
646 2011 753 2072 Christi
766 2011 933 2068 mandatum
946 2009 995 2067 vel
1008 2007 1172 2084 exemplum
1186 2007 1355 2083 requireret.

278 2092 316 2150 V.
340 2092 441 2168 Longo
461 2112 531 2168 ergo
552 2090 771 2150 convenientius
785 2091 839 2148 hoc
854 2088 960 2150 dicitur
972 2108 1036 2148 esse
1051 2085 1229 2165 Apostolicee
1242 2085 1447 2160 institutionis,

237 2169 288 2248 qui
303 2169 388 2227 Diem
401 2170 586 2228 Dominicum
599 2169 746 2228 Sabbatho
761 2169 972 2228 substituerunt
985 2176 1016 2226 et
1030 2165 1169 2226 Ecclesiis
1194 2166 1446 2240 commendarunt,

237 2268 297 2308 non
310 2249 372 2308 sins
385 2249 525 2325 peculiari
548 2247 638 2308 ductu
664 2247 788 2326 Spiritus
814 2249 921 2323 Sancti,
942 2267 1000 2325 quo
1014 2247 1188 2324 regebantur
1201 2245 1395 2306 infallibiliter
1408 2245 1448 2303 ad

238 2339 272 2391 aa
285 2327 506 2406 praescribenda,
521 2347 579 2386 non
594 2327 680 2386 modo
694 2347 758 2404 quae
772 2327 916 2387 faciebant
929 2327 967 2386 ad
980 2327 1068 2386 iidem
1081 2333 1111 2385 et
1124 2325 1163 2384 ad
1175 2343 1277 2400 meres,
1290 2323 1343 2384 sed
1357 2325 1449 2384 etiam

237 2407 276 2471 ad
290 2407 429 2466 Ecclesiae
443 2408 554 2478 rbrabbr
568 2415 597 2468 et
611 2407 707 2466 cultus
721 2406 813 2465 divini
827 2407 1005 2466 exercitium.
1027 2406 1095 2466 Tria
1108 2413 1204 2465 sutem
1219 2413 1285 2464 sunt
1299 2405 1449 2484 praecipue

236 2486 301 2547 loca
315 2487 472 2563 exquibus
494 2488 556 2548 bac
575 2485 718 2547 institutio
732 2487 886 2564 colligitur,
905 2491 930 2546 1.
946 2487 994 2545 lix
1008 2485 1076 2546 Act.
1091 2505 1142 2544 xx.
1158 2490 1186 2544 1.
1229 2486 1248 2520 “
1263 2484 1362 2544 Prima
1375 2505 1450 2544 vero

238 2566 480 2644 Sabbathorum,'’
495 2567 535 2626 id.
554 2565 752 2641 hebdomadis,
779 2569 797 2600 ‘⁴
808 2586 874 2626 cum
894 2566 1028 2645 discipuli
1042 2565 1246 2626 convenissent
1258 2563 1296 2624 ad
1310 2564 1449 2642 hengen-

236 2645 306 2707 dum
319 2665 434 2724 panem,
455 2646 563 2707 Paulus
584 2646 719 2706 disseruit
732 2647 808 2706 inter
821 2667 880 2724 eos,
896 2647 1026 2707 abiturus
1040 2645 1207 2722 postridie.’'
1238 2645 1296 2704 Cur
1309 2644 1451 2706 dicuntur

237 2725 373 2803 Apostoli
384 2727 554 2787 convenisse
564 2727 602 2785 ad
610 2727 701 2788 Verbi
711 2725 953 2804 predicationem,
969 2734 998 2786 et
1012 2725 1203 2785 Eucharistiae
1219 2723 1449 2784 administratio-

235 2807 373 2882 nem‚hoc
382 2805 429 2866 die
437 2807 534 2884 potius
544 2825 630 2884 quarn
640 2806 705 2882 alio,
712 2814 762 2866 aut
772 2806 879 2866 celebri
889 2806 911 2866 J
912 2807 1058 2866 udaeorum
1072 2804 1450 2880 Sabbathanisitunctem-

235 2886 314 2963 poris
324 2887 387 2964 jam
401 2886 573 2946 invalrnsset
593 2887 770 2946 consuetudo
791 2885 924 2946 solennes
945 2893 1105 2946 conventus
1118 2884 1233 2962 agendi,
1253 2893 1449 2944 evanescente

234 2966 375 3042 paulatim
395 2967 417 3026 J
419 2966 516 3026 udaiei
539 2966 679 3026 Sabbathi
693 2967 886 3026 ceremonia?
927 2967 989 3024 Nec
1002 2964 1157 3024 dicendum
1169 2966 1230 3042 μίιι
1244 2963 1449 3033 «1111111111

234 3065 293 3104 non
307 3047 431 3124 primum
456 3046 631 3125 septimanae,
655 3047 707 3106 sed
726 3066 816 3106 unum
830 3054 951 3122 tantum,
966 3044 1006 3104 id.
1020 3045 1155 3121 aliquem,
1178 3045 1254 3104 diem
1276 3045 1450 3122 septimsnae

236 3123 407 3202 designem
431 3126 505 3204 Qiria
518 3146 577 3186 non
591 3127 648 3188 alio
670 3139 758 3186 sensu
772 3133 934 3204 usurpatur,
958 3125 1028 3184 Luc.
1044 3124 1126 3184 xxiv.
1143 3127 1169 3199 1,
1185 3133 1215 3184 et
1229 3125 1320 3182 Marc.
1335 3124 1398 3182 xvi.
1414 3129 1446 3200 2,

235 3211 266 3264 et
278 3205 357 3280 quod
371 3203 488 3264 affertur
510 3226 548 3264 ex
563 3205 633 3266 Luc.
649 3225 677 3264 v.
696 3209 741 3281 17,
767 3212 797 3264 11
810 3205 870 3264 viii.
886 3209 934 3279 22,
959 3223 1018 3264 111
1041 3204 1099 3263 hue
1124 3202 1200 3278 iacit,
1222 3203 1291 3281 quia
1305 3202 1385 3262 aliud
1399 3213 1448 3264 cst

235 3281 331 3342 dicere
355 3283 375 3341 b
398 3285 447 3360 μίᾳ
460 3287 506 3342 aba
529 3286 626 3364 ipsein,
650 3285 729 3359 quod
752 3291 866 3361 tempus
889 3283 1142 3344 indeterminatum
1162 3291 1253 3360 notat,
1274 3282 1355 3342 aliud
1377 3283 1448 3364 1ιῇ

234 3363 283 3438 aab
296 3381 362 3420 cum
376 3363 505 3437 articulo,
521 3365 572 3438 qui
585 3363 662 3422 diem
676 3362 857 3422 determinat.

279 3441 331 3500 VI.
355 3441 496 3516 Secundo,
514 3441 561 3498 Ex
577 3443 591 3498 1
610 3441 674 3499 Cor.
689 3442 749 3499 xri.
767 3444 793 3516 1,
809 3445 837 3516 2,
863 3441 914 3500 ubi
937 3463 996 3502 non
1020 3450 1132 3502 tanam
1146 3441 1246 3520 praxis
1260 3441 1444 3520 Apostolica,

234 3519 286 3578 sed
295 3528 324 3580 et
334 3528 509 3596 pracceptum
522 3520 690 3596 insinuatur,
709 3523 726 3553 “
738 3521 828 3579 Porro
837 3519 873 3580 de
884 3521 1005 3581 collecta
1014 3522 1045 3582 in
1058 3522 1188 3598 Sanctos,
1199 3521 1447 3600 quemadmodum

234 3599 367 3664 ordinavi
381 3599 521 3660 Ecclesiis
536 3599 667 3674 Galatiae,
683 3601 763 3660 itaet
773 3620 827 3660 vos
841 3601 941 3678 facite,
962 3602 1054 3678 primo
1063 3622 1177 3680 quoque
1192 3601 1239 3662 dis
1252 3601 1448 3662 hebdomadis

233 3678 432 3756 unusquisque
453 3687 581 3740 vestrum
602 3679 680 3756 apud
693 3699 724 3740 se
738 3687 865 3757 reponat,
888 3682 1046 3742 recondens
1066 3682 1145 3760 quod
1165 3701 1217 3760 pro
1239 3681 1295 3756 Dei
1308 3681 1446 3759 benigni-

233 3765 292 3817 tate
306 3759 428 3833 licuerit,
443 3779 480 3818 ne
494 3779 559 3818 cum
573 3778 680 3818 venero
694 3766 755 3818 turn
770 3760 898 3820 collectae
911 3761 983 3820 fiant
994 3763 1021 3838 ;”
1045 3761 1096 3821 ubi
1116 3761 1276 3840 Apostolus
1297 3762 1362 3822 vult
1383 3763 1447 3822 col-

232 3837 323 3898 lectas
336 3837 399 3898 fieri
413 3859 431 3898 a
444 3838 578 3898 fidelibus
591 3839 684 3918 primo
695 3859 810 3917 quoque
819 3839 1008 3900 hebdomadis
1022 3841 1077 3916 die,
1088 3861 1145 3918 quo
1155 3840 1265 3902 scilicet
1274 3841 1447 3902 Conventus

232 3917 342 3993 publici
365 3917 428 3978 fieri
453 3919 540 3978 etiam
553 3917 706 3993 debebant,
732 3919 811 3996 quod
826 3919 899 3997 petit
912 3941 930 3979 a
944 3921 1151 3982 consuetudine
1176 3921 1357 3997 Judaeorurn,
1382 3924 1444 3999 qui,

233 3997 405 4058 observante
429 4000 559 4074 Philone,
585 4007 614 4058 et
637 3997 777 4076 Joseph0‚
808 3999 932 4077 singulis
963 3999 1126 4077 sabbathis,
1152 4000 1259 4078 quibus
1286 4002 1445 4062 convenire

233 4077 373 4152 solebant,
389 4079 525 4138 collectas
539 4078 632 4138 iacere
647 4078 779 4138 solebant
798 4078 828 4138 in
852 4079 1017 4158 synagogis
1038 4099 1075 4139 ex
1096 4079 1216 4140 decimis
1230 4089 1259 4139 et
1273 4079 1340 4139 aliis
1355 4101 1443 4159 spon-

232 4155 326 4214 taneis
337 4156 548 4232 collationibus,
560 4178 625 4235 qua
635 4165 735 4237 postea
743 4159 926 4218 mitterentur
937 4159 1170 4237 Hierosolymam
1184 4159 1214 4218 in
1228 4177 1313 4218 usum
1327 4161 1447 4238 Templi

232 4243 263 4296 11
277 4235 454 4294 Levitarum.
484 4237 558 4310 Quia
572 4257 641 4315 ergo
657 4238 789 4298 Ecclesia
803 4239 1068 4317 Hierosolymitana
1082 4247 1199 4317 propter
1211 4241 1445 4316 persecutionem

231 4315 254 4376 J
254 4315 412 4391 udaeorum,
423 4317 639 4394 peregrinorum
649 4318 805 4380 multorum
814 4319 981 4396 adventum,
991 4327 1023 4380 et
1035 4318 1202 4384 continuum
1213 4319 1243 4376 in
1253 4321 1445 4398 propagando

233 4395 395 4473 Evangelio
410 4396 512 4471 zelum,
534 4397 632 4474 inopie
644 4397 731 4458 valde
745 4397 935 4475 premebatur,
958 4397 1118 4476 Apostolus
1132 4399 1204 4473 vult,
1219 4406 1252 4458 11
1266 4397 1369 4460 fideles
1383 4401 1444 4459 col·

231 4474 322 4534 lectas
336 4476 367 4534 in
381 4476 445 4554 ejus
459 4497 543 4536 usum
557 4477 672 4536 iaciant.
716 4477 758 4538 Ut
778 4497 850 4554 ergo
870 4477 1005 4538 collectas
1020 4477 1134 4537 ordinat
1148 4479 1241 4555 primo
1255 4497 1373 4556 quoque
1395 4480 1443 4539 die

231 4553 437 4632 hebdomadis3
459 4555 502 4616 ite
522 4564 551 4617 ot
576 4557 744 4616 Conventus
766 4557 899 4634 publicos
912 4557 943 4618 in
956 4557 1062 4635 quibus
1076 4558 1208 4622 solebant
1220 4558 1283 4618 fieri
1308 4569 1445 4622 censetur

231 4633 418 4720 1111111111
432 4637 588 4716 ordinasse,
604 4637 725 4716 valjam
738 4636 885 4698 ordinatos
899 4635 1076 4698 1111111111
1090 4637 1301 4716 comprobasse.
