3108 5198
109 373 212 423 eussr.
229 352 289 434 xa]
613 371 652 410 ns
668 372 743 412 nsua
759 373 818 413 osi.
1276 359 1312 417 61

109 534 155 574 nec
172 515 263 593 juvat
277 514 422 590 latrones,
438 531 490 572 nec
511 511 615 590 probat
628 511 757 591 ipsorum
779 513 896 592 factum,
921 515 972 574 sed
988 514 1076 575 vitam
1098 535 1179 576 suam
1200 515 1317 576 redimit

110 595 243 654 solvendo
258 593 349 672 quod
372 592 495 670 jurando
508 593 649 670 promisit.
692 594 793 653 Potest
807 615 877 653 vero
891 596 967 654 malo
980 596 1048 654 huie
1062 615 1114 673 pro
1128 596 1206 654 virili
1217 616 1315 655 occur·

108 695 171 750 rere,
187 675 389 752 Magistratui
408 673 516 732 furtum
536 673 701 732 revelando.
744 675 805 732 Nec
820 674 916 734 obstat
930 675 955 733 si
971 677 1115 753 juraverit
1136 675 1254 752 insuper
1273 676 1315 734 la-

109 755 176 814 troni
189 754 362 828 silentium,
377 753 445 830 quia
464 761 509 812 est
526 753 723 830 juramentum
747 753 828 813 dere
852 755 961 830 illicite,
977 754 1056 832 quod
1079 755 1167 814 habet
1191 756 1316 833 speciem

108 835 224 913 alicujus
239 833 419 892 collusionis
434 853 499 891 cum
520 833 689 908 latronibus,
705 841 735 891 et
756 834 782 892 si
802 835 1001 893 maximenon
1024 835 1151 910 haberet,
1171 835 1316 912 justitiam

108 925 195 973 tamen
210 913 355 992 impedit,
370 913 516 990 improbos
529 912 560 969 in
573 912 684 970 malitia
695 933 747 971 sua
761 914 919 990 confirmat,
931 924 961 973 et
970 915 1110 992 proximis
1121 915 1151 972 in
1162 915 1316 974 discrimen

108 995 168 1052 vite
182 993 344 1053 incidendi
358 992 538 1052 occasionem
558 992 676 1070 praebet,
692 1001 722 1051 et
743 993 785 1050 sic
801 994 901 1052 multis
914 995 1008 1053 modis
1022 994 1052 1051 in
1066 995 1210 1071 pietatem,
1229 995 1315 1071 justi-

107 1073 170 1132 tiam
184 1083 214 1132 et
228 1074 411 1132 charitatem
425 1081 534 1149 peccet.
615 1103 620 1114 ·

142 1154 179 1213 V.
202 1154 274 1212 Hoc
289 1153 391 1231 ipsum
416 1151 600 1210 confirmatur
620 1152 753 1229 exemplo
774 1152 971 1212 Israelitarum
995 1173 1065 1231 erga
1079 1153 1319 1230 Gibeonitas,qui

107 1231 169 1290 lieet
181 1231 283 1292 fredus
311 1253 381 1292 cum
395 1231 467 1309 ipsis
487 1232 651 1308 juramento
666 1233 808 1290 sancitum
821 1232 965 1306 fecissent,
981 1232 1049 1291 dolo
1063 1234 1190 1310 ipsorum
1204 1232 1319 1310 decepti

108 1313 185 1388 quasi
209 1322 317 1372 essent
332 1311 479 1389 peregrini
499 1331 515 1368 e
536 1310 609 1368 locis
631 1311 839 1385 remotissimis,
854 1310 968 1371 detecto
982 1320 1082 1390 postea
1096 1311 1162 1370 fuco
1176 1322 1205 1371 et
1218 1313 1319 1371 fraude

108 1411 160 1450 oon
173 1393 355 1452 rescindunt
364 1392 569 1468 juramentum,
585 1390 637 1449 sed
650 1390 796 1448 bonafide
810 1391 938 1468 Implent,
954 1392 1087 1469 quamvis
1101 1401 1197 1452 essent
1210 1413 1248 1450 ex
1261 1393 1322 1451 illis

109 1471 249 1547 gentibus,
266 1491 350 1550 quas
364 1471 445 1529 Deus
459 1469 646 1528 internecioni
661 1469 825 1545 devoverat,
841 1471 863 1530 J
865 1491 907 1529 os.
922 1471 962 1530 ix.
979 1474 1025 1546 19,
1050 1475 1067 1504 “
1082 1471 1143 1530 Nos
1153 1473 1320 1549 juramento

108 1552 292 1626 promisimus
308 1552 355 1610 eis
368 1570 421 1627 per
433 1549 579 1609 Jehovam
594 1549 689 1608 Deum
703 1550 827 1625 Israelis,
843 1550 908 1609 ideo
929 1570 1006 1610 nunc
1018 1571 1077 1609 non
1091 1571 1244 1628 possumus
1258 1560 1320 1611 tan·

110 1651 171 1706 gere
185 1653 246 1690 eos.
271 1633 347 1690 Hoc
361 1630 500 1688 iaciamus
514 1629 564 1702 eis,
580 1637 613 1686 ut
626 1649 676 1687 eos
691 1649 839 1688 servemus
859 1630 889 1687 in
903 1629 973 1704 vita,
989 1638 1094 1689 utnon
1109 1630 1149 1689 sit
1162 1651 1248 1707 super
1268 1651 1322 1690 nos

13 1775 14 1790 ,
111 1710 279 1788 indignatio,
295 1719 419 1788 propter
432 1707 504 1767 illud
514 1709 710 1784 juramentum
724 1727 782 1784 quo
793 1709 956 1784 juravimus
970 1710 1041 1767 eis.''
1084 1709 1123 1768 Et
1137 1729 1173 1767 ne
1188 1710 1253 1785 quis
1266 1711 1323 1769 hoo

110 1789 211 1850 lactum
225 1800 376 1868 tanquam
401 1789 466 1846 Deo
479 1787 574 1846 minus
587 1787 741 1865 probatum
755 1787 881 1861 damnet,
906 1797 1020 1864 gratum
1035 1787 1091 1845 sibi
1105 1787 1193 1845 fuisse
1206 1788 1274 1847 laeta
1294 1796 1324 1848 et

13 1869 14 1902 1
112 1871 280 1930 miraculosa
295 1868 425 1928 victoria
447 1875 578 1942 testatur,
602 1867 667 1926 Jos.
682 1887 712 1924 x.
730 1869 776 1925 13.
819 1867 859 1925 Et
873 1886 938 1925 cum
955 1867 1033 1942 Saul,
1049 1866 1155 1942 elapsis
1164 1867 1226 1944 jam
1240 1887 1258 1924 a
1271 1867 1323 1925 Ire·

13 2009 14 2012 ,
113 1949 173 2008 dere
194 1960 321 2010 centnm
345 1948 437 2022 annis,
464 1946 603 2023 quosdam
627 1945 824 2005 eGibeonitis
848 1945 1009 2020 occidisset,
1031 1954 1154 2004 testatus
1177 1955 1220 2005 est
1243 1947 1324 2006 Deus

13 2027 15 2100 1
114 2039 248 2105 quantum
260 2029 323 2089 sibi
334 2029 442 2086 factum
450 2027 505 2085 hoc
516 2026 696 2103 displicuerit
706 2025 836 2084 immissa
849 2024 932 2101 fame,
951 2045 1005 2084 nec
1018 2025 1075 2084 nisi
1090 2025 1245 2102 suspendio
1260 2046 1323 2104 sep-

116 2117 168 2166 tem
181 2110 315 2168 filiorum
334 2107 431 2166 Saulis
446 2106 556 2183 expiari
570 2106 665 2182 potuit
678 2105 734 2163 hoe
747 2105 914 2182 perjurium,
930 2110 948 2163 2
966 2105 1043 2163 Sam.
1058 2104 1120 2163 xxi.
1138 2107 1163 2180 l,
1179 2114 1283 2182 etseq.

150 2189 203 2246 VI.
227 2190 271 2250 Ut
290 2188 411 2264 Religio
425 2186 590 2246 Juramenti
609 2185 734 2263 pertinet
754 2183 792 2243 ad
805 2184 898 2244 forum
912 2185 1063 2260 divinum,
1086 2185 1133 2243 Ita
1146 2205 1205 2243 non
1225 2186 1326 2246 subest

116 2265 172 2326 Ioro
183 2269 329 2344 humano,
346 2265 433 2326 Unde
454 2265 527 2324 nulli
541 2265 640 2342 generi
655 2273 705 2323 aut
718 2264 813 2324 ordini
836 2265 985 2323 hominum
1000 2274 1044 2324 est
1058 2283 1195 2323 cocceam
1209 2265 1324 2328 absolu·

116 2347 153 2404 tio
165 2369 183 2406 a
194 2349 395 2422 duramento,
417 2345 475 2404 Vel
498 2365 536 2403 ex
560 2353 622 2403 toto
644 2363 695 2422 per
708 2344 960 2422 dispensationem,
983 2365 1048 2421 quae
1062 2353 1107 2404 est
1124 2345 1248 2423 simplex
1261 2346 1325 2403 viu-

117 2427 169 2485 euli
183 2429 304 2501 solutio,
329 2427 379 2486 vel
403 2446 440 2484 ex
464 2433 545 2502 parte
566 2444 618 2501 per
631 2424 883 2484 commutationem
906 2424 1055 2500 solvendo,
1078 2433 1202 2502 quaest
1216 2425 1326 2484 vinculi

119 2505 152 2564 sb
164 2528 219 2568 una
232 2509 361 2567 materia
374 2505 405 2563 in
418 2505 504 2563 aliam
518 2503 678 2563 translatio.

119 2623 191 2670 ³Pro
232 2628 291 2674 irio.
318 2625 360 2671 F,
421 2584 495 2643 Vll.
517 2583 615 2642 Tertia
630 2584 812 2660 Propositio:
834 2585 920 2643 Fides
935 2587 1040 2660 jurata
1054 2584 1138 2642 etiam
1151 2583 1287 2642 loeretr'eis
1301 2592 1329 2642 et

146 2641 360 2756 aym-,una
381 2665 534 2744 infidelibus
552 2666 703 2722 sananda.
746 2664 907 2741 Opp'onitur
930 2663 1080 2722 sententiaa
1104 2671 1227 2740 receptae
1249 2662 1327 2740 apud

146 2745 203 2788 Μ
232 2745 361 2789 sannen
383 2743 560 2819 Pontificius,
584 2743 671 2802 fidem
693 2743 839 2802 haereticis
853 2763 912 2800 non
936 2763 1000 2802 esse
1015 2743 1195 2816 servandam,
1212 2762 1276 2819 quaa
1298 2750 1328 2802 et

147 2803 273 2846 munta.
382 2823 522 2902 superiori
536 2823 634 2882 seculo
649 2832 678 2883 et
691 2823 746 2881 hoc
760 2831 859 2881 nostro
873 2821 1080 2881 horrendarum
1104 2823 1283 2879 lanienarum
1298 2831 1328 2880 et

123 2905 237 2966 caedium
264 2905 406 2964 adversus
429 2904 627 2962 Protestantes
648 2903 772 2961 nefande
796 2903 995 2975 exercitarum,
1022 2901 1076 2960 fuit
1098 2901 1327 2959 fundamentum.

125 2983 210 3044 Primi
220 2987 311 3063 hujus
325 2983 453 3062 perfidie
468 2983 603 3041 authores
617 2983 733 3041 fuerunt
746 2982 802 3060 ipsi
817 2980 973 3039 Pontifices
987 2979 1120 3052 Romani,
1135 2979 1186 3054 qui
1200 2979 1255 3036 hoc
1269 2999 1327 3036 non

128 3065 208 3124 modo
221 3073 380 3139 senserunt,
404 3062 456 3122 sed
470 3071 499 3122 et
512 3063 607 3140 palam
631 3061 754 3140 professi
777 3069 852 3134 sunt,
877 3069 907 3118 et
924 3058 1008 3136 praxi
1025 3078 1077 3116 sua
1096 3057 1326 3133 eomprobarunt.

133 3145 158 3200 l.
178 3145 281 3203 Contra
294 3143 568 3203 Excommunicatos
583 3141 647 3220 (qui
660 3142 732 3220 ipsis
746 3148 814 3200 sunt
837 3139 902 3197 loco
925 3135 1098 3216 infidelium)
1125 3137 1325 3213 Imperatores,

132 3219 224 3300 Reges
233 3232 262 3282 et
272 3224 427 3301 Principes,
436 3222 542 3299 quibus
555 3241 609 3281 nec
623 3221 680 3300 ipsi
693 3221 779 3279 fidem
795 3226 920 3292 servant,
930 3237 984 3276 nec
999 3235 1114 3276 servare
1128 3217 1201 3274 alios
1215 3215 1327 3277 volunt.

129 3299 206 3376 Quod
220 3313 346 3382 coeptum
359 3324 377 3361 a
392 3303 534 3379 Gregorio
549 3302 609 3361 III.
622 3311 721 3362 contra
736 3300 863 3358 Leonem
878 3297 938 3357 ΙΙΙ.
954 3297 1186 3355 Iconomachum.
1208 3301 1236 3354 2.
1253 3297 1327 3355 Con·

128 3387 167 3440 tra
179 3383 310 3442 infideles
324 3403 342 3441 a
361 3382 502 3459 religione
523 3381 641 3456 alienos,
665 3389 698 3440 ut
712 3388 825 3439 constat
838 3379 887 3438 vel
901 3397 938 3436 ex
952 3397 1010 3436 uno
1034 3377 1167 3454 exemplo
1183 3375 1328 3436 Uladislai

129 3459 249 3522 Poloniae
260 3463 353 3540 Regis
364 3471 464 3521 contra
473 3461 664 3520 Amurathem
674 3461 806 3534 Tuream,
822 3459 873 3536 qui
885 3457 1009 3536 impulsu
1019 3457 1041 3516 J
1042 3457 1132 3516 uliani
1141 3465 1170 3516 et
1179 3456 1328 3515 Francisoi

128 3540 319 3602 cardinalium
334 3541 428 3601 foedus
442 3541 573 3612 violavit,
596 3549 626 3600 et
638 3540 724 3599 fidem
740 3539 838 3597 datam
858 3537 953 3614 fregit.
996 3539 1024 3596 3.
1048 3537 1155 3595 Contra
1167 3545 1329 3614 praetensos

128 3619 292 3698 Hereticos,
309 3631 342 3680 ut
356 3622 462 3680 factum
475 3639 545 3698 erga
554 3622 576 3680 J
578 3639 699 3678 oannem
715 3619 845 3676 Hussum
859 3626 888 3676 et
903 3617 1004 3675 Hiero.
1019 3617 1196 3694 Pragensem
1206 3616 1237 3674 in
1252 3616 1327 3675 Con-

127 3701 186 3762 cilio
200 3701 429 3762 Constantiensi.
472 3700 556 3774 Quod
570 3701 675 3759 acriter
688 3719 706 3756 a
720 3699 741 3758 J
743 3698 844 3756 esuitis
857 3697 944 3755 hodie
957 3696 1098 3755 retinetur
1111 3705 1140 3756 et
1154 3705 1283 3773 urgetur.

160 3783 250 3842 VIII.
274 3783 383 3840 Fateor
404 3781 558 3839 nonnullos
572 3799 609 3838 ex
630 3777 798 3852 Pontificiis,
818 3795 891 3854 quos
912 3785 972 3835 tam
995 3776 1163 3854 propudiosi
1183 3775 1328 3851 dogmatis

126 3861 215 3936 pudet,
231 3862 270 3920 ab
284 3863 340 3920 hac
364 3860 454 3938 impia
468 3859 610 3918 sententia
624 3858 716 3916 videri
730 3857 848 3932 alienos,
875 3857 933 3915 imo
953 3876 1060 3933 negare
1075 3856 1129 3913 hoc
1143 3854 1250 3929 dogma
1264 3873 1327 3913 esse

128 3937 324 4002 Pontificinmz
349 3939 409 3999 Sed
431 3939 537 3998 frustra
552 3948 581 3997 et
595 3938 668 3997 falso
682 3938 738 3996 hoc
751 3937 810 3995 dici
823 3945 910 4014 patet,
927 3937 975 3995 vel
990 3957 1027 3994 ex
1040 3955 1099 3993 uno
1114 3933 1236 3992 Concilii
1250 3933 1325 3991 Con-

126 4022 286 4081 stantiensis
297 4020 423 4094 decreto,
441 4017 517 4078 Sese.
535 4021 581 4078 19.
625 4021 642 4050 “
659 4017 789 4076 Praesens
804 4025 903 4075 sancta
919 4015 1054 4093 Synodus
1068 4034 1106 4072 ex
1126 4012 1231 4089 quovis
1245 4013 1327 4073 salvo

126 4101 264 4160 conductu
278 4121 332 4178 per
346 4099 562 4175 Imperatorem,
573 4105 602 4157 et
616 4097 689 4155 alios
704 4095 794 4154 seculi
814 4095 972 4172 Principes,
986 4093 1139 4168 hereticis,
1154 4091 1202 4150 vel
1217 4092 1253 4151 de
1266 4093 1325 4152 hea-

125 4181 176 4238 resi
188 4179 347 4239 diti'amatis
362 4177 511 4256 (putantes
525 4177 641 4236 eosdem
656 4177 697 4235 sic
711 4196 729 4234 a
743 4175 803 4234 suis
818 4175 962 4234 erroribus
975 4172 1134 4253 revocare),
1156 4191 1327 4250 quoeunque

125 4259 233 4320 vinculo
248 4281 280 4320 se
295 4258 493 4331 astrinxeritrt,
508 4276 654 4331 concesso,
676 4255 787 4314 nullum
808 4254 876 4312 fidei
891 4253 1046 4313 Catholicae
1061 4254 1110 4311 vel
1123 4253 1145 4312 J
1146 4251 1327 4310 urisdiotioni

125 4337 332 4399 Ecclesiasticae
346 4336 547 4415 prejudicium
568 4336 707 4414 generari,
722 4334 771 4393 vel
784 4334 1020 4410 impedimentum
1035 4331 1164 4409 praestari
1177 4349 1264 4405 posse
1277 4330 1326 4388 vel

123 4417 220 4480 debere
234 4419 375 4491 declarat,
392 4416 545 4492 quominus
557 4415 636 4475 dicto
657 4415 739 4472 salvo
753 4413 898 4472 conductu
911 4433 969 4471 non
983 4413 1124 4482 obstante,
1139 4408 1226 4465 liceat
1239 4407 1260 4465 J
1262 4408 1325 4466 udi·

123 4499 144 4556 ci
158 4499 334 4577 competenti
356 4505 387 4554 et
402 4495 614 4570 Ecclesiastico,
635 4494 672 4552 de
692 4493 859 4570 hujusmodi
872 4510 1058 4570 personarum
1073 4485 1217 4545 erroribus
1231 4485 1324 4562 inqui-

121 4597 185 4656 rere,
200 4590 230 4639 et
243 4579 319 4638 alias
333 4583 437 4635 contra
450 4595 499 4634 eos
512 4574 609 4634 debite
623 4573 786 4652 procedere,
796 4573 971 4648 eosdemque
984 4567 1094 4647 punire,
1110 4570 1249 4654 quanmm
1260 4565 1323 4638 jus·

121 4658 177 4718 titia
190 4658 339 4732 suadebit,
362 4655 390 4714 si
410 4673 477 4715 suos
497 4675 606 4716 errores
627 4672 762 4714 revocare
776 4651 960 4730 pertinaciter
973 4649 1189 4708 recusaverint:
1210 4642 1324 4702 etiamsi
