3152 5198
248 381 305 439 586
661 385 754 426 rocus
770 384 903 424 uncinus
917 367 1037 424 esurus.
1264 370 1394 444 [qum.
1412 385 1459 425 ιη,

391 593 396 604 ,
543 529 588 588 11.
612 525 745 600 Adoptio
765 531 866 615 autem
886 523 934 580 hic
954 539 973 579 a
992 521 1078 612 uobis
1092 539 1152 611 non
1166 521 1303 594 sumitur,
1318 531 1354 615 ut
1367 525 1459 616 alibi,

245 595 322 710 ce
333 591 481 696 eece·
502 599 1459 755 Just

246 769 273 826 4.
315 766 448 840 Neopto
464 763 629 840 adoptionis
642 780 726 816 sensu
741 770 768 816 et
782 725 845 826 uba,
860 775 927 832 quae
945 756 979 812 fit
992 773 1044 830 per
1058 723 1334 830 emancipatione-m,
1350 761 1458 834 qualis

246 845 388 919 competit
407 844 544 902 fidelibus
564 839 646 897 Novi
667 835 857 904 Testamenti,
879 834 933 909 qui
952 834 1024 910 quia
1043 833 1140 890 adulti
1157 833 1229 890 faeti
1249 843 1329 905 sunt,
1344 845 1377 894 et
1389 857 1459 896 non

246 924 377 998 amplius
392 929 463 980 sunt
476 919 672 984 minorennes
687 916 828 972 dicuutur
839 912 984 987 Spiritum
995 909 1163 985 adoptionis
1176 912 1330 986 accepisse,
1345 922 1377 971 et
1389 933 1457 973 non

246 1001 377 1076 amplius
396 999 473 1058 servi
492 1003 644 1063 vocantur,
665 1011 720 1050 nec
740 993 830 1048 modo
852 1009 1005 1047 servorum
1025 990 1181 1058 habentur,
1196 991 1248 1046 sed
1268 991 1322 1048 filii
1336 1003 1411 1050 sunt
1425 1001 1458 1050 et

246 1081 386 1147 haeredes,
402 1075 453 1150 qui
467 1075 523 1130 hoc
532 1073 602 1146 jure
616 1075 759 1146 gaudent,
775 1069 843 1127 Gal.
862 1068 902 1126 iv.
917 1067 944 1125 5.
985 1065 1017 1126 N
1019 1085 1052 1124 ee
1065 1085 1119 1142 pro
1133 1066 1299 1143 adoptionis
1313 1071 1459 1146 monpes-

247 1157 354 1212 tatione
366 1153 461 1228 plena,
476 1169 543 1226 quae
558 1151 589 1207 in
604 1148 830 1208 Resurrectione
843 1147 947 1203 sutura
960 1153 1085 1220 estque
1096 1163 1184 1202 sensu
1196 1146 1299 1203 fideles
1308 1148 1459 1206 dicuntur

246 1238 400 1306 expectare
423 1229 624 1303 adoptionem,
647 1229 688 1285 id.
713 1224 945 1299 redemptionem
970 1222 1100 1297 corporis
1124 1223 1179 1292 sui,
1204 1222 1292 1282 Rom.
1316 1225 1377 1282 viii.
1403 1228 1457 1284 23.

247 1309 305 1368 Sed
329 1327 382 1382 pro
407 1307 521 1365 aedone
546 1307 603 1364 Dei
624 1306 763 1381 juridica,
777 1321 838 1378 qua
860 1320 898 1358 ex
919 1319 1001 1358 mera
1024 1319 1079 1357 sua
1099 1301 1306 1372 misericordia,
1321 1322 1399 1378 quos
1415 1306 1457 1362 ab

246 1395 356 1446 aeterno
380 1386 471 1460 elegit
495 1387 533 1443 ad
558 1386 692 1454 salutem,
708 1401 760 1458 per
783 1381 872 1436 fidem
896 1379 927 1435 in
951 1379 1102 1436 Christum
1121 1380 1245 1453 adoptat
1258 1380 1289 1436 in
1304 1380 1455 1440 familiam

233 1481 340 1535 'suam
355 1473 385 1522 et
399 1481 507 1521 nomen
522 1481 556 1520 ac
565 1463 618 1536 jus
630 1463 761 1520 filiorum
775 1457 846 1532 ipsis
860 1457 989 1529 largitur
1003 1457 1102 1530 quoad
1116 1457 1331 1515 haereditatem.

247 1593 482 1653 Quidutsdopuot
543 1541 609 1598 111.
632 1539 677 1598 Ut
696 1557 766 1596 vero
787 1554 846 1592 vox
868 1533 1049 1609 Adoptionis
1068 1533 1161 1608 petits
1174 1541 1218 1592 est
1237 1555 1256 1592 a
1276 1554 1358 1592 more
1373 1537 1457 1594 inter

502 1619 638 1676 homines
658 1623 794 1691 recepto;
817 1613 867 1670 Ita
887 1613 963 1668 actio
983 1612 1049 1687 ipsa
1069 1612 1264 1686 multiplicem
1278 1615 1456 1690 analogiam

247 1695 338 1754 habet
359 1715 428 1752 cum
448 1697 608 1771 adoptione
629 1696 718 1764 civili,
740 1695 809 1750 licet
836 1691 867 1746 in
888 1689 979 1746 variis
999 1689 1089 1746 etiam
1113 1690 1240 1761 differat,
1265 1699 1295 1748 et
1319 1699 1454 1766 praestet.
1565 1711 1566 1724 ²

247 1775 380 1848 Adoptio
393 1774 502 1830 dicitur
515 1773 536 1831 J
539 1773 752 1832 uriseonsultis.
795 1769 888 1826 Actus
902 1767 1044 1843 tepeamus
1058 1767 1175 1824 imitans
1189 1779 1337 1840 naturam,
1352 1791 1456 1846 reper-

247 1864 294 1909 tus
308 1853 349 1910 ad
363 1851 478 1908 illorum
492 1851 634 1922 solatium,
650 1852 699 1927 qui
713 1851 812 1908 liberos
825 1868 882 1906 noa
896 1848 1008 1902 babent.
1051 1843 1096 1902 Ut
1106 1846 1154 1902 hic
1164 1847 1341 1920 requiratur,
1353 1849 1455 1922 primo
1565 1901 1566 1908 ,

247 1931 401 2005 adoptans,
420 1929 472 2004 qui
485 1929 576 2005 patris
590 1929 782 1987 autoritatem
795 1928 903 1984 habere
917 1930 1021 1998 potest,
1036 1923 1089 1998 qui
1103 1923 1261 1980 destitutus
1274 1925 1387 1998 liberis,
1401 1929 1456 1984 de·
1565 1973 1566 1976 ,

245 2007 357 2064 fectum
372 2013 486 2064 naturae
502 2010 619 2084 supplet
632 2025 685 2082 per
697 2009 803 2082 legem,
815 2011 845 2062 et
854 2010 1028 2061 extraneum
1042 2001 1145 2076 recipit
1154 2001 1185 2056 in
1194 2000 1340 2060 familiam
1354 2023 1454 2077 sunm,
1565 2063 1566 2066 ,

246 2092 277 2142 et
289 2084 422 2142 favorem
437 2093 594 2159 paternum
607 2085 652 2141 illi
666 2086 831 2160 pollicetur.
874 2081 901 2137 2.
924 2081 1104 2152 Adoptatus,
1118 2079 1171 2153 qui
1184 2081 1291 2136 transit
1304 2099 1322 2136 a
1335 2081 1456 2140 familia
1565 2129 1566 2150 ,

246 2171 371 2236 paterna
391 2163 421 2217 in
442 2163 579 2234 alienam,
602 2170 632 2221 et
651 2170 768 2220 mutato
782 2169 863 2219 statu
882 2165 981 2214 mutat
994 2175 1112 2226 nomen,
1127 2163 1157 2212 et
1171 2158 1272 2228 vitam,
1287 2157 1308 2214 J
1313 2177 1346 2215 us
1359 2161 1456 2218 habet
1565 2169 1566 2174 ’

246 2240 276 2296 in
299 2242 379 2298 bona
399 2247 530 2312 paterna,
552 2249 582 2298 et
601 2241 805 2299 haereditatem
825 2236 987 2313 imprimis;
1010 2233 1051 2291 Et
1063 2234 1191 2290 vicissim
1207 2253 1268 2292 sese
1283 2237 1398 2311 obligat
1411 2241 1454 2295 ad

247 2317 347 2372 omnia
361 2317 456 2373 officia
475 2318 574 2374 filialis
598 2318 783 2375 obedientiae.
826 2315 876 2374 Ita
895 2315 926 2371 in
946 2315 1003 2368 hoc
1023 2312 1153 2386 negotio,
1170 2312 1304 2388 Adoptio
1324 2333 1385 2371 non
1406 2325 1455 2373 est

246 2401 329 2449 actus
350 2399 473 2460 naturae,
495 2396 546 2449 sed
567 2397 705 2468 gratiosae
726 2395 899 2465 voluntatis,
920 2409 1012 2468 quam
1026 2388 1115 2446 Pater
1127 2389 1253 2448 coelestis
1267 2391 1299 2447 iu
1312 2411 1366 2450 nos
1382 2412 1454 2452 exe-

246 2487 311 2526 rere
325 2469 430 2538 voluit,
446 2487 505 2542 quo
520 2487 617 2542 sensu,
634 2471 700 2528 Juc.
723 2472 741 2527 1.
765 2471 811 2541 18,
832 2472 941 2528 dieitur
961 2488 1012 2525 nos
1029 2467 1160 2544 petubas
1179 2467 1324 2526 uoluntate
1343 2491 1407 2542 esa,
1421 2479 1454 2530 et
1565 2467 1566 2535 ζ

247 2565 354 2604 nomeu
370 2545 467 2620 ipsum
483 2557 585 2607 aeneiae
599 2549 802 2606 voluntariam
812 2549 902 2604 istam
916 2554 946 2603 et
959 2547 1142 2606 liberrimam
1155 2547 1213 2604 Dei
1226 2549 1451 2624 dispositionem

247 2633 339 2684 notat.
382 2623 439 2682 Per
452 2623 542 2684 istum
557 2625 639 2684 Deus
652 2645 707 2684 nos
721 2633 877 2684 extraneos
891 2631 921 2682 et
934 2626 1115 2699 peregrinos,
1130 2625 1183 2699 qui
1199 2644 1316 2683 eramus
1331 2628 1452 2686 serviet

247 2703 395 2778 mancipia
415 2703 544 2776 Diaboli,
566 2705 706 2763 transfert
726 2723 763 2762 ex
782 2702 899 2760 familia
911 2703 1019 2760 veteris
1040 2703 1154 2760 Adami
1167 2709 1197 2759 et
1210 2711 1355 2778 potestate
1368 2713 1451 2762 tene-

247 2783 377 2853 brarum,
401 2788 430 2839 et
454 2783 571 2841 asciscit
594 2783 625 2840 in
649 2783 794 2842 familiam
818 2800 903 2838 suam
928 2787 958 2836 et
981 2799 1108 2854 regnum
1126 2781 1210 2850 lucis,
1225 2801 1259 2838 ac
1273 2781 1449 2856 dignitatem

246 2861 377 2918 filiorum
390 2860 476 2917 nobis
489 2863 591 2932 donat,
606 2862 637 2918 in
651 2880 711 2937 qua
726 2880 786 2918 non
801 2867 920 2918 tantum
937 2859 1101 2932 gloriosum
1121 2858 1362 2918 dulcissimorum
1374 2862 1451 2919 filio-

246 2957 314 2994 rum
336 2956 445 2994 nomeu
466 2939 552 2996 uobis
571 2940 738 3014 largitur,l
764 2939 836 2996 Joh.
857 2938 898 2994 iii.
921 2937 1056 3010 1,Apoc.
1080 2935 1109 2992 11.
1135 2937 1181 3006 17,
1204 2944 1234 2993 et
1255 2937 1295 2994 iii.
1320 2939 1366 3009 12,
1381 2958 1449 2996 cum

246 3015 412 3090 insignibus
436 3025 466 3073 et
491 3019 696 3075 stemmatibus
720 3020 758 3076 ad
782 3035 833 3074 eos
853 3015 1077 3092 pertinentibus,
1092 3015 1143 3071 sed
1168 3015 1257 3072 etiam
1276 3016 1330 3088 jus
1351 3017 1450 3074 datin

247 3095 349 3150 omnia
362 3095 441 3150 bona
455 3113 519 3164 sua,
534 3103 595 3152 tarn
609 3095 712 3170 gratiae
727 3113 817 3171 quam
827 3094 939 3168 gloriae,
952 3109 1019 3166 quae
1031 3092 1132 3148 omnia
1146 3093 1321 3152 baereditatis
1330 3095 1450 3151 nomine

247 3171 381 3240 veniunt,
396 3179 431 3226 ut
444 3191 511 3246 quae
526 3191 587 3229 non
601 3173 795 3248 acquirantur
808 3173 873 3228 ullo
887 3170 1002 3238 merito,
1018 3170 1069 3225 sed
1091 3187 1173 3226 mera
1188 3169 1284 3228 Patris
1298 3174 1404 3246 gratia,
1420 3172 1449 3228 ri

247 3249 416 3322 adoptionis
429 3250 467 3306 ab
481 3268 517 3306 eo
531 3251 616 3308 factae
628 3251 714 3307 nobis
724 3251 816 3324 gratis
826 3252 943 3306 dentur.
984 3246 1109 3322 Nosque
1120 3248 1248 3305 vicissim
1259 3257 1343 3306 tanto
1354 3249 1448 3306 amori

246 3327 407 3398 perfidem
428 3330 646 3402 respondentes,
668 3331 784 3385 cultum
805 3335 835 3384 et
855 3324 1029 3399 obsequium
1049 3325 1141 3382 filiale
1160 3325 1206 3381 illi
1226 3327 1449 3400 spondemus,2

248 3401 314 3458 Gor.
330 3401 369 3457 vi.
386 3402 431 3472 18,
448 3405 462 3459 1
480 3405 542 3461 Pet.
557 3407 576 3461 i.
593 3407 639 3474 15,
656 3407 702 3474 16,
722 3406 797 3463 Mal.
813 3405 831 3462 i.
847 3405 875 3474 6,
890 3403 917 3460 8.

542 3482 601 3539 1v.
626 3483 851 3558 Qualiseunque
861 3499 933 3538 vero
947 3479 986 3538 sit
998 3479 1146 3554 analogia,
1156 3499 1300 3554 magnum
1311 3489 1407 3539 tamen
1420 3489 1449 3539 et

245 3554 374 3603 Quomodo
384 3553 482 3624 diuturne
501 3560 693 3616 memorabile
702 3561 859 3617 discrimen
870 3575 984 3632 semper
994 3557 1157 3615 intercedit.
1199 3557 1231 3615 N
1233 3576 1282 3616 am
1293 3561 1374 3634 quod
1386 3559 1448 3616 Lex

284 3611 481 3712 {Zmffli‘w'w
500 3632 572 3690 facit
592 3635 670 3691 inter
692 3638 846 3707 bomines3
881 3636 941 3694 Hic
962 3641 1006 3691 est
1029 3654 1103 3709 opus
1127 3653 1216 3692 merae
1241 3643 1346 3697 stiuam.
1390 3635 1449 3694 llla

500 3709 622 3767 inventa
635 3721 679 3768 est
692 3714 730 3768 ad
745 3714 886 3771 solatium
898 3712 1032 3769 orbitatis
1043 3715 1081 3770 ad
1091 3715 1292 3789 supplendum
1301 3715 1450 3772 defectum

245 3797 380 3861 usturae;
405 3790 464 3850 Sed
477 3791 540 3846 haec
553 3789 587 3844 fit
600 3790 638 3845 ad
660 3790 800 3846 solatium
822 3801 959 3848 nostrum
983 3797 1110 3859 tantum,
1126 3809 1187 3847 non
1212 3792 1278 3862 Dei,
1293 3794 1344 3868 qui
1370 3791 1447 3850 Filio

248 3869 412 3942 Unigenito
427 3886 541 3928 summe
555 3867 767 3925 delectabatur.
810 3867 871 3924 Illa
885 3867 1041 3924 ordinatur
1054 3870 1092 3926 ad
1104 3869 1315 3926 successionem
1327 3871 1358 3926 in
1372 3871 1449 3927 bona

245 3949 337 4022 patris
351 3947 500 4016 deiuncti;
523 3945 582 4004 Sed
596 3945 654 4002 ista
667 3952 784 4002 tentum
799 3947 837 4002 ad
858 3944 1116 4019 participationem
1136 3947 1285 4004 bonorum
1307 3948 1405 4004 Patris
1417 3949 1448 4004 in

244 4033 390 4084 aeternum
404 4017 558 4082 viventis'
582 4023 643 4081 Illa
656 4030 753 4098 potest
766 4025 837 4080 dare
852 4041 969 4092 nomen,
985 4023 1097 4093 titulos,
1112 4030 1143 4080 et
1162 4024 1291 4098 insignia
1310 4027 1448 4096 filiorum,

245 4105 296 4159 sed
311 4123 370 4160 non
386 4105 520 4162 animum
534 4110 564 4160 et
577 4102 743 4176 qualitates.
788 4101 846 4160 Sed
860 4101 890 4158 in
905 4101 962 4159 ista
984 4099 1066 4158 Deus
1085 4102 1258 4175 adoptando
1279 4121 1330 4160 cor
1344 4111 1448 4173 mutat,

244 4187 274 4236 et
288 4181 396 4254 quibus
413 4182 465 4255 jus
479 4181 611 4236 filiorum
623 4181 751 4254 gratiose
765 4181 867 4250 donat,
881 4179 942 4236 illis
955 4179 1044 4234 etiam
1059 4181 1194 4236 animum
1208 4187 1238 4237 et
1251 4182 1449 4238 characterem

243 4258 374 4316 filiorum
386 4257 531 4332 imprimit
544 4275 597 4332 per
610 4257 748 4331 spiritum
763 4257 941 4331 adoptionis.
979 4254 1039 4312 Illa
1053 4273 1112 4313 non
1122 4257 1194 4324 facit
1204 4257 1307 4328 bonos,
1319 4261 1449 4333 sedsup-

243 4335 336 4408 ponit,
352 4353 405 4392 nce
418 4336 498 4392 enim
519 4335 677 4408 adoptaret
690 4337 780 4392 homo
795 4335 927 4409 aliquem
948 4335 979 4390 in
993 4333 1098 4404 filium,
1114 4335 1171 4390 nisi
1185 4335 1216 4391 in
1236 4354 1272 4394 eo
1286 4337 1450 4411 depreben-

242 4413 325 4468 deret
339 4412 453 4486 aliquid
469 4411 603 4470 amabile.
646 4411 705 4468 Sed
719 4412 776 4469 ista
789 4420 834 4470 est
848 4429 922 4486 opus
933 4429 1022 4468 merse
1032 4411 1146 4484 gratiae,
1159 4431 1225 4487 quae
1236 4432 1297 4472 non
1308 4414 1450 4488 supponit

243 4489 403 4564 quicquam
417 4489 489 4547 boni
510 4489 541 4544 in
556 4489 651 4559 nobis,
666 4489 719 4563 qui
743 4507 861 4546 eramus
884 4487 1004 4556 inimici,
1020 4489 1143 4546 rebelles
1164 4496 1194 4548 et
1217 4491 1448 4566 corruptissimi;

241 4566 283 4620 sic
297 4567 421 4638 adoptat
436 4565 527 4634 Deus,
542 4583 602 4621 non
618 4567 689 4639 quia
702 4567 774 4622 boni
788 4584 900 4634 sumus,
916 4567 968 4622 sed
983 4573 1018 4622 ut
1030 4567 1126 4622 bonos
1140 4569 1254 4626 reddat.

282 4639 320 4694 V.
343 4639 413 4695 Huc
434 4641 563 4712 pertinet
587 4641 748 4713 Dispositio
772 4641 1016 4710 'testamentaria
1041 4661 1131 4716 quam
1153 4645 1317 4702 instituisse
1339 4646 1448 4705 dicitur
