3146 5210
293 373 353 431 460
715 389 806 430 rocus
821 387 951 429 aceruus
966 387 1103 437 cursans.
1331 368 1457 451 [Quam.
1469 388 1495 426 rr.

292 555 346 612 que
364 535 444 591 Darsa
458 531 578 588 ethome
592 531 897 608 coacumnntqnidcm,
913 533 963 588 sed
976 532 1024 606 ita,
1050 541 1083 589 nt
1102 532 1131 588 ia
1156 539 1284 606 unaque
1300 533 1391 589 totius
1404 531 1456 586 acti
1462 561 1491 586 a.

289 613 528 690 plorsaeoliDeo
543 611 704 669 insolidum
719 612 805 669 adai
817 613 922 669 (161661.
960 611 1119 669 Conversio
1134 611 1292 668 habitualis
1318 631 1373 669 seu
1397 611 1488 688 passiva
1548 629 1549 640 *

291 693 326 752 fit
338 713 390 770 per
402 691 554 749 habituum
576 691 836 768 supernaturalium
858 691 1029 750 infusionem
1051 711 1069 748 a
1084 691 1196 768 Spiritu
1221 690 1352 750 Sancto.
1396 695 1496 748 Annali

292 793 362 831 vero
378 791 428 830 seu
443 772 539 829 activa
550 791 601 847 per
621 770 762 830 bonorum
778 772 898 830 istorum
912 771 1062 829 habituum
1078 771 1264 846 exercitium,
1282 792 1348 848 qno
1364 772 1497 830 acuisti-2.

291 862 321 912 et
335 851 519 931 peanitentiae,
535 859 565 909 et
578 850 684 908 dantur
698 871 715 908 a
730 851 802 926 Deo,
818 859 848 909 et
861 851 898 908 ab
912 851 1027 909 homine
1042 851 1207 909 eliciuntur.
1255 852 1320 910 Per
1340 853 1423 910 illam
1434 851 1497 908 hum

292 941 449 992 renovatur
471 940 500 990 et
524 930 702 989 convertitur
722 932 827 990 aDeo.
871 931 928 988 Per
941 931 1026 989 istam
1046 932 1134 988 homo
1159 951 1176 988 a
1200 931 1272 989 Deo
1303 941 1461 990 renovatas
1481 951 1498 986 r:

291 1032 449 1072 conversus
470 1011 612 1069 convertit
637 1030 668 1068 ss
690 1010 726 1068 ad
749 1011 852 1085 Deum,
875 1017 904 1068 et
922 1019 1004 1070 actus
1018 1011 1087 1088 agit.
1132 1011 1189 1068 Illa
1205 1011 1322 1070 melius
1337 1013 1487 1090 regeneri-,i

290 1094 405 1167 dicitur,
421 1091 489 1168 qnia
503 1111 534 1149 se
549 1090 636 1148 habet
650 1089 687 1147 ad
701 1091 818 1150 modurn
832 1110 916 1149 novae
931 1091 1100 1166 nativitatis,
1117 1111 1174 1168 qua
1184 1091 1279 1149 bomo
1292 1093 1467 1150 reformauit
1477 1112 1500 1146 a.

292 1173 448 1248 imaginem
464 1171 607 1229 Creatoris
622 1170 675 1228 sni.
712 1171 773 1229 Ista
793 1189 862 1229 vcro
877 1172 1036 1244 conversio,
1052 1171 1121 1247 quia
1136 1170 1264 1229 includit
1281 1173 1421 1230 bominis
1433 1173 1500 1249 ipsis·¹

292 1253 498 1331 operationem.
542 1249 624 1308 Licet
637 1269 707 1308 vcro
727 1251 826 1308 ordine
840 1251 978 1327 temporis
993 1253 1044 1308 vix
1059 1251 1201 1327 distingui
1216 1254 1346 1327 possint
1362 1253 1393 1310 in
1408 1254 1502 1311 adultis

292 1333 323 1390 in
350 1331 456 1408 quibus
483 1330 558 1388 actio
584 1331 640 1389 Dei
668 1331 862 1390 convertentis
883 1332 1037 1406 hominem,
1063 1350 1212 1407 nunquam
1241 1342 1294 1391 est
1317 1333 1387 1392 sine
1413 1335 1503 1391 artiora

290 1411 415 1471 hominis
438 1429 468 1469 se
493 1411 687 1469 convertentis
702 1410 739 1468 ad
764 1412 867 1485 Deum,
883 1411 983 1469 ordine
1011 1420 1107 1470 tamen
1135 1419 1248 1469 naturae
1281 1421 1315 1470 et
1344 1415 1503 1472 causalitat-

291 1491 453 1570 praecsdere
481 1490 586 1548 debeat
605 1490 762 1549 habitualis
789 1492 941 1565 actualem,
968 1499 997 1550 61
1017 1491 1092 1549 actio
1115 1491 1171 1549 Dei
1200 1492 1363 1550 actionem
1390 1495 1505 1552 homnis.

293 1573 368 1648 Quia
380 1572 461 1650 prius
475 1590 520 1629 res
545 1590 608 1629 esse
623 1570 717 1644 debet,
734 1590 820 1647 quam
835 1582 976 1650 operetur,
992 1579 1022 1630 et
1041 1580 1074 1629 ut
1095 1571 1192 1628 anima
1206 1589 1269 1628 uon
1297 1583 1408 1649 potest
1421 1575 1504 1632 elima

291 1663 373 1713 aetus
392 1650 574 1728 intelligendi
588 1659 617 1710 et
631 1650 757 1726 volendi,
773 1652 830 1710 nisi
844 1651 980 1729 potentiis
994 1650 1175 1710 naturalibus
1184 1651 1371 1712 intellectus
1383 1663 1414 1714 et
1423 1655 1506 1712 volun-

290 1735 359 1792 tatis
373 1733 513 1791 instructa
527 1732 557 1788 in
571 1749 676 1807 genere
692 1731 795 1806 Entis;
820 1732 866 1790 Ita
879 1751 937 1789 non
951 1739 1047 1807 potest
1060 1731 1134 1789 bene
1151 1730 1328 1808 intelligere
1346 1743 1382 1793 et
1404 1737 1505 1793 velleii

291 1833 396 1890 genere
410 1813 506 1886 moris,
519 1811 575 1868 nisi
588 1830 641 1887 per
654 1811 856 1887 dispositiones
871 1821 900 1870 et
911 1811 1027 1869 habitus
1042 1811 1279 1887 supernaturales
1295 1828 1450 1873 renovata
1475 1817 1506 1871 sir

291 1895 389 1952 Arbor
409 1893 486 1950 mala
499 1909 557 1949 non
577 1900 673 1968 potest
687 1891 778 1950 bonos
793 1892 902 1951 fruetus
923 1891 1005 1966 serre,
1020 1891 1076 1948 nisi
1097 1911 1135 1949 ex
1149 1891 1227 1948 mala
1241 1891 1330 1951 bona
1347 1897 1436 1970 prius
1449 1895 1506 1952 166.
1533 1949 1547 1970 ,1

291 1975 338 2033 sit.
381 1973 475 2032 Actus
501 1971 644 2029 secundus
666 1972 828 2030 necessario
851 1971 987 2049 supponit
1010 1971 1142 2048 primum,
1168 1980 1197 2030 61
1219 1971 1386 2048 objectum
1408 1976 1502 2053 quod.

290 2053 426 2112 facultate
441 2051 617 2129 apprehendi
631 2051 725 2126 debet,
741 2053 906 2111 facultatem
922 2053 1013 2129 ipsam
1028 2051 1081 2109 rite
1091 2050 1273 2127 dispositam,
1291 2056 1431 2131 requirit
1444 2075 1505 2114 ana-

290 2135 426 2192 cedenter
440 2133 477 2190 ad
492 2133 555 2208 ejus
576 2131 777 2208 receptionem.
821 2133 879 2190 Hic
894 2151 963 2208 ergo
977 2131 1086 2208 primus
1100 2141 1145 2189 est
1165 2129 1278 2208 gradus
1295 2135 1414 2210 gratiae
1429 2137 1503 2194 effia-

290 2215 412 2288 cis,qno
435 2212 514 2270 Deus
536 2212 648 2269 animos
670 2212 835 2270 Electorum
856 2213 957 2270 intima
978 2210 1102 2288 quadam
1127 2219 1156 2269 et
1183 2211 1319 2270 mirabili
1348 2219 1503 2294 operarias·

290 2301 449 2368 regenerat,
462 2300 491 2349 et
505 2290 596 2348 veluti
614 2291 649 2348 de
665 2311 741 2350 novo
756 2302 833 2351 creat
843 2291 1021 2350 infundendo
1037 2290 1175 2368 Spiritum
1188 2290 1365 2368 vivificum,
1377 2299 1431 2374 qui
1442 2299 1468 2354 in
1477 2299 1505 2352 {¹1-

288 2373 361 2429 tima
371 2371 473 2427 animae
493 2370 651 2446 penetralia
665 2371 810 2431 illabendo
819 2371 935 2448 refingit
949 2372 1076 2430 animum
1089 2371 1193 2446 ipsum,
1203 2370 1336 2432 vitiosas
1349 2378 1424 2452 ejus
1439 2379 1505 2434 incli-

289 2452 422 2509 nationes
437 2458 466 2506 et
479 2448 646 2524 praejudicia
661 2453 797 2528 sanando,
821 2461 850 2511 et
858 2451 984 2509 iudendo
993 2451 1036 2508 illi
1051 2451 1135 2525 vires,
1151 2459 1180 2508 et
1190 2451 1380 2529 principium
1399 2457 1505 2514 formas

290 2530 328 2588 ad
342 2537 423 2588 actus
438 2527 601 2606 spirituales
615 2537 643 2586 et
658 2530 829 2606 salutiferos,
845 2531 1009 2605 eliciendos,
1024 2549 1083 2607 quo
1100 2549 1185 2588 sensu
1200 2530 1333 2590 dicimur
1343 2555 1417 2595 esse
1433 2551 1506 2602 nna
1546 2567 1547 2574 κ

291 2621 353 2677 suot,
370 2629 438 2686 opus
452 2609 511 2667 Dei
524 2609 612 2666 acati
631 2609 660 2666 ia
676 2611 787 2671 Christo
811 2616 853 2671 ad
872 2613 944 2671 bona
968 2631 1065 2687 opera
1090 2609 1164 2686 Eph.
1188 2611 1216 2668 ii.
1235 2613 1285 2668 10.
1333 2615 1381 2674 Et
1411 2637 1503 2675 norun
1546 2631 1547 2634 ’

289 2691 471 2750 nativitatem
486 2688 695 2766 consequimur,
719 2712 756 2750 ex
776 2713 833 2769 qua
847 2701 928 2751 aetus
942 2691 1009 2749 fidei
1024 2699 1053 2749 et
1067 2690 1213 2748 charitatis
1224 2691 1399 2773 profluunt,
1416 2703 1430 2754 1
1449 2699 1499 2756 Jch

289 2773 329 2830 iv.
346 2775 373 2846 7,
389 2780 418 2830 et
433 2792 460 2830 v.
479 2773 504 2828 l.
548 2769 594 2827 lta
608 2770 763 2830 habitualis
785 2773 840 2831 ista
855 2772 1013 2830 Conversio
1028 2769 1159 2829 consistit
1172 2769 1202 2826 in
1216 2771 1381 2850 principiis
1397 2777 1505 2854 agendi

289 2873 354 2929 quae
371 2853 451 2911 Deus
465 2849 539 2908 indit
558 2849 743 2910 facultatibus
763 2853 888 2910 hominis
909 2851 1044 2929 compti,
1060 2859 1206 2927 quaesunt
1226 2853 1399 2927 qualitates
1415 2865 1511 2936 super·

288 2933 443 3007 naturales,
468 2952 520 2990 seu
538 2930 661 3003 habitus,
678 2939 707 2990 61
728 2932 941 3009 dispositiones,
964 2952 982 2988 a
1005 2930 1110 3007 quibus
1123 2931 1244 2988 resultat
1258 2937 1402 3007 potentia
1419 2939 1505 2996 actis:

289 3032 352 3071 6666
367 3010 562 3084 convertendi,
575 3011 676 3086 quales
693 3012 840 3090 Scriptura
853 3011 992 3088 intelligit
1005 3031 1056 3088 per
1072 3009 1131 3069 Gor
1141 3029 1250 3084 acaum,
1263 3031 1319 3087 per
1332 3034 1437 3075 semea
1449 3019 1504 3075 lul.

287 3113 340 3170 per
353 3095 454 3168 ociilos,
470 3111 562 3164 aures,
578 3100 694 3149 meatem
716 3101 745 3149 et
768 3093 831 3152 sim.
858 3111 922 3169 quae
937 3092 1075 3150 denotant
1089 3089 1199 3166 aliquid
1213 3091 1376 3172 inhaerens,
1394 3111 1426 3154 et
1450 3119 1503 3174 prr-

287 3191 416 3231 manens.

328 3253 418 3312 XIV.
443 3252 500 3310 Sed
515 3252 583 3329 quia
603 3250 709 3310 frustra
724 3261 800 3312 esset
814 3251 923 3329 primus
948 3252 996 3310 ille
1012 3251 1119 3328 gradus
1134 3249 1195 3308 sine
1210 3252 1352 3327 secundo,
1377 3257 1504 3315 Conver-

285 3331 397 3389 sionem
412 3332 588 3390 habitualem
618 3334 748 3408 sequitur
771 3333 901 3407 actualis,
919 3352 977 3409 quo
990 3332 1078 3389 borno
1101 3341 1183 3388 aetus
1204 3332 1273 3408 agit,
1299 3332 1369 3392 Deo
1390 3357 1431 3394 ex
1449 3340 1504 3413 ipss

285 3419 387 3468 sanata
398 3418 427 3469 61
437 3419 546 3469 mutata
555 3410 704 3472 voluntate
716 3422 811 3471 ectum
823 3413 917 3489 ipsum
929 3411 1063 3470 credendi
1074 3421 1104 3470 et
1118 3412 1307 3470 convertendi
1318 3415 1502 3490 proliciente,

283 3496 315 3545 61
336 3489 431 3546 anima
445 3490 508 3566 ipsa
532 3491 573 3548 sic
594 3498 672 3548 mota
695 3501 791 3550 actum
806 3513 890 3551 surim
910 3492 1028 3550 vitalem
1049 3491 1139 3550 libere
1150 3490 1308 3552 eliciente:
1331 3493 1401 3567 Quo
1417 3517 1500 3554 sensu

287 3565 367 3624 Deus
382 3568 487 3626 dieitur
497 3569 565 3628 dare
576 3587 633 3625 non
643 3579 755 3630 tantum
767 3573 927 3650 potentiam
942 3571 1085 3646 credendi,
1098 3571 1148 3630 se'd
1165 3579 1192 3626 st
1204 3581 1322 3640 eiectam,
1335 3594 1391 3633 seu
1407 3577 1499 3653 ipsun

283 3654 390 3723 actum,
408 3648 432 3704 P
433 3648 483 3705 llll.
499 3649 518 3706 1.
533 3651 581 3722 29,
598 3653 627 3705 ei
644 3659 670 3706 ‘ri
688 3659 763 3706 Siata
786 3661 826 3706 nai
851 3655 1028 3724 tumulandis
1037 3653 1220 3728 elperflcm,
1236 3673 1299 3730 Gap.
1315 3653 1345 3710 11.
1367 3659 1415 3731 13,
1433 3677 1498 3732 qlltl·

283 3733 369 3785 tenus
393 3727 515 3803 Spiritus
532 3727 561 3786 S.
577 3731 684 3788 excitat
705 3730 883 3790 intellectum
905 3741 934 3790 et
947 3732 1125 3791 voluntatem
1140 3744 1169 3793 et
1193 3733 1321 3809 reliquas
1341 3733 1498 3794 facultates

283 3807 370 3866 novis
383 3807 572 3886 qualitatibus
587 3810 722 3885 praeditas
745 3819 773 3869 61
795 3811 994 3886 sanctificatas,
1011 3812 1048 3870 ad
1062 3813 1190 3872 actiones
1214 3811 1307 3871 bonas
1328 3813 1497 3874 eliciendas.

281 3889 436 3964 Quomodo
450 3888 480 3946 in
494 3889 640 3950 reddendo
657 3891 721 3949 visu
736 3892 819 3949 caecis
835 3892 966 3951 Christus
980 3892 1038 3951 duo
1051 3892 1121 3968 egit.
1145 3893 1243 3951 Primo
1252 3893 1354 3951 oculos
1374 3897 1496 3972 aperuit.

280 3977 313 4028 et
327 3971 368 4028 ita
382 3970 441 4027 vim
452 3969 571 4028 videndi
585 3971 719 4045 restituit,
735 3971 839 4030 deinde
861 3971 929 4030 fecit
942 3980 974 4031 ut
995 3973 1096 4030 eodem
1110 3981 1256 4031 momento
1270 3973 1359 4031 bomo
1374 3975 1497 4034 viderer.

285 4049 332 4108 lta
359 4051 388 4108 in
412 4053 619 4112 resurrectione
649 4053 759 4127 Lazari,
783 4052 877 4110 ariima
904 4052 996 4128 prima
1023 4052 1078 4110 fuit
1096 4053 1209 4112 reddita
1237 4053 1360 4130 corpori,
1392 4055 1495 4112 deinde
1546 4125 1547 4128 Ἴ

281 4130 388 4188 vitales
402 4133 529 4191 actiones
551 4134 657 4193 elicuit.
703 4134 750 4192 Sic
766 4131 846 4190 Dens
868 4132 980 4190 actione
1005 4152 1058 4190 sua
1082 4133 1278 4210 omnipotente
1302 4134 1441 4210 producit
1469 4136 1495 4190 in

283 4208 399 4346 homipe
414 4231 465 4269 seu
481 4214 628 4274 voluntate
642 4235 734 4272 novas
749 4212 911 4290 qualitates,
937 4211 1041 4270 deinde
1064 4211 1130 4271 illas
1151 4211 1305 4271 facultates
1326 4215 1439 4273 excitat
1462 4215 1494 4272 nd

280 4308 357 4366 agen
380 4311 437 4349 um.

318 4369 390 4428 XV.
407 4369 489 4429 Licet
502 4393 572 4431 vero
586 4374 738 4449 utrobique
755 4373 834 4430 Deus
851 4371 980 4431 ethome
994 4379 1173 4446 concurrant,
1189 4372 1387 4432 diversimode
1399 4383 1492 4432 tamen

279 4458 464 4509 concurrant.
488 4451 561 4510 Nam
576 4452 772 4512 conversionis
786 4451 941 4510 habitualis
956 4453 1037 4511 Deus
1047 4462 1091 4512 est
1106 4453 1167 4511 sola
1180 4471 1277 4526 causa,
1300 4473 1366 4530 quae
1389 4473 1453 4513 cam
1469 4454 1494 4508 ii

286 4528 409 4604 Spiritus
423 4531 598 4590 vortieordia
612 4533 698 4591 efficit
709 4532 771 4590 sine
785 4531 845 4589 ulla
858 4533 983 4591 hominis
998 4533 1207 4610 cooperatione,
1224 4533 1275 4608 qni
1290 4533 1348 4608 hic,
1364 4535 1492 4611 quande·

279 4607 399 4682 quidem
414 4609 509 4686 agitur
524 4611 559 4669 de
575 4632 608 4670 eo
623 4610 798 4684 renovando,
815 4629 844 4668 se
858 4611 946 4670 hahet
960 4620 1071 4670 tantum
1082 4613 1194 4689 possins
1208 4620 1237 4670 61
1251 4615 1409 4689 subjectare,
1423 4633 1493 4691 qus·

279 4691 367 4743 tenus
390 4697 434 4746 est
454 4707 563 4748 mentm
588 4691 750 4767 subjectum
772 4689 913 4766 recipiens
933 4693 1075 4750 actionem
1106 4693 1170 4751 Dei.
1214 4691 1273 4750 Sed
1299 4695 1426 4753 actualis
1452 4717 1481 4752 re
