3186 5210
277 365 336 422 532
672 375 767 418 cocus
781 375 914 416 nscrnus
929 374 1072 420 onrnrus.
1280 361 1393 434 [auser.
1405 371 1458 413 ιιι.

280 541 334 580 nec
349 521 486 578 Adamas
505 520 603 594 potuit
622 535 742 594 peccare
762 517 897 594 quandiu
918 517 1131 591 perseverabat.
1173 515 1232 575 Sed
1252 516 1331 574 alind
1350 515 1458 571 intendit

280 601 444 670 JohanneS,
459 598 602 654 nimirum
626 605 661 654 ut
683 597 785 653 fideles
809 616 827 653 a
850 603 970 670 peccato
995 597 1099 652 saltem
1124 602 1266 670 regnante
1286 601 1457 662 assentasse

281 687 460 752 cognoscant
474 679 530 733 hoc
544 683 629 752 pacto
644 683 730 733 natos
753 693 791 730 cx
806 675 880 744 Deo,
895 675 926 730 in
941 687 1015 748 qnos
1029 693 1089 731 non
1104 674 1201 744 cadit;
1223 673 1254 730 N
1257 693 1294 730 on
1307 675 1360 730 hoc
1380 689 1458 738 sensu,

282 775 370 833 quem
380 756 465 814 nobis
475 755 623 828 affingunt
634 754 817 823 Adversarii,
834 752 906 809 “Ne
917 761 1042 826 peccate,
1052 754 1123 826 quia
1133 771 1194 809 non
1205 752 1324 826 potestis
1335 749 1458 826 peccare,''

283 852 372 910 quem
384 834 543 891 ridiculum
558 851 620 889 esse
634 839 769 902 constat;
794 833 844 888 sed
865 832 925 888 alio
950 831 1001 905 qui
1026 833 1165 905 optimus,
1182 839 1200 864 “
1212 831 1318 890 Cavete
1330 831 1421 886 trabes
1432 845 1460 881 ne

284 913 410 988 peccatis
425 912 621 985 indulgeatis,
632 912 714 985 quod
729 911 753 966 si
768 911 834 985 quis
844 909 942 978 faciat,
953 917 983 966 et
996 916 1101 966 natum
1112 929 1142 968 se
1153 917 1252 967 tamen
1267 928 1304 965 ex
1315 909 1374 965 Deo
1386 913 1459 981 putet,

285 992 414 1066 seipsum
427 992 515 1065 plane
530 989 657 1063 decipit;
679 989 730 1063 qui
744 990 823 1045 enim
844 997 933 1045 natus
954 996 998 1045 est
1011 1007 1049 1046 ex
1064 989 1138 1059 Deo,
1153 1007 1215 1046 non
1238 989 1280 1045 ita
1293 987 1380 1045 faeere
1394 985 1458 1049 solet,

286 1088 340 1126 neo
353 1071 475 1144 quidem
488 1068 551 1124 fieri
564 1074 671 1141 potest,
687 1074 721 1123 ut
735 1069 776 1124 sic
789 1067 909 1124 faciat.'’
952 1066 1044 1140 Porro
1059 1066 1282 1142 impossibilitas
1303 1067 1355 1122 ista
1373 1081 1422 1119 non
1438 1078 1460 1116 se

285 1155 368 1206 tenet
381 1166 417 1204 ex
431 1154 516 1220 parte
530 1145 668 1215 bominis,
683 1148 733 1202 sed
748 1164 785 1202 ex
804 1153 887 1220 parte
908 1147 1028 1203 seminis
1047 1147 1167 1203 fidelem
1187 1137 1462 1220 praeservandsatali

285 1228 381 1301 lapsu,
393 1233 423 1283 et
436 1243 473 1281 cx
487 1230 570 1299 parte
584 1224 728 1300 geniturae
743 1224 914 1300 spiritualis,
925 1244 992 1299 quae
1003 1243 1093 1282 cause
1103 1231 1148 1281 est
1158 1224 1244 1281 istius
1258 1219 1462 1298 perseverantie,

286 1313 316 1362 et
329 1323 396 1379 quae
411 1302 589 1379 apostasiam
603 1302 750 1372 excludit;
774 1303 818 1361 Ut
839 1311 864 1358 et
883 1321 943 1360 non
958 1321 1043 1378 posse
1054 1321 1183 1378 peccare,
1192 1311 1223 1359 et
1236 1321 1274 1358 ex
1288 1302 1348 1359 Deo
1359 1297 1432 1362 nasei,
1441 1312 1465 1350 ⁸⁰

287 1384 419 1440 habeant
432 1383 470 1440 ad
485 1382 620 1452 invicem,
636 1388 671 1437 nt
691 1400 780 1440 eausa
797 1390 826 1439 et
840 1383 986 1440 effectum.
1030 1382 1120 1440 Unde
1133 1399 1194 1438 non
1215 1388 1312 1455 potest
1330 1375 1462 1456 propositiO

289 1463 429 1537 Apostoli
442 1479 504 1519 esse
513 1462 651 1530 identica,
660 1479 695 1516 ac
708 1461 733 1516 si
747 1461 866 1532 diceret,
880 1460 940 1528 Qui
949 1479 1009 1518 non
1018 1468 1128 1535 peccat,
1138 1478 1200 1516 non
1211 1467 1320 1536 peccat,
1330 1477 1381 1515 nen
1392 1451 1465 1526 magis

290 1559 380 1616 quam
395 1542 459 1612 ista,
475 1541 535 1614 Qui
548 1547 637 1597 natus
653 1546 747 1596 estex
761 1539 891 1610 homine,
906 1538 1022 1596 ratione
1036 1540 1149 1608 utitur;
1165 1539 1239 1614 quia
1251 1541 1339 1596 homo
1352 1531 1465 1593 tidelisin

289 1621 422 1694 subjecto
437 1619 648 1756 prppodtionb
661 1617 836 1675 describitur
850 1619 888 1676 ab
902 1618 1026 1692 origine,
1041 1617 1073 1674 in
1085 1618 1249 1693 praedicato
1260 1609 1467 1690 veroaproprie-

290 1705 351 1756 tate
365 1698 472 1757 essenti
506 1698 523 1756 '.

384 1846 389 1858 ,
418 1845 441 1858 ..
588 1775 691 1834 XXV.
714 1775 785 1834 Huc
808 1777 957 1852 pertinent
980 1777 1090 1834 similia
1115 1776 1208 1848 varia,
1231 1775 1340 1851 quibus
1366 1769 1468 1847 Spiritus
1537 1775 1538 1802 r

334 1843 357 1890 Α
370 1845 490 1916 ⁸¹¹¹¹ll¹b¹¹⁸
548 1855 674 1913 Sanctus
688 1855 783 1913 utitur
794 1857 833 1913 ad
844 1857 1081 1914 adumbrandam
1095 1855 1180 1913 istius
1189 1856 1259 1912 vitae
1271 1853 1468 1930 perennitatem
1536 1853 1538 1896 ἕ

369 1917 449 1948 “⁰¹⁸¹
546 1940 582 1991 ut
601 1953 696 2008 quum
718 1934 870 1992 confertur
893 1935 1022 1991 “semini
1043 1933 1291 2008 incorruptibili‚”
1309 1935 1322 1990 1
1338 1931 1394 1990 Pet
1406 1929 1422 1984 i.
1434 1924 1470 1994 23,
1536 1937 1537 1994 ζ

292 2032 353 2072 ιιοιι
368 2020 486 2071 tontum
500 2013 531 2069 in
545 2031 575 2070 se
590 2013 762 2082 formaliter,
772 2015 823 2070 sed
838 2020 867 2071 et
880 2013 910 2069 in
921 2013 1006 2070 nobis
1019 2013 1161 2082 effective,
1173 2014 1247 2088 quia
1260 2011 1389 2087 producit
1397 2008 1470 2062 vium

291 2099 442 2162 aetamam,
457 2099 487 2147 ct
509 2093 590 2167 qnod
614 2099 715 2149 manet
729 2109 843 2166 semper
856 2093 887 2148 in
900 2091 991 2162 fideli,
1009 2092 1023 2148 1
1039 2091 1111 2149 Joh.
1125 2091 1167 2148 iii.
1183 2091 1202 2147 9
1218 2113 1226 2162 ;
1249 2099 1266 2125 “
1278 2089 1363 2149 Fonti
1375 2080 1469 2145 salienti

293 2169 325 2226 in
340 2171 431 2228 vitam
446 2175 598 2240 aeternnm,
613 2189 724 2245 exque
740 2171 873 2246 quisquis
886 2169 962 2227 bibit
975 2188 1036 2227 non
1050 2169 1128 2227 sitiet
1141 2169 1173 2226 in
1188 2171 1360 2239 aeternum,''
1374 2165 1392 2224 J
1395 2167 1434 2221 oh.
1442 2162 1471 2216 it·

294 2247 348 2318 14;
370 2247 548 2321 plantationi
562 2267 629 2322 quae
644 2267 703 2306 non
719 2249 868 2319 avellitur,
884 2249 980 2306 Amos
993 2249 1033 2306 ix.
1050 2248 1105 2318 15;
1128 2254 1145 2281 ‘⁴
1156 2248 1273 2306 Arbori
1293 2249 1420 2323 plantam
1443 2237 1471 2295 nd

293 2325 374 2380 rivos
398 2342 552 2398 aquarum,
568 2327 653 2398 cnjus
675 2326 782 2383 folium
803 2345 864 2384 non
887 2327 1026 2398 decidit,''
1041 2326 1120 2384 Psal.
1135 2327 1154 2383 i.
1170 2327 1197 2397 3,
1222 2334 1253 2386 et
1267 2327 1331 2384 xcii.
1348 2325 1398 2382 14:
1415 2317 1470 2376 Non

293 2401 366 2460 dicit
380 2408 497 2458 tantum
511 2421 620 2476 aquam
634 2403 721 2460 istum
736 2423 864 2475 manere,
879 2407 931 2461 sed
945 2405 1138 2480 multiplicari
1152 2423 1186 2462 ac
1203 2405 1320 2464 fontem
1340 2413 1472 2479 perennem

294 2479 368 2537 effici
382 2478 537 2537 salientem
551 2482 589 2538 ad
606 2479 696 2537 vitam
710 2487 861 2552 aeternam,
876 2483 978 2558 id.qui
993 2503 1011 2540 a
1023 2485 1154 2541 terrani
1177 2485 1287 2542 coelum
1302 2500 1398 2558 usque,
1410 2471 1473 2533 etad
1530 2472 1534 2495 '

295 2558 394 2617 Deum
408 2577 443 2616 ac
456 2559 550 2615 vitam
563 2565 703 2616 aeternam
718 2569 862 2634 assurgat,
877 2567 907 2618 et
920 2580 975 2619 nos
989 2563 1126 2633 deducat,
1141 2569 1176 2620 ut
1189 2581 1208 2618 a
1231 2562 1296 2621 Deo
1310 2563 1347 2620 nd
1367 2577 1414 2617 nos
1425 2557 1473 2611 dee

295 2639 453 2709 cenderat;
478 2643 513 2694 ut
538 2655 625 2711 aquae
652 2639 851 2697 salircsolent
874 2642 1024 2716 usquead
1048 2641 1242 2698 altitudinem
1269 2661 1330 2699 suae
1356 2633 1472 2711 originis:

297 2725 313 2751 “
324 2716 436 2775 Domui
450 2715 602 2774 aedidcatae
612 2737 701 2792 super
710 2720 845 2792 rupem,’'
860 2738 927 2792 ques
937 2725 996 2776 stat
1005 2719 1129 2776 immota
1139 2712 1473 2792 menevensespluvias
1536 2713 1537 2740 1

296 2803 326 2854 et
350 2803 516 2854 torrentum
530 2796 750 2866 inundationes,
766 2795 876 2855 Matth.
890 2797 941 2853 vii.
956 2798 1003 2867 25,
1018 2804 1049 2853 et
1063 2805 1166 2855 contra
1180 2815 1274 2872 quam
1287 2803 1376 2873 portae
1389 2791 1474 2850 insere

296 2893 364 2931 rum
378 2893 439 2932 non
452 2881 578 2949 possunt
590 2876 761 2949 praevalere,
776 2875 887 2933 Matth.
901 2875 961 2932 xvi.
979 2874 1023 2932 18.
1065 2874 1087 2932 J
1088 2893 1138 2932 am
1159 2877 1183 2934 si
1205 2876 1303 2934 fidelis
1321 2874 1372 2951 qui
1384 2891 1415 2929 ex
1428 2867 1474 2926 Deo

294 2959 385 3011 uatus
398 2959 450 3023 est,
462 2961 562 3026 posset
574 2954 637 3010 fieri
649 2955 729 3011 filius
743 2952 872 3024 Diaboli,
882 2954 906 3012 si
920 2971 999 3028 aqua
1012 2953 1150 3011 salutaris
1160 2956 1266 3029 gratiae
1275 2960 1371 3032 posset
1382 2947 1474 3026 penitus

296 3049 437 3101 arescere,
448 3030 473 3088 si
487 3030 553 3104 pius
566 3031 618 3106 qui
632 3050 719 3107 super
729 3050 834 3107 rupem
844 3033 1013 3090 seculorum
1023 3031 1187 3090 oedifioatus
1197 3041 1244 3091 est
1254 3039 1352 3110 posset
1359 3026 1474 3088 excidere,
1534 3059 1535 3087 r

296 3111 447 3184 quomodo
461 3117 561 3185 posset
574 3111 632 3168 dici
646 3129 744 3168 semen
760 3109 992 3186 incorruptibile,
1007 3115 1037 3168 et
1050 3128 1130 3185 aqua
1143 3112 1255 3170 saliens
1267 3113 1299 3170 in
1312 3111 1401 3168 vitam
1412 3110 1475 3162 ster·

296 3205 374 3258 nam,
389 3195 419 3245 et
433 3188 540 3245 domus
553 3189 621 3263 rupi
634 3189 834 3248 inaedificata?

337 3264 460 3323 XXVI.
483 3267 609 3325 Frustra
621 3269 660 3324 ad
677 3266 698 3324 J
700 3269 748 3325 oh.
760 3267 799 3324 iv.
813 3267 1012 3344 l4regeritur,
1034 3266 1144 3342 Primo,
1173 3271 1250 3346 “agi
1262 3270 1368 3329 devita
1380 3268 1474 3322 eterra
1532 3311 1533 3330 ι

296 3343 327 3398 ἱιι
342 3361 402 3416 qua
416 3343 478 3399 sitis
492 3344 620 3418 perfecte
634 3347 780 3420 expletur,
794 3364 854 3404 non
869 3366 940 3405 vero
954 3350 991 3405 de
1006 3346 1067 3404 vita
1080 3351 1192 3424 gratiae,
1207 3349 1239 3405 in
1259 3369 1320 3425 qua
1341 3345 1413 3405 sitire
1425 3341 1475 3394 bet·
1532 3343 1533 3384 ἓ

296 3425 362 3476 tum
372 3421 446 3488 est,'’
461 3420 572 3479 Mattb.
586 3439 614 3480 r.
626 3423 654 3494 6,
670 3430 687 3456 “
696 3424 756 3482 imo
771 3432 801 3481 et
810 3443 968 3499 possumus
982 3424 1139 3485 abibendo
1153 3431 1295 3485 cessare.'’
1309 3425 1385 3494 Quis
1393 3427 1476 3490 ⁸00P¹¹⁵

298 3495 407 3555 Christi
421 3505 466 3554 est
480 3501 633 3556 ostendero
653 3502 883 3578 praerogativam
898 3522 983 3579 aquae
1008 3504 1170 3578 spiritualis
1184 3525 1277 3581 quam
1298 3506 1394 3570 dabat,
1407 3506 1476 3568 supra

296 3591 405 3664 aquam
414 3575 623 3633 elementarem
636 3601 643 3636 :
658 3577 768 3651 Primo,
780 3581 811 3637 in
822 3599 857 3638 eo
869 3585 950 3658 quod
960 3600 1040 3659 aquo
1046 3585 1175 3658 putealis
1183 3603 1244 3642 non
1251 3587 1340 3659 plane
1348 3573 1478 3646 extinguat
1531 3575 1532 3580 ’

296 3659 385 3745 sium,
400 3652 453 3709 sed
468 3670 547 3744 aqua
562 3653 672 3742 (lhristi
686 3658 765 3716 sitim
779 3659 822 3716 ita
836 3662 962 3734 auferat,
978 3663 1078 3736 utqui
1099 3664 1189 3720 semel
1209 3663 1326 3734 biberit,
1341 3677 1398 3719 non
1416 3650 1477 3710 sitiat

296 3749 328 3788 111
342 3735 654 3822 aeternum‚n1mrrum
677 3735 726 3790 siti
748 3738 844 3795 totalis
866 3740 1040 3818 indigentie,
1055 3761 1121 3816 quae
1143 3742 1243 3818 impiis
1265 3737 1408 3816 competit,
1431 3728 1475 3786 1⁸³·
1530 3749 1531 3770 ¹

296 3809 357 3867 lxv.
375 3809 420 3880 13,
435 3810 504 3866 lroct
524 3809 619 3884 possit
632 3812 731 3869 adhuc
754 3815 836 3873 sitire
859 3819 908 3874 siti
930 3819 1066 3879 desiderii
1087 3827 1117 3877 et
1137 3820 1290 3878 fruitionis
1311 3815 1413 3884 totalis,
1426 3821 1476 3884 qnae

296 3906 411 3963 semper
424 3897 468 3946 est
481 3887 511 3945 in
526 3888 664 3948 fidelibus
677 3890 709 3946 in
722 3893 778 3950 hac
791 3895 864 3966 vita,
878 3899 931 3973 qui
945 3901 1080 3956 nondum
1094 3898 1215 3973 perfecti
1229 3905 1309 3970 sunt,
1327 3898 1340 3955 l
1357 3882 1476 3954 Petili,
1529 3861 1530 3939 l

296 3965 314 4021 3
327 3987 334 4036 ;
359 3967 505 4040 Secundo,
521 3969 601 4044 quod
616 3987 696 4044 aqua
709 3973 837 4046 putealis
851 3993 912 4033 non
926 3984 1046 4035 maneat
1056 3977 1088 4033 in
1098 3995 1134 4034 eo
1145 3977 1198 4052 qui
1210 3977 1295 4046 bibit,
1307 3975 1357 4033 oed
1370 3970 1477 4030 masan

296 4051 327 4101 et
340 4053 504 4118 evanescat,
517 4049 597 4104 unde
611 4067 714 4107 rursus
728 4051 807 4109 sitire
821 4055 954 4128 cogitur;
976 4058 1027 4113 sed
1041 4074 1122 4131 aqua
1136 4055 1247 4114 Christi
1261 4054 1298 4113 sit
1308 4055 1374 4111 fons
1386 4056 1477 4125 perma-

296 4140 371 4180 nens
385 4133 414 4181 et
428 4127 565 4199 perennis
579 4143 640 4184 non
660 4136 779 4187 tantum
800 4131 915 4188 ratione
929 4135 1043 4206 gloriae,
1059 4134 1111 4192 ubi
1132 4135 1288 4209 plenitudo
1310 4130 1391 4190 i'stius
1411 4133 1477 4193 tili
1527 4143 1528 4150 ’

297 4201 429 4292 nabiter,
442 4205 493 4260 see
507 4205 597 4263 enam
610 4205 641 4262 in
655 4209 713 4266 nae
725 4209 797 4279 vra,
811 4209 864 4267 un
882 4227 919 4266 ex
940 4211 993 4268 rna
1009 4213 1195 4286 jambibere
1215 4211 1388 4286 incipimus
1408 4195 1477 4259 Uule

296 4297 358 4336 non
372 4281 445 4337 drcrt
457 4281 572 4340 fontem
586 4283 677 4342 istum
691 4303 753 4344 esse
766 4287 858 4343 vitam
873 4295 1023 4360 aeternam,
1039 4292 1092 4347 sed
1106 4291 1192 4350 salire
1206 4291 1237 4346 in
1245 4290 1338 4346 vitam
1352 4289 1477 4344 maman,

298 4364 333 4415 ut
340 4357 484 4417 innuatur
492 4358 606 4418 fontem
619 4364 711 4421 istum
722 4380 880 4438 perennem
890 4366 956 4440 jam
965 4367 1096 4425 inchoari
1108 4369 1140 4425 in
1151 4370 1239 4426 eorde
1249 4366 1345 4426 fidelis
1354 4365 1384 4420 in
1394 4351 1476 4435 gratis

297 4436 393 4492 donec
406 4454 476 4493 eum
489 4437 619 4496 deducat
633 4443 774 4499 advitam
785 4449 926 4501 aeternam
933 4464 940 4514 ;
951 4451 985 4502 ut
998 4447 1072 4504 alibi
1087 4447 1222 4506 Christus
1236 4446 1315 4515 dicit,
1321 4444 1342 4502 J
1344 4435 1437 4500 obvii·
1443 4425 1478 4491 ³31

297 4530 335 4570 ex
349 4515 448 4604 eooqui
461 4515 554 4606 credit
567 4519 695 4592 flumina
708 4540 792 4596 aqaoe
805 4521 874 4579 victa
883 4523 1045 4601 ‘secutura
1061 4527 1212 4600 loquendo
1226 4527 1263 4583 de
1277 4523 1363 4582 donis
1376 4510 1479 4592 Spiritus

298 4590 408 4662 sancit
424 4611 476 4668 qur
490 4595 608 4652 dandus
621 4605 685 4655 erat
698 4599 894 4658 credentibus.
937 4600 1084 4674 Secundo,
1101 4610 1117 4637 “
1127 4606 1252 4663 verbum
1265 4597 1384 4662 bibendi
1402 4595 1477 4651 intel·

293 4683 360 4724 sum
374 4687 446 4742 esse,
460 4671 491 4728 id
505 4679 559 4745 est,
573 4681 674 4734 cetum
688 4677 863 4738 continuum
877 4679 926 4738 vei
946 4681 1052 4742 saltem
1064 4683 1185 4742 finalem
1199 4689 1310 4756 notare,
1325 4685 1359 4738 ut
1371 4689 1425 4734 non
1436 4667 1478 4722 11⁰⁰
