3146 5210
91 388 219 438 Qumsr.
235 367 291 450 xa]
447 393 485 432 nn
500 393 616 434 orrrcro
630 394 749 436 cnarsrr
763 394 957 436 unnmrosro.
1250 387 1308 443 37⁷

92 539 154 589 tat.
201 531 268 589 Huc
282 531 406 608 pertinet
420 535 497 611 quod
508 541 666 617 ἆπιλυτςοῦι
680 535 758 614 apud
774 535 905 610 Aristot,
922 535 1018 595 Ethic.
1040 537 1070 595 li.
1094 540 1121 596 9.
1144 560 1206 618 cap.
1222 547 1249 617 2,
1266 554 1310 604 est

95 612 200 690 Caput
214 612 332 670 alterius
347 611 447 689 Capite
462 635 515 673 suo
529 617 677 676 redimere.

142 691 238 749 VIII.
261 691 339 749 Hinc
353 703 432 768 petet
447 695 685 774 Redemptionem
698 696 793 770 istem,
806 715 858 754 nec
873 695 977 753 factem
989 716 1051 755 esse
1064 698 1232 775 simpliciter
1239 723 1308 778 pra-

94 771 176 829 tuita
190 773 412 848 manumissione,
429 776 523 851 qualis
537 786 581 836 est
595 797 752 850 servorum,
768 776 819 851 qui
839 796 857 833 a
878 775 1002 833 dominis
1016 777 1045 834 in
1060 778 1221 840 libertatem
1244 783 1309 842 mit-

94 860 214 926 tuntur,
229 871 283 909 nec
297 873 348 928 per
362 873 469 912 meram
482 857 611 914 virtatem
626 866 655 916 et
664 856 830 934 potentiam,
839 855 983 932 quomodo
998 858 1105 934 captivi
1119 870 1260 919 eruuntur
1273 883 1311 922 ex

95 932 239 990 manibus
252 932 388 1006 hostium,
404 955 462 993 nou
476 939 554 994 auda
564 937 779 1012 praestatione,
790 955 855 1012 quae
867 935 983 993 inbelle
997 935 1059 994 fieri
1074 939 1155 1014 solet,
1172 941 1223 998 sed
1230 945 1312 1017 justa

94 1011 294 1084 satisfactione
307 1013 402 1088 qualis
418 1025 462 1074 est
479 1017 641 1092 Sponsoris,
657 1017 708 1093 qui
718 1035 771 1093 pre
780 1015 910 1074 debitore
920 1016 1017 1074 solvit.
1060 1017 1142 1078 Licet
1157 1022 1233 1079 enim
1249 1043 1313 1098 gra·

95 1091 177 1149 tuito
191 1091 324 1150 liberatio
337 1092 434 1152 locum
448 1095 554 1154 hebeat
568 1106 700 1174 respectu
714 1096 810 1170 nostri,
827 1095 877 1171 qui
891 1096 982 1172 gratis
997 1104 1025 1155 et
1039 1118 1090 1174 per
1111 1101 1233 1174 gratiam
1256 1102 1312 1161 Dei

97 1190 262 1244 servamur,
278 1172 363 1230 Rom.
379 1175 419 1232 iii.
435 1179 482 1250 24,
506 1176 581 1253 Eph.
597 1178 626 1235 ii.
641 1177 669 1250 8,
686 1184 715 1235 et
728 1176 861 1234 liberatio
875 1177 1095 1252 perpotentiam
1109 1179 1156 1238 hic
1172 1181 1309 1258 obtineat,

96 1260 236 1328 respectu
250 1252 376 1329 Diaboli,
392 1273 408 1312 e
423 1256 506 1332 cujus
527 1256 680 1332 tyrannide
702 1275 753 1334 per
775 1255 883 1314 Christi
905 1255 1033 1314 Victoris
1052 1266 1081 1315 et
1106 1260 1310 1338 triumphantis

96 1331 240 1390 virtutem
254 1332 351 1390 educti
366 1355 472 1409 sumus,
490 1336 551 1394 Col.
567 1337 659 1412 itis,
676 1346 704 1395 et
718 1335 891 1414 permutatio
914 1345 1045 1412 respectu
1070 1338 1183 1415 Christi,
1210 1343 1260 1417 qui
1279 1345 1309 1400 in

97 1411 199 1468 locum
212 1421 342 1469 nostrum
358 1415 531 1474 substitutus
550 1427 612 1492 est;
642 1417 751 1475 Tamen
765 1423 897 1492 respectu
918 1416 977 1473 Dei
995 1418 1106 1475 Judicis
1123 1421 1205 1496 justa
1225 1423 1308 1481 satis·

98 1490 189 1549 factio
204 1491 380 1552 intercedere
395 1494 504 1553 debuit.

98 1609 123 1654 2.
146 1609 211 1659 Q„
230 1611 345 1656 cmm„
408 1574 468 1633 IX.
492 1575 656 1634 Secundum
669 1575 822 1634 deducitur
832 1575 937 1634 exiliis
950 1574 1031 1651 locis,
1046 1577 1097 1634 nbi
1114 1579 1241 1638 Christus
1250 1602 1309 1656 pro

132 1683 177 1726 pro
212 1671 281 1714 nobis
310 1675 348 1714 esc
368 1655 445 1712 nota
453 1665 579 1714 marmus
587 1656 701 1728 dicitur,
714 1675 772 1713 non
785 1664 898 1713 tantum
912 1655 982 1712 bono
996 1665 1025 1714 et
1039 1659 1190 1716 commodo
1204 1671 1307 1736 nostro,

132 1733 261 1778 ¹¹¹⁰ffl¹¹²⁵³
369 1732 520 1794 sedetiam
537 1739 596 1794 loco
610 1755 662 1813 per
675 1736 788 1812 proprie
803 1735 910 1793 dictem
925 1735 1166 1814 substitutionem,
1184 1740 1268 1799 Rom.
1279 1762 1308 1800 v.

102 1815 132 1886 6,
150 1817 177 1887 7,
202 1821 230 1871 st
249 1813 310 1871 viii.
330 1817 378 1888 32,
404 1817 418 1870 1
436 1815 498 1874 Pet.
515 1816 555 1873 iii.
573 1819 619 1874 18.
663 1817 751 1874 Hunc
766 1823 862 1874 eutem
877 1823 906 1873 et
919 1833 978 1872 non
993 1815 1081 1874 alium
1105 1837 1220 1876 sensnm
1245 1841 1308 1879 esse

103 1893 189 1951 istius
203 1893 315 1969 phrasis
329 1894 359 1950 in
373 1895 427 1952 hoc
442 1897 559 1972 negotio
573 1895 729 1973 colligitur.
774 1899 800 1953 1.
822 1894 897 1969 Quia
910 1895 972 1953 haec
993 1904 1037 1953 est
1059 1897 1203 1956 ordinarie
1218 1900 1307 1976 signi·

102 1973 201 2031 ficatio
228 1973 439 2050 praepositionis
462 1979 529 2055 berig,
553 1997 618 2053 quae
639 1977 685 2033 hio
706 1983 950 2052 usurpatamque
972 1994 1060 2051 quum
1082 1977 1179 2052 egitur
1193 1978 1228 2036 de
1243 1999 1306 2056 per-

102 2073 182 2126 sone,
206 2054 439 2130 subrogationem
454 2065 535 2115 notet
548 2055 626 2133 apud
637 2056 765 2130 Graece,
782 2055 866 2112 Rom.
881 2054 921 2112 ix.
938 2058 965 2130 3,
988 2055 1100 2130 dilapsa
1112 2060 1172 2137 bulg
1186 2057 1306 2136 ι’)ιλφόι,

100 2132 132 2190 id
147 2133 211 2191 loco
226 2133 353 2208 fratrum,
372 2136 455 2194 Rom.
468 2157 496 2194 v.
514 2139 540 2210 7,
556 2138 605 2194 aibr
618 2145 659 2194 cst
671 2145 702 2193 ut
709 2155 768 2211 pro
775 2138 853 2211 justo
867 2135 928 2210 quas
938 2137 1086 2210 moriatur,
1100 2137 1137 2195 id.
1153 2140 1217 2214 ejus
1231 2141 1304 2216 loco,

101 2221 135 2271 ut
151 2213 242 2289 Syrus
257 2215 344 2273 vertit
357 2235 408 2292 per
422 2225 481 2294 ψη.
524 2221 551 2274 2.
575 2215 649 2290 Quia
663 2216 732 2273 alibi
747 2214 917 2292 exprimitur
930 2235 981 2291 per
993 2219 1056 2290 circi,
1073 2217 1178 2276 Matth.
1190 2239 1240 2277 xx.
1257 2224 1304 2294 28,

100 2301 130 2351 et
143 2313 195 2369 per
208 2293 358 2375 imitago,
377 2299 391 2352 1
408 2297 481 2354 Tim.
497 2296 526 2354 ii.
543 2299 569 2371 6,
586 2295 664 2373 quod
675 2295 837 2353 necessario
852 2294 1085 2354 substitutionem
1106 2297 1250 2374 importet,
1266 2301 1307 2358 ita

101 2373 200 2430 datum
216 2385 260 2432 cst
272 2376 365 2452 Caput
378 2395 430 2452 pro
442 2376 551 2453 Capite,
568 2387 600 2434 ut
614 2395 651 2434 ex
665 2376 731 2452 lege
742 2374 871 2432 'Iulianis
885 2374 1010 2434 debebat
1020 2375 1090 2450 dari,
1104 2381 1236 2453 ὅφθαλμὶς
1251 2385 1306 2438 ἀντὶ

102 2458 244 2530 deturpat,
260 2455 364 2516 lllatth⁴
380 2476 409 2513 v.
425 2459 473 2514 38.
516 2459 543 2515 3.
566 2456 641 2531 Quia
650 2465 781 2514 mortuus
795 2454 901 2513 dicitur
914 2475 966 2531 pro
982 2455 1066 2513 nobis
1081 2458 1166 2515 modo
1181 2459 1306 2535 quodam

102 2535 251 2610 singulari,
268 2544 297 2592 et
310 2535 374 2594 aliis
389 2536 522 2594 omnibus
543 2534 814 2609 incommunicabili,
840 2555 898 2610 quo
919 2554 972 2593 nee
994 2535 1111 2611 Paulus,
1127 2557 1180 2596 nec
1203 2539 1307 2599 Petms

101 2623 223 2692 possunt
237 2615 294 2672 dici
309 2634 360 2692 pro
374 2616 459 2674 nobis
472 2617 578 2675 mortui
592 2625 621 2674 st
635 2615 774 2689 crucifixi,
800 2618 814 2672 1
832 2615 897 2673 Cor.
911 2615 931 2673 i.
949 2618 996 2673 13.
1040 2615 1083 2673 At
1096 2625 1216 2694 uterque
1230 2619 1307 2679 bono

101 2703 199 2753 nostro
220 2703 316 2772 potest
336 2695 393 2754 dici
414 2704 552 2770 mortuus,
575 2705 645 2773 pute
665 2695 703 2753 ad
723 2703 850 2752 nostram
870 2694 1097 2770 edificationem,
1113 2705 1142 2754 et
1156 2697 1224 2755 fidei
1238 2718 1306 2756 con-

100 2773 299 2833 firmationem.
342 2776 421 2852 Ergo
432 2775 621 2854 intelligenda
630 2784 659 2834 et
668 2795 742 2833 mors
753 2775 869 2848 vicaria,
882 2793 946 2850 quse
961 2775 1055 2832 necin
1070 2776 1236 2850 Apostolos,
1253 2798 1306 2836 nec

103 2855 132 2912 in
144 2855 288 2932 hlartyres
302 2855 396 2932 potuit
410 2855 521 2914 cadere.
564 2857 647 2914 Licet
660 2873 729 2913 vero
741 2854 877 2931 Apostoli
891 2855 1003 2930 possint
1011 2854 1069 2912 dici
1079 2856 1165 2913 etiem
1180 2857 1240 2932 pati
1253 2878 1306 2934 pro

104 2935 244 3008 Ecclesiae
260 2935 321 2993 Col.
337 2936 355 2993 i.
371 2939 418 3010 24,
442 2936 508 2994 Non
523 2937 652 3012 sequitur
666 2954 763 3012 parem
778 2953 841 2992 esse
852 2935 990 2992 rationem
1003 2954 1067 2992 cum
1083 2943 1173 2993 morte
1189 2936 1304 3011 Christi,

102 3015 169 3091 quia
182 3016 365 3092 patiebantur
378 3035 430 3092 pro
446 3016 577 3074 Ecclesia
601 3014 777 3089 aedificanda,
801 3013 1003 3086 confirmanda,
1026 3022 1055 3071 et
1075 3015 1258 3090 consolanda,
1275 3027 1307 3076 ut

104 3095 282 3172 exprimitur,
299 3099 317 3152 2
334 3096 398 3154 Cor.
414 3096 432 3153 i.
449 3098 475 3169 6,
493 3101 552 3176 tang
566 3122 608 3160 της
620 3099 686 3154 bair
699 3095 884 3174 augutinus,
900 3096 942 3151 od
963 3095 1049 3151 vestri
1071 3095 1284 3154 cumulationem
1293 3122 1306 3170 ;

102 3175 153 3232 sed
167 3175 299 3234 Christus
321 3177 400 3234 solus
424 3195 475 3253 pro
497 3196 531 3234 ea
548 3175 724 3234 redimenda.
767 3175 806 3232 Et
820 3173 845 3232 si
860 3173 997 3250 jubemur
1010 3173 1120 3231 enimes
1134 3194 1240 3250 ponere
1254 3197 1307 3253 pro

103 3254 243 3331 fratribus,
263 3260 276 3312 l
295 3255 364 3314 Joh.
381 3255 420 3314 iii.
439 3258 484 3330 16,
500 3265 532 3315 ut
552 3256 683 3314 Christus
705 3275 757 3332 pro
779 3254 863 3312 nobis
887 3253 977 3312 vitam
999 3273 1079 3312 suam
1100 3258 1204 3330 posuit,
1221 3257 1261 3314 ita
1275 3265 1308 3316 ut

102 3335 259 3412 periculum
273 3336 374 3394 mortis
388 3336 476 3412 edire,
491 3338 549 3394 imo
563 3345 593 3394 et
606 3343 727 3394 mortem
742 3335 833 3412 ipsam
844 3341 1009 3392 constanter
1018 3334 1113 3392 subire
1122 3355 1180 3392 non
1194 3356 1307 3395 recuse-

102 3435 172 3490 mus,
188 3417 302 3493 quoties
316 3416 365 3474 vel
380 3416 436 3475 Dei
450 3417 551 3494 glorie,
567 3417 614 3474 vel
629 3415 754 3492 proximi
775 3415 864 3486 sulus,
890 3421 919 3472 et
940 3413 1079 3472 Ecclesiae
1101 3414 1261 3491 aefflficatio,
1277 3417 1308 3475 id

102 3497 245 3572 postulare
260 3496 384 3572 videtur,
400 3498 476 3554 utin
491 3496 670 3573 Martyribus
691 3496 796 3552 visum.
838 3493 911 3552 Inde
932 3494 1049 3570 quidem
1063 3494 1136 3552 bene
1150 3496 1305 3573 colligitur,

102 3595 153 3634 nos
166 3577 221 3635 hec
236 3577 266 3634 in
280 3585 361 3653 parte
373 3577 538 3654 exemplum
554 3576 660 3635 Christi
675 3575 782 3634 imitari
796 3574 920 3633 debere:
942 3574 993 3632 sed
1014 3593 1073 3631 non
1093 3574 1160 3632 inde
1179 3577 1309 3652 sequitur

103 3656 184 3732 plane
199 3657 319 3716 eandem
335 3676 398 3715 esse
414 3658 553 3715 rationem
569 3656 669 3714 mortis
690 3663 796 3714 nostrae
820 3674 872 3731 pro
893 3654 1037 3728 fratribus,
1060 3673 1124 3730 quae
1139 3654 1193 3714 luit
1207 3658 1308 3716 mortis

104 3737 209 3795 Christi
223 3757 275 3814 pro
290 3736 383 3794 nobis.
427 3737 500 3795 Nam
518 3757 572 3796 nec
593 3755 746 3812 possumus
760 3754 812 3811 pro
827 3733 962 3793 fratribus
977 3733 1044 3792 dare
1059 3736 1209 3815 ὶπίλυτςυ,
1225 3745 1257 3794 ut
1271 3737 1309 3794 ab

105 3825 207 3872 esterna
221 3826 312 3875 morte
327 3837 377 3874 eos
395 3817 559 3891 liberemus,
584 3816 661 3874 Psel.
676 3815 748 3873 xlix.
766 3820 792 3888 7,
808 3834 860 3872 nec
876 3813 1016 3890 sanguine
1037 3825 1135 3872 nostra
1156 3835 1205 3872 sos
1228 3815 1308 3874 Petri

106 3895 295 3970 reconciliare,
312 3905 341 3954 et
355 3917 371 3954 a
385 3899 511 3974 peccatis
525 3897 673 3968 mundare,
689 3895 909 3972 quodChristus
928 3893 1070 3970 praestitit.
1113 3895 1216 3969 Itaque
1231 3914 1308 3952 mors

106 3982 201 4032 nostre
216 3975 360 4034 confertur
371 3997 436 4035 cnm
447 3987 539 4037 morte
549 3977 654 4037 Christi
668 3976 825 4034 secundum
835 3975 959 4051 aliquem
970 3974 1064 4046 finem,
1075 3992 1133 4029 non
1149 3973 1307 4030 secandum

105 4073 212 4127 omnes,
225 4055 381 4113 secundum
392 4059 537 4118 claritates
548 4059 713 4134 exemplum,
726 4075 783 4114 non
793 4075 863 4114 vero
874 4052 1032 4112 secundum
1041 4053 1237 4125 satisfactionis
1252 4073 1306 4110 rne-

105 4137 197 4207 riuum,
213 4141 242 4191 et
256 4135 396 4211 particula
409 4139 487 4203 satia
502 4139 718 4197 similitudinem
734 4136 877 4213 importat,
893 4153 952 4191 non
967 4131 1168 4207 aequalitatem,
1184 4140 1217 4188 ut
1237 4133 1307 4192 elihi

106 4235 189 4292 saepe,
205 4214 312 4273 Metth.
326 4235 355 4273 v.
371 4219 417 4292 48,
434 4229 463 4277 et
476 4220 516 4277 vi.
535 4224 580 4277 12.

195 4353 208 4378 .,
407 4297 448 4354 Χ.
470 4299 608 4373 Tertium,
624 4298 672 4356 Ex
685 4297 758 4354 locis
773 4295 802 4353 in
817 4295 922 4372 quibus
935 4291 1065 4350 Christus
1075 4300 1194 4365 peccata
1209 4301 1306 4350 nostra

104 4351 344 4467 3,,ἓζῒέοξξξξῇω
360 4386 491 4452 portasse
505 4378 618 4452 dicitur,
635 4387 664 4436 et
678 4387 794 4454 propter
808 4395 842 4434 ee
856 4373 986 4446 afflictus,
997 4370 1173 4463 vulneratus,
1184 4379 1213 4427 et
1231 4391 1306 4465 mor-

365 4465 440 4531 tuus,
456 4468 488 4517 ut
504 4461 518 4515 l
536 4459 599 4517 Pet.
611 4459 640 4516 ii.
655 4461 703 4530 24,
720 4457 782 4514 tulit
791 4463 909 4532 peccata
923 4462 1021 4512 nostra
1040 4471 1126 4527 super
1149 4453 1253 4526 liquam
1278 4473 1307 4509 m

104 4557 221 4614 corpore
231 4557 290 4611 sao,
306 4536 385 4612 quod
398 4557 436 4594 ex
452 4539 529 4596 Isaie
543 4539 623 4616 petit,
636 4557 698 4614 cap.
712 4537 774 4611 liii,
785 4536 835 4594 ubi
846 4535 882 4593 de
892 4534 1002 4592 Messio
1012 4533 1059 4607 agi
1070 4530 1171 4590 Chald.
1183 4529 1305 4607 Pamph.

104 4629 131 4678 et
145 4619 267 4676 Veteres
282 4617 304 4677 J
305 4617 381 4675 udaei
395 4629 565 4694 agnoscunt,
582 4619 724 4676 “morbos
738 4625 852 4674 nostros
867 4615 928 4691 ipse
942 4613 1069 4691 pertulit,
1079 4623 1108 4671 et
1118 4611 1232 4669 dolores
1241 4631 1307 4668 nos-

105 4711 161 4758 tres
175 4698 327 4776 bajulavit,
344 4698 392 4756 ille
408 4699 540 4758 atteritur
554 4699 591 4756 ab
605 4696 807 4774 iniquitatibus
823 4694 937 4766 nostris,
948 4693 1100 4768 castigatio
1108 4692 1188 4770 pacis
1202 4701 1308 4750 nostres
