3186 5210
217 355 275 412 502
627 373 721 413 rocus
737 371 870 412 enerues
886 369 1030 416 ausurus.
1241 355 1367 435 [esser.
1381 369 1419 412 rr.

219 513 291 570 facit
304 513 383 570 bona
397 513 502 572 futura
515 512 674 571 subsistere
688 511 869 586 speculative
884 510 915 568 in
935 511 1090 568 intellectu
1110 529 1162 586 per
1181 531 1353 583 assensum
1373 513 1419 570 sed

220 592 367 666 praecipue
377 595 505 666 practice
517 593 547 649 in
558 593 646 649 corde
657 609 709 665 per
719 591 859 647 fiduciam
869 597 899 646 et
909 608 999 663 spem.
1033 589 1123 647 Unde
1134 590 1212 648 ch.
1225 591 1267 648 iii.
1278 593 1307 660 6,
1320 591 1364 660 14,
1374 599 1419 646 ιιι

221 697 299 724 esaar
310 671 379 726 fidei
393 676 623 745 percrepuisset
638 669 778 726 fiduciam
788 667 911 742 exponit
922 667 1043 725 Paulus.
1087 667 1137 724 Ita
1151 675 1252 738 ἴλιγχις
1267 669 1373 726 dicitur
1382 669 1421 724 in-

221 747 392 818 visibilium,
403 750 474 823 quis
487 768 540 823 per
552 748 720 806 fiducialem
734 745 997 820 apprehensionem
1012 745 1090 803 sistit
1103 749 1190 806 oculo
1204 747 1277 805 fidei
1287 753 1421 820 tanquam

221 826 386 900 presentia,
401 846 468 901 quae
483 826 644 883 invisibilia
657 831 728 880 sunt
741 823 835 881 oculis
849 823 996 898 corporis;
1021 831 1055 881 ut
1073 824 1121 880 hic
1137 845 1199 917 non
1209 833 1318 912 agatm
1331 825 1367 880 de
1376 825 1421 880 de·

221 905 436 960 monstratione
451 923 530 961 mere
544 903 642 977 logica
655 911 685 960 et
696 902 865 972 theoretica,
877 920 944 977 quse
953 903 1106 960 seientiam
1119 904 1226 978 gigurt,
1237 905 1291 961 sed
1299 905 1336 958 de
1346 919 1422 975 prac-

220 981 279 1038 elea
293 989 323 1037 et
336 983 476 1051 fiduciali,
488 1001 556 1058 quae
567 981 683 1038 aditum
697 982 735 1036 ad
748 978 847 1036 Deum
861 988 955 1054 parat,
968 981 1090 1038 Romu.
1104 982 1215 1052 alies.
1232 982 1273 1038 xi.
1283 981 1310 1038 6.
1332 979 1393 1037 Nec
1401 979 1422 1034 si

223 1058 300 1114 inter
309 1066 393 1116 actus
401 1061 479 1130 fidei,
486 1061 522 1116 de
532 1057 857 1133 qualequiturPaulus,
864 1057 1133 1128 Heb.xi.,refertur
1142 1060 1250 1117 notitia
1256 1057 1422 1124 Creationis

222 1154 281 1192 ver.
294 1137 321 1207 3,
334 1139 467 1212 sequitur
477 1137 597 1196 excludi
610 1137 768 1206 fiduciam
783 1136 854 1210 quia
867 1136 957 1192 unius
967 1136 1073 1210 positio
1085 1156 1145 1194 non
1156 1145 1200 1194 est
1210 1136 1345 1194 exclusio
1358 1135 1423 1192 alte·

221 1215 292 1271 rius.
335 1216 425 1282 Quod
439 1216 526 1274 facile
540 1233 576 1273 ex
591 1214 733 1288 exemplis
746 1214 784 1270 ab
799 1212 947 1287 Apostole
961 1215 1060 1271 allatIs
1080 1216 1149 1272 fidei
1170 1215 1297 1272 Patrum
1318 1213 1423 1285 colligi·

221 1301 279 1361 tur,
292 1311 358 1366 quae
368 1312 427 1351 non
439 1301 557 1352 tantum
571 1300 641 1350 sunt
655 1291 836 1366 speculativa
844 1292 959 1360 mentis,
974 1294 1066 1348 sedet
1078 1293 1231 1350 fiducialis
1242 1293 1348 1360 cordis,
1358 1307 1424 1364 qua-

222 1377 309 1427 tenus
324 1369 427 1429 Patres
441 1371 687 1448 promissionibus
703 1369 760 1426 Dei
773 1386 834 1425 uon
854 1369 952 1425 solum
965 1377 1045 1426 certe
1058 1372 1176 1442 assensi,
1188 1373 1241 1428 sed
1260 1377 1291 1427 et
1310 1369 1424 1426 firmiter

222 1448 323 1504 confisi
336 1449 470 1521 fuerunt,
481 1459 516 1509 ut
526 1450 663 1523 exempla
674 1446 798 1516 Enochi,
811 1446 937 1516 Noachi,
950 1447 1126 1519 Abrahami,
1138 1449 1243 1520 Masis,
1255 1454 1286 1506 et
1296 1447 1425 1514 aliorum,

224 1533 380 1584 testantur.

265 1604 344 1662 XII.
367 1606 457 1673 Quod
471 1625 526 1680 pro
541 1607 656 1680 objecto
670 1605 761 1662 habet
775 1609 871 1660 totum
890 1603 944 1660 Dei
962 1602 1097 1660 Verbum
1111 1611 1171 1661 tam
1192 1606 1330 1680 generice
1344 1621 1425 1679 quem

225 1683 365 1755 specifice,
381 1687 411 1741 id
427 1703 486 1741 non
507 1692 551 1741 est
570 1684 688 1752 fiducia,
703 1683 808 1739 fateor.
851 1681 908 1737 Sed
923 1683 1004 1754 quod
1025 1701 1079 1756 pro
1094 1684 1210 1756 objecto
1231 1682 1381 1741 communi
1399 1686 1426 1735 et

224 1762 360 1832 generice
375 1764 464 1819 habet
479 1769 576 1820 totum
588 1761 644 1820 Dei
661 1761 804 1827 Verbum,
819 1766 916 1832 potest
930 1761 1037 1815 habere
1052 1779 1105 1834 pro
1121 1763 1241 1835 proprio
1256 1769 1287 1819 et
1301 1761 1426 1836 specifico

225 1839 431 1911 promissiones
444 1841 558 1914 gratiae.
602 1840 677 1906 Quae
693 1839 748 1894 sub
764 1837 839 1893 illud
854 1839 974 1905 cadunt,
989 1855 1041 1910 per
1054 1856 1214 1908 assensum,
1229 1841 1283 1896 scd
1297 1859 1363 1914 quac
1376 1837 1426 1896 sub

226 1917 290 1985 hoe,
305 1935 359 1989 per
379 1937 529 1975 assensum
544 1919 634 1974 simul
647 1925 677 1974 et
689 1915 836 1984 fiduciam,
852 1917 1022 1971 creduntur.

266 1993 364 2052 XIII.
391 1997 475 2053 Licet
492 2005 519 2051 ei
535 1998 653 2052 credere
677 1994 838 2068 aliquando
863 2001 996 2050 sumatur
1018 2012 1071 2066 pro
1092 1995 1228 2051 assentiri
1254 1994 1427 2070 simpliciter,

226 2069 257 2126 N
260 2088 299 2127 on
314 2075 447 2147 sequitur
460 2093 575 2150 semper
587 2075 631 2131 ita
644 2074 730 2142 surm,
744 2071 793 2127 vel
807 2077 901 2126 totam
915 2078 1053 2128 naturam
1067 2073 1136 2129 fidei
1150 2074 1213 2129 solo
1228 2091 1353 2131 assensu
1366 2089 1427 2129 eon-

226 2148 322 2219 tineri,
338 2152 410 2225 quia
423 2151 490 2210 aliis
503 2151 666 2209 innumeris
679 2151 709 2207 in
725 2149 797 2206 locis
810 2159 835 2204 et
846 2149 963 2206 credere
977 2167 1129 2206 assensum
1150 2158 1179 2207 et
1199 2152 1342 2209 fiduciam
1356 2167 1428 2206 com·

226 2226 374 2299 plectitur.

267 2302 358 2360 XIV.
380 2305 511 2363 Tantum
525 2308 617 2376 abest,
631 2315 666 2363 ut
680 2325 716 2363 ex
736 2307 872 2380 exemplo
884 2307 1025 2376 Abrahae,
1040 2308 1077 2362 de
1091 2325 1151 2380 quo
1166 2305 1255 2364 Rom.
1270 2308 1319 2378 iv,
1333 2304 1427 2378 colligi

225 2380 319 2454 possit
331 2383 420 2438 fidem
434 2401 493 2440 non
508 2403 570 2440 esse
589 2384 738 2451 fiduciam,
753 2391 787 2439 ut
801 2403 839 2440 ex
857 2403 892 2441 eo
906 2385 1015 2441 invicte
1029 2385 1249 2442 demonstretur
1271 2383 1426 2443 necessario

226 2457 258 2514 in
272 2475 308 2514 ea
321 2459 445 2531 includi,
460 2461 531 2535 quia
545 2480 605 2518 non
619 2468 717 2536 posset
730 2460 790 2516 diei
802 2472 974 2532 «separantes.
987 2469 1016 2519 et
1030 2461 1185 2520 credidisse
1198 2465 1250 2520 sab
1271 2485 1320 2540 spe
1335 2471 1428 2521 contra

226 2555 313 2610 spera,
330 2536 387 2593 nisi
406 2556 459 2612 per
482 2540 632 2609 fiduciam,
658 2545 804 2613 quatenus
827 2541 943 2596 finnam
966 2541 995 2596 in
1019 2541 1106 2597 corde
1117 2543 1300 2616 concepitde
1311 2541 1426 2599 veritate

227 2621 257 2672 et
268 2615 401 2689 potentia
411 2615 469 2673 Dei
479 2617 629 2687 fiduciam,
640 2617 710 2672 licet
720 2617 821 2673 omnia
829 2618 976 2675 contraria
986 2618 1166 2676 viderentur.
1183 2620 1233 2677 Ita
1243 2640 1305 2680 ver.
1318 2622 1364 2690 20,
1373 2635 1426 2674 non

226 2699 326 2768 posset
340 2693 397 2751 dici
413 2715 467 2752 noa
482 2697 623 2754 bcesitasse
637 2694 800 2772 dfidmhe,
815 2695 872 2752 nisi
886 2703 1034 2770 quatenus
1051 2715 1104 2770 per
1123 2698 1264 2756 fiduciam
1284 2699 1330 2755 iili
1343 2713 1427 2770 eppe

227 2773 315 2829 sitam
335 2775 524 2833 confirmatus
537 2775 595 2832 fuit
618 2777 760 2833 adversus
780 2793 816 2832 ea
836 2774 937 2831 emnia
956 2794 1023 2849 quaa
1041 2775 1156 2833 obstare
1170 2777 1349 2836 videbantur
1367 2791 1428 2848 pro·

228 2851 361 2908 missioni
375 2853 493 2910 divinae.

267 2927 339 2986 XV.
362 2930 394 2988 Si
407 2932 518 2989 fiducia
532 2949 551 2988 a
565 2931 753 2990 Scholasticis
767 2931 876 2988 dicitur
889 2951 952 3005 spes
966 2933 1113 3000 roborate,
1135 2934 1192 2991 hoc
1206 2931 1427 3007 intelligendum

227 3005 265 3061 de
278 3007 387 3064 fiducia
401 3010 473 3082 spei,
488 3029 554 3084 quse
569 3011 718 3080 adducis,
733 3028 799 3084 quae
813 3010 933 3085 propria
947 3018 991 3066 est
1003 3011 1081 3080 fidei,
1096 3011 1197 3069 differt
1206 3011 1237 3068 in
1252 3012 1352 3078 variis,
1365 3006 1429 3082 quia

227 3083 282 3140 illa
290 3093 334 3141 est
348 3093 466 3144 tantum
479 3088 576 3145 futuri
590 3090 670 3160 boni,
681 3089 738 3146 ista
751 3106 820 3145 vero
832 3095 876 3145 est
889 3089 1048 3161 praesentis,
1063 3089 1111 3144 vel
1125 3090 1211 3164 quasi
1224 3087 1384 3163 praesentis,
1398 3087 1429 3139 ut

228 3167 259 3218 et
272 3164 422 3235 praeteriti.
439 3165 500 3223 Illa
513 3185 567 3240 pro
581 3168 697 3241 objecto
718 3167 812 3240 magis
827 3167 917 3224 habet
931 3187 988 3223 rem
1012 3165 1107 3236 Verbi,
1124 3167 1164 3224 id.
1179 3169 1257 3224 bona
1270 3163 1426 3242 promissa3

230 3237 295 3296 Ista
307 3258 377 3297 vero
392 3244 490 3316 potius
500 3241 624 3301 Verbum
638 3247 689 3316 rei,
705 3263 757 3301 seu
766 3244 972 3318 promissiones
986 3245 1085 3318 ipsius.
1110 3245 1160 3302 Ita
1173 3253 1273 3303 tamen
1282 3244 1426 3308 differunt,

229 3323 264 3372 ut
277 3335 337 3372 una
350 3320 391 3376 ub
405 3320 500 3378 altera
512 3325 649 3396 pendeat,
664 3341 718 3380 nec
731 3323 858 3379 invicem
878 3323 1009 3397 separari
1022 3324 1143 3398 possint.

695 3537 888 3611 Qumsrro
910 3537 969 3596 xi.

681 3713 720 3752 DE
741 3713 870 3753 obsecro
891 3715 981 3754 FIDEI·

233 3857 384 3924 Quodnam
403 3853 438 3910 sit
458 3853 589 3928 objectura
610 3852 695 3911 Fidei
707 3853 735 3911 ia
747 3857 871 3991 ρεηῇνεὲ
906 3857 947 3913 Et
960 3855 1006 3912 An
1021 3855 1063 3912 itti
1075 3857 1180 3914 srtbessc
1197 3855 1286 3932 possit
1297 3848 1424 3930 falsane?

824 3954 869 4011 eg.

272 4095 297 4151 I.
319 4093 394 4168 Quia
410 4095 485 4150 circa
505 4092 572 4150 fidei
590 4094 729 4168 Objectum
750 4093 837 4152 variae
852 4102 1004 4152 moventur
1020 4093 1207 4170 Quaestiones,
1230 4093 1275 4152 De
1296 4093 1353 4150 illis
1372 4087 1423 4146 dis·

231 4174 319 4232 tincta
334 4173 497 4249 agendum
522 4173 601 4248 quod
615 4186 738 4250 quatuor
752 4173 1001 4250 Propositionibus
1015 4174 1239 4251 complectimur.

233 4279 316 4324 pem,
327 4279 471 4334 proposuero,
534 4252 575 4310 Il.
599 4253 696 4310 Prima
718 4253 897 4329 Propositi0:
922 4254 1062 4327 Objeetum
1074 4255 1148 4331 fidei
1166 4255 1244 4312 debet
1253 4273 1309 4312 esse
1326 4263 1422 4318 emant

261 4336 472 4392 deobjtseeofidet
494 4351 544 4389 nec
570 4332 613 4389 illi
627 4341 721 4408 potest
740 4334 848 4389 subesse
862 4334 981 4406 falsum.
1027 4332 1112 4390 Ratio
1136 4342 1188 4407 est,
1212 4333 1280 4409 quia
1302 4329 1423 4389 Verbum

261 4395 473 4496 zlfflmdffiffi‘}
494 4409 550 4467 Dei
571 4411 663 4468 solum
685 4419 729 4469 est
749 4411 892 4486 objectum
915 4409 991 4483 fidei,
1014 4412 1092 4486 quod
1109 4423 1153 4470 est
1167 4413 1355 4484 verissimum,
1376 4423 1422 4496 nec

261 4523 325 4553 suin.
347 4484 353 4504 ’
492 4497 587 4565 potest
601 4490 653 4546 ulli
667 4490 756 4547 errori
769 4490 818 4547 vel
832 4489 982 4547 mendacio
1003 4491 1159 4550 obnoxium
1182 4513 1253 4567 esse,
1270 4511 1327 4549 non
1340 4500 1424 4562 magra

232 4586 318 4696 paam
336 4567 414 4622 Deus
428 4566 489 4641 ipse
503 4569 566 4642 ejus
581 4569 691 4641 author,
702 4570 752 4644 qui
766 4577 810 4625 est
824 4568 968 4644 ipsissima
979 4570 1094 4644 veritas,
1110 4573 1216 4648 quique
1228 4581 1259 4630 ut
1270 4591 1326 4628 non
1341 4567 1426 4646 potest

244 4643 302 4714 alli,
319 4643 358 4699 ita
372 4663 424 4699 nec
440 4654 533 4718 potest
547 4665 709 4720 quenquam
735 4645 841 4720 fallere,
866 4647 980 4704 mentiri
994 4650 1117 4708 nescius.
1161 4651 1203 4708 At
1218 4651 1242 4708 si
1257 4650 1323 4708 fidei
1336 4647 1424 4725 possei
