3146 5210
239 357 313 421 418'
623 377 715 420 noous
736 376 866 418 oremus
887 375 1031 426 Quassus.
1235 351 1368 435 [osmer.
1387 371 1450 412 ιιι.

242 521 358 582 fuorunt
372 518 551 594 sanctificati,
567 517 644 578 Hah.
669 539 700 577 x.
720 521 768 595 29,
784 538 842 577 non
855 526 951 596 potest
974 515 1137 593 intelligere
1151 513 1276 593 priorem
1291 512 1452 572 sanetifica-

242 603 360 676 tionem,
375 619 440 676 quse
460 607 505 658 ast
531 597 758 673 inadmissibilis,
773 619 811 658 err
832 597 1064 657 Reformatorum
1087 593 1250 673 hypothesi,
1275 593 1337 654 Sed
1359 601 1455 672 poste·

244 681 358 754 riorem,
387 679 481 756 qualis
509 687 553 737 est
574 699 681 753 eorum,
710 680 762 756 qui
788 678 956 756 profitentes
976 676 1180 752 Evangelium,
1206 683 1236 733 et
1265 675 1454 733 Sacramenta

244 759 382 836 baptismi
393 759 484 834 tincti,
513 757 587 816 illud
608 759 717 835 ejerant
730 779 782 836 per
800 758 1023 835 abnegationem
1044 756 1153 815 Christi
1177 762 1207 813 et
1225 754 1404 832 apostasiam
1419 753 1455 810 ab

247 839 420 916 Evangelio.
477 838 628 912 Quomodo
653 858 719 896 reus
743 837 849 896 dicitur
874 837 1008 914 Corporis
1029 845 1059 895 ct
1081 834 1237 912 Sanguinis
1263 835 1385 909 Christi,
1406 833 1455 910 qui

245 939 351 999 panem
366 918 597 978 Eucharistioum
621 916 742 993 indigne
759 918 856 993 sumit,
894 921 908 974 1
927 918 992 976 Cor.
1006 915 1047 973 xi.
1063 919 1111 990 27,
1136 917 1184 973 29.
1235 913 1364 973 Accedit
1378 912 1455 992 quod

247 1020 312 1059 cum
327 999 419 1057 oratio
442 997 579 1074 Apostoli
593 997 631 1056 sit
654 997 850 1073 hypothetica,
872 1017 931 1055 non
953 995 1095 1070 absoluta,
1111 994 1322 1054 connexionem
1337 995 1455 1070 quidem

246 1077 445 1139 antecedentis
466 1096 531 1135 cum
548 1086 741 1153 consequente
762 1085 852 1151 notat,
868 1095 920 1135 scu
933 1075 1004 1153 quid
1017 1074 1145 1134 futurum
1157 1082 1235 1134 esset
1245 1073 1283 1133 de
1297 1075 1417 1150 talibus,
1433 1077 1457 1134 si

246 1168 360 1218 tanturn
374 1157 482 1215 crimen
496 1156 725 1231 committerent3
758 1156 808 1215 sed
833 1156 905 1214 nihil
927 1163 1079 1234 propterea
1100 1154 1181 1231 ponit
1194 1155 1225 1212 iu
1245 1173 1310 1213 esse
1322 1165 1457 1233 respectu

247 1238 461 1313 redemptorum
476 1243 505 1294 et
518 1255 653 1294 verorum
666 1235 804 1311 fidelium,
820 1255 878 1294 ιιοιι
887 1236 982 1312 magis
990 1254 1077 1312 quarn
1092 1253 1126 1293 ea
1139 1255 1203 1311 quae
1213 1243 1303 1309 extat,
1315 1235 1412 1294 Gali.
1428 1239 1456 1294 8.

290 1316 390 1374 XLV.
412 1315 497 1388 Quod
507 1315 631 1392 quisque
653 1316 769 1374 eredere
783 1324 898 1376 tenetur
921 1316 1054 1374 absolute
1075 1322 1104 1372 et
1124 1313 1302 1392 simpliciter,
1319 1322 1349 1373 et
1362 1316 1457 1392 primo

248 1418 283 1456 ao
307 1394 471 1454 immediate
486 1395 596 1472 absque
614 1395 676 1454 ullo
690 1396 848 1472 supposito,
864 1395 937 1454 illud
950 1415 1052 1453 verum
1065 1400 1119 1468 est,
1135 1392 1271 1452 concedo.
1317 1394 1378 1452 Sed
1397 1415 1458 1454 non

249 1476 364 1555 pariter,
380 1474 458 1551 quod
472 1474 578 1552 aliquis
598 1483 712 1534 tenetur
732 1475 848 1534 credero
869 1495 935 1534 eum
955 1475 1054 1550 eliqua
1072 1473 1254 1546 limitatione,
1276 1473 1403 1532 mediate
1423 1495 1457 1533 ac

249 1555 407 1634 suppositis
421 1554 510 1612 variis
524 1554 646 1614 actibus.
690 1555 749 1613 Sed
762 1554 867 1614 falsum
880 1563 924 1613 est
935 1573 1035 1612 omnes
1048 1560 1078 1613 et
1092 1553 1223 1630 singulos
1233 1553 1326 1611 teneri
1339 1555 1458 1613 credere

251 1637 398 1696 Christum
412 1653 464 1711 pro
485 1634 588 1711 seipsis
602 1654 666 1692 esse
685 1643 830 1694 mortuum
844 1634 1013 1712 simpliciter
1035 1641 1065 1691 et
1088 1632 1229 1691 obsolute.
1274 1631 1383 1714 Primo,
1399 1654 1458 1692 non

250 1725 385 1775 tenentur
398 1716 453 1772 hoc
468 1714 584 1772 eredere
598 1714 642 1770 illi
655 1733 763 1789 omnes,
779 1714 884 1792 quibus
900 1713 1093 1789 Evangelium
1107 1731 1254 1788 nunquam
1268 1713 1459 1788 praedicatum

251 1795 314 1872 fuit,
330 1803 359 1854 ot
370 1794 475 1872 quibus
487 1794 619 1852 Christus
631 1813 779 1871 nunquam
788 1794 922 1868 innotuit,
945 1792 997 1852 sed
1014 1799 1127 1850 tantum
1139 1791 1251 1866 Vocati,
1276 1792 1460 1866 “Quomodo
1550 1839 1551 1842 ι

251 1877 327 1934 eninr
349 1874 467 1932 credent
489 1873 516 1932 ei
540 1873 576 1930 de
590 1893 648 1950 quo
667 1893 726 1932 non
748 1874 945 1933 audiverunt?
986 1873 1025 1933 Et
1048 1871 1193 1948 quomodo
1215 1871 1335 1930 audient
1347 1873 1460 1950 absque

251 1954 471 2033 praedicante?'’
504 1954 588 2011 Rom.
612 1973 642 2011 x.
670 1956 716 2012 14.
760 1953 902 2028 Secundo,
929 1952 954 2010 si
976 1953 1012 2010 de
1036 1951 1149 2010 voeatis
1173 1950 1278 2027 agitur,
1300 1952 1457 2029 nequidem

252 2053 352 2095 omnes
366 2040 500 2092 tenentur
511 2032 626 2090 credere
640 2032 772 2092 absolute
793 2041 822 2092 et
841 2032 1007 2091 immediate
1022 2031 1168 2089 Christum
1183 2051 1235 2108 pro
1249 2050 1281 2089 se
1298 2051 1363 2090 esse
1383 2052 1460 2090 mor-

252 2123 343 2187 tuum,
360 2112 412 2170 sed
425 2111 558 2186 mediate,
575 2113 732 2188 suppositis
746 2111 951 2191 resipiscentiae
965 2120 995 2169 ct
1014 2110 1083 2168 fidei
1096 2110 1218 2184 actibus,
1234 2111 1302 2187 quia
1315 2111 1354 2168 sd
1368 2114 1460 2170 nemi-

252 2213 319 2252 nem
333 2192 390 2250 nisi
405 2191 569 2249 credentem
584 2201 613 2249 et
626 2192 842 2269 resipiscentem
865 2192 1034 2250 mandatum
1047 2190 1102 2248 hoc
1116 2189 1249 2266 pertinet.
1292 2190 1333 2248 Et
1346 2199 1459 2250 tentum

252 2273 344 2346 abest,
367 2279 399 2330 ut
422 2271 477 2327 hoc
505 2279 637 2345 respectu
675 2271 888 2330 incredulorum
910 2280 941 2329 et
963 2270 1205 2347 impoenitentium
1228 2269 1324 2328 locum
1352 2271 1461 2334 habere

254 2359 359 2426 queat3
381 2357 414 2407 ut
428 2349 531 2406 misere
546 2349 604 2406 illis
618 2350 760 2426 illuderet,
776 2351 826 2428 qui
847 2370 898 2409 eos
910 2350 966 2408 lroc
980 2349 1096 2408 eredere
1107 2349 1231 2426 juberet,
1247 2369 1313 2407 eum
1328 2369 1461 2427 superse

253 2431 325 2486 iram
337 2428 392 2485 Dei
405 2445 529 2500 manere,
542 2434 572 2484 ct
581 2428 644 2503 jam
656 2429 861 2488 condemnatos
875 2450 905 2488 sc
927 2449 991 2490 esse
1018 2429 1134 2488 eredere
1148 2437 1307 2504 tencantur,
1320 2429 1342 2490 J
1344 2431 1393 2488 oh.
1420 2432 1462 2492 iii.

253 2509 302 2568 36.
345 2507 406 2564 Nec
421 2505 446 2564 si
455 2514 621 2564 tenerentur
634 2506 750 2566 credere
765 2509 910 2568 Christum
931 2530 983 2587 pro
1004 2529 1035 2568 se
1056 2508 1116 2568 sore
1136 2517 1290 2583 mortuum,
1312 2511 1464 2586 supposito

255 2586 333 2665 quod
357 2605 425 2644 vere
447 2585 647 2663 resipiscerent
662 2595 690 2645 ct
712 2587 749 2644 ed
769 2588 865 2664 ipsum
888 2590 1094 2666 confugereut;
1125 2588 1255 2664 sequitur
1275 2588 1410 2648 absolute
1434 2600 1464 2650 et

256 2667 425 2743 simpliciter
444 2665 499 2725 boc
514 2685 614 2724 verum
628 2685 700 2741 esse,
722 2666 784 2726 sive
806 2668 933 2742 credant,
955 2669 1018 2727 sive
1038 2688 1105 2726 non.
1148 2667 1234 2726 Unde
1255 2668 1305 2744 qui
1322 2669 1466 2744 jubentur

256 2748 372 2808 credere
386 2765 445 2805 non
466 2754 534 2804 sunt
556 2765 655 2804 omncs
670 2755 698 2805 ot
713 2747 820 2824 singuli
835 2748 1010 2824 simpliciter,
1035 2747 1086 2806 ssd
1109 2747 1267 2805 secundum
1288 2748 1368 2825 quid,
1392 2750 1463 2808 nim.

256 2827 374 2902 onerati,
388 2834 417 2885 et
427 2825 553 2903 pondere
567 2833 749 2902 peecatorum
763 2827 864 2904 pressi,
880 2828 985 2886 Matth.
1000 2827 1041 2885 xi.
1056 2831 1104 2900 28,
1125 2827 1244 2884 sitientes
1258 2834 1287 2885 et
1301 2847 1362 2886 suae
1376 2830 1464 2887 aridi-

256 2908 326 2968 tatis
340 2907 457 2982 conscii,
474 2907 531 2964 Isa.
548 2906 588 2964 lv.
606 2909 631 2979 1,
647 2906 687 2964 id.
698 2907 872 2984 poenitentes
883 2915 912 2965 et
925 2907 1071 2965 miseriem
1085 2925 1166 2965 suam
1181 2916 1382 2983 agnoscentes.

299 2987 416 3046 XLVI.
460 2986 521 3044 Nec
532 2985 737 3062 reponendum,
764 2990 782 3020 “
792 2987 897 3044 Fidem
910 2994 1007 3044 temen
1021 2987 1052 3044 in
1064 2986 1210 3044 Christum
1224 2986 1305 3062 exigi
1318 2987 1356 3044 ab
1371 2990 1462 3046 omni-

257 3067 313 3126 bus
327 3066 446 3140 vocetis,
462 3074 492 3125 et
505 3066 591 3124 tidem
605 3085 664 3124 non
685 3067 922 3144 qualemcunque,
939 3065 990 3124 sed
1004 3085 1103 3124 veram
1117 3073 1146 3124 et
1164 3064 1382 3142 justificantem,
1399 3087 1464 3144 quae

257 3147 326 3206 telis
339 3165 398 3204 non
411 3153 506 3222 potest
527 3166 598 3220 esse,
614 3145 670 3204 nisi
683 3145 791 3206 feretur
813 3147 845 3204 in
859 3145 1004 3204 Christum
1024 3165 1077 3222 pro
1102 3165 1147 3202 rna
1171 3146 1345 3206 mortuum.'’
1388 3148 1465 3206 Nam

258 3226 327 3284 licet
340 3225 413 3284 fides
423 3225 454 3283 in
469 3225 615 3284 Christum
628 3225 771 3302 exigatur,
787 3225 941 3302 etquidem
955 3245 1025 3283 vore
1038 3233 1068 3282 et
1077 3225 1248 3302 justificans,
1264 3243 1323 3283 non
1334 3228 1466 3303 sequitur

259 3305 357 3363 stetim
371 3304 452 3380 exigi
466 3303 561 3379 quoad
583 3323 682 3362 ornnes
697 3313 778 3364 actus
800 3325 869 3364 suos
891 3305 1020 3363 simulet
1043 3305 1133 3362 semel
1147 3304 1332 3381 exercendos,
1348 3314 1378 3364 ct
1391 3327 1464 3384 pre·

260 3382 359 3440 sertim
373 3381 469 3458 quoad
482 3389 578 3439 actum
603 3382 756 3458 specialem
777 3392 807 3442 et
820 3385 953 3443 ultimum
977 3383 1113 3442 credendi
1134 3384 1165 3440 in
1190 3383 1336 3442 Christum
1350 3405 1404 3462 pro
1418 3407 1465 3446 me

260 3467 414 3518 mortuum.
444 3461 517 3517 Nam
532 3461 600 3517 licet
614 3461 778 3520 includetur
791 3463 821 3520 in
835 3465 948 3522 actibus
961 3463 1029 3520 fidei
1039 3463 1236 3540 justificantis,
1245 3473 1358 3523 nonest
1368 3473 1465 3525 tamen

260 3538 370 3616 primus
385 3539 447 3614 ejus
462 3547 551 3611 actus,
564 3539 614 3615 qui
629 3539 792 3600 immediate
807 3550 836 3601 et
850 3543 941 3620 primo
955 3562 974 3600 a
984 3543 1097 3602 Vocato
1111 3543 1254 3619 exigetur,
1270 3543 1322 3602 sed
1335 3545 1464 3622 ultimus,

261 3617 312 3694 qui
325 3617 433 3674 multos
446 3616 519 3674 alios
540 3618 684 3694 supponit.
727 3619 812 3694 Quod
834 3631 868 3681 ut
888 3622 993 3680 elarius
1013 3621 1194 3700 percipietur,
1210 3623 1285 3679 varii
1305 3631 1387 3682 aetus
1396 3625 1466 3685 fidei

262 3705 329 3755 aute
343 3694 439 3753 omnia
453 3695 650 3773 distinguendi
664 3699 794 3760 veniunt.
838 3702 935 3760 Primo
949 3701 1026 3760 euim
1041 3701 1116 3760 alius
1130 3708 1175 3762 est
1193 3702 1322 3777 dirceus,
1338 3705 1390 3780 qui
1412 3725 1465 3782 pro

261 3776 376 3853 objecto
396 3775 485 3834 habet
506 3775 636 3836 Verbum
662 3777 824 3856 Evangelii,
841 3789 870 3840 et
891 3781 1037 3840 Christum
1051 3781 1081 3838 in
1103 3800 1137 3840 eo
1150 3781 1337 3857 propositum,
1350 3802 1408 3860 quo
1429 3785 1466 3842 ad

262 3856 408 3916 Christum
422 3855 566 3933 confugio,
582 3866 611 3916 ct
632 3860 836 3935 promissiones
857 3861 920 3937 ejus
941 3861 1115 3937 amplector3
1148 3860 1220 3918 alter
1233 3863 1362 3937 reptemus,
1382 3865 1465 3940 cujus

262 3937 407 4014 objectum
421 3944 466 3995 ost
476 3943 558 3996 ectus
572 3936 698 3997 directus
712 3939 788 4016 fidei,
804 3959 841 3998 ex
856 3941 1097 4018 quopersuedeor
1109 3960 1155 3998 me
1164 3958 1232 3998 vere
1242 3941 1367 4016 credere,
1380 3949 1465 4019 atque

261 4017 302 4074 ite
312 4015 516 4094 promissiones
531 4017 686 4094 Evangelii
700 4018 737 4076 ed
751 4039 798 4077 rue
807 4020 958 4096 pertinere.
995 4019 1115 4092 Rursus,
1131 4027 1209 4078 actos
1223 4022 1344 4079 directus
1356 4021 1464 4099 duplex

262 4103 315 4170 est,
341 4096 423 4171 nlius,
450 4096 500 4173 qui
522 4097 595 4156 situs
609 4105 654 4156 eat
674 4098 705 4156 iu
729 4119 851 4173 assensu,
880 4118 938 4176 quo
952 4099 1025 4158 tides
1048 4099 1205 4158 assentitur
1222 4099 1322 4159 Verbo
1348 4101 1413 4174 Dei,
1439 4113 1466 4161 et

262 4175 505 4251 promissionibus
541 4177 697 4254 Evangelii
721 4185 857 4254 tanquam
881 4178 968 4253 veris,
997 4177 1034 4236 de
1074 4178 1169 4236 danda
1200 4179 1294 4238 seluto
1333 4181 1466 4240 omnibus

262 4253 507 4330 resipiscentibus,
523 4265 552 4314 et
566 4255 636 4314 vira
651 4256 708 4314 fida
722 4256 760 4314 ed
775 4257 920 4316 Christum
935 4258 1176 4334 confugientibus,
1193 4267 1222 4318 et
1235 4259 1329 4335 ipsum
1341 4261 1465 4338 amplec-

260 4333 397 4409 tentibus,
410 4335 484 4392 elius
494 4335 524 4392 in
534 4336 651 4412 rejicere,
665 4337 839 4414 seufidacr‘a,
849 4356 995 4413 perquem
1005 4339 1150 4396 Christum
1158 4339 1276 4396 unicum
1285 4347 1315 4398 et
1324 4339 1465 4399 sufficien-

260 4412 405 4472 tissimum
416 4413 598 4473 servatorem
609 4423 807 4491 agnoscentes,
818 4415 960 4492 adipsum
971 4417 1161 4494 confugimus,
1174 4425 1203 4476 et
1211 4418 1242 4474 in
1252 4418 1347 4494 ipsum
1356 4439 1465 4478 recum·

260 4491 365 4565 bimus,
376 4501 409 4550 ut
416 4492 453 4550 eb
473 4493 537 4569 ipso
546 4503 575 4553 et
585 4503 768 4571 peccatorum
776 4494 900 4568 veniam,
910 4503 939 4554 et
948 4497 1049 4554 salutis
1059 4497 1270 4576 possessionem
1277 4498 1466 4558 obtineamus.

261 4571 284 4629 J
284 4589 331 4630 am
341 4571 414 4629 fides
424 4589 489 4648 quae
500 4574 664 4650 praecipitur
677 4575 707 4632 in
719 4573 889 4650 Evangelio,
901 4575 1068 4652 precipitur
1083 4576 1179 4654 quoad
1190 4585 1286 4635 ectrrrn
1299 4578 1424 4655 primum
1439 4587 1467 4638 ct

257 4649 419 4710 semrndum
443 4651 494 4726 qui
514 4651 639 4712 directus
654 4661 707 4728 est,
730 4661 883 4730 antequem
902 4655 1086 4733 precipiatur
1101 4656 1198 4733 quoad
1218 4664 1316 4716 sotum
1340 4657 1467 4736 tertium,
