3202 5194
141 365 263 416 eumer.
278 342 358 428 xva]
660 365 700 406 ns
714 365 791 408 nnus
805 365 872 407 nm.
1317 349 1353 407 et

139 509 227 583 citur,
245 507 310 566 Pax
324 505 485 565 domestica
498 505 638 581 turbatur,
654 505 724 565 dum
744 515 845 566 contra
858 507 1037 567 voluntatem
1052 507 1148 568 Patris
1169 507 1275 583 Nurus,
1291 527 1357 584 quae

139 588 209 646 loco
223 588 293 647 filice
315 586 405 645 debet
428 604 500 661 esse,
516 585 716 663 introducitur,
734 587 819 646 Salus
841 587 1005 664 liberorum,
1021 587 1071 666 qui
1092 607 1144 666 per
1165 595 1278 647 aetatem
1300 586 1357 646 sibi

140 667 275 726 nondum
295 674 419 744 possunt
433 666 591 740 consulere,
606 666 637 723 in
657 668 912 744 praesentissimum
934 667 1089 728 discrimen
1102 667 1263 742 adducitur,
1286 667 1356 726 dum

141 747 261 806 consilii
273 748 377 824 inopes
391 754 421 806 et
433 765 529 806 rerum
542 745 668 824 imperiti
682 754 711 805 et
724 747 869 825 inexperti
882 747 1027 807 illecebris
1045 747 1130 808 facile
1144 747 1304 826 capiuntur,
1326 755 1357 806 et

140 827 260 886 miseris
273 826 420 906 conjugiis
441 825 628 903 irretiuntur,
659 827 718 886 imo
738 835 768 886 ct
789 829 915 887 fenestre
930 828 1100 888 libidinibus
1115 829 1249 906 aperitur,
1265 845 1355 906 quum

142 927 195 984 spe
209 907 388 966 matrimonii
401 905 438 964 ed
452 914 552 983 stupra
565 906 695 984 virgines
708 907 807 966 multa
820 907 904 967 lacile
918 908 1092 968 alliciuntur.

279 1042 285 1054 ,
370 1041 376 1054 ,
448 985 562 1045 XXII.
585 990 613 1045 7.
628 987 842 1064 LegesCivilcs
855 988 1109 1048 tamaVeteribus
1119 987 1354 1063 Jurisooneultis,

141 1041 163 1086 ⁷·
173 1041 332 1147 Exffipppe
346 1041 387 1088 θ’·
407 1085 495 1143 quem
509 1066 545 1125 ab
560 1066 787 1144 imperatoribus
801 1087 914 1127 summo
927 1087 1070 1129 consensu
1088 1069 1211 1146 scripta,
1225 1068 1354 1128 notiores

407 1154 475 1206 sunt
488 1164 575 1221 quarn
588 1156 622 1206 nt
645 1147 781 1224 ignorari,
796 1148 932 1207 clariores
946 1168 1033 1226 quarn
1046 1156 1080 1208 ut
1097 1148 1253 1224 obscurari,
1270 1167 1352 1207 sane-

143 1226 232 1286 ticras
242 1245 331 1303 quam
339 1234 373 1285 ut
382 1225 448 1303 jure
459 1225 569 1284 aboleri
576 1227 697 1304 possint.
727 1230 746 1262 “
757 1227 824 1287 Hoc
832 1229 973 1288 naturalis
983 1237 1012 1288 et
1022 1229 1118 1288 civilis
1131 1229 1205 1288 ratio
1219 1229 1352 1305 suadet,”

143 1306 485 1445 hfflriiphilltli‘
500 1305 1354 1448 ³·lttt‘·ltlttttt‘‘ltpttltthttp‘tttt

143 1485 252 1524 annum
267 1466 322 1524 hoc
336 1465 477 1542 concedit,
492 1405 546 1524 ricc
559 1431 653 1544 militi,
668 1467 716 1526 eui
729 1475 826 1526 tamen
836 1408 986 1528 liomihum
1000 1469 1099 1545 generi
1108 1469 1201 1528 multa
1214 1407 1353 1528 donasses

144 1553 213 1604 sunt
232 1545 406 1623 privilegia;
429 1545 659 1607 “filiusfamilias
679 1546 763 1607 miles
783 1549 997 1608 matrimonium
1015 1548 1078 1608 sine
1093 1548 1188 1608 Petris
1202 1549 1352 1608 voluntate

144 1625 385 1685 nonoontrahit.”
408 1625 517 1685 Paulus
528 1625 564 1686 de
571 1627 642 1686 Ritu
649 1628 956 1705 Nupti.,“Consistcre
966 1628 1071 1705 possa”
1085 1636 1183 1706 negat,
1192 1628 1273 1686 “nisi
1284 1648 1351 1687 con·

143 1705 272 1764 sentiant
285 1724 394 1782 omnes,
408 1712 469 1764 tam
482 1705 533 1783 qui
546 1712 659 1785 coeunt,
675 1727 762 1784 quam
776 1707 942 1784 inquorum
958 1715 1100 1784 potestate
1110 1707 1154 1764 illi
1168 1708 1264 1766 sunt.''
1298 1707 1351 1766 Ul-

143 1786 231 1862 pian,
249 1785 313 1844 “Si
327 1786 415 1844 Pater
427 1784 511 1862 furat,
528 1785 614 1846 Avus
628 1787 729 1865 sapiat,
739 1787 934 1864 expetendum
949 1787 1010 1845 Avi
1025 1787 1196 1846 sententiam
1206 1787 1289 1846 csse''
1301 1787 1351 1846 ait.

145 1865 285 1924 Redones
300 1874 397 1925 antem
411 1873 479 1926 sunt
492 1865 762 1943 observandasque
776 1866 923 1926 adduntur
935 1867 966 1924 in
975 1866 1050 1926 Jure
1062 1866 1158 1926 Civili.
1180 1864 1207 1925 1.
1221 1867 1350 1944 Urgetur

138 1945 243 2020 patna
251 1955 385 2021 potestne,
395 1953 512 2022 propter
525 1966 611 2023 quem
625 1947 710 2006 liberi
723 1966 782 2005 nou
796 1955 864 2006 sunt
877 1947 923 2006 sui
935 1946 959 2006 J
960 1945 1028 2006 uris.
1049 1951 1078 2006 s.
1089 1947 1274 2006 Hereditates
1287 1967 1348 2006 euc-

142 2026 237 2099 casio,
251 2045 290 2083 ue
303 2026 379 2103 patri
392 2025 484 2085 invito
498 2025 590 2085 haeres
611 2027 792 2086 adnascatur.
822 2029 850 2087 3.
865 2029 1022 2086 Parentum
1041 2029 1164 2102 efficta,
1179 2026 1231 2104 qui
1244 2046 1351 2105 praesu·

29 2103 30 2126 ³
142 2105 232 2164 mitur
246 2106 387 2182 optimum
401 2105 553 2164 consilium
567 2126 668 2185 capere
681 2127 734 2184 pro
754 2107 823 2182 filio,
839 2106 887 2166 eui
907 2106 1004 2164 omnia
1017 2127 1055 2164 ex
1068 2113 1138 2166 voto
1158 2114 1249 2184 parat,
1265 2114 1294 2165 et
1314 2126 1353 2165 ex

143 2186 229 2278 cujus
242 2187 323 2262 prole
337 2185 535 2246 diuturnitatis
556 2187 722 2246 memoriam
737 2195 842 2264 sperat.
874 2189 903 2246 4.
917 2189 1101 2266 Irplrrnorum
1114 2187 1266 2247 liberorum
1271 2188 1351 2264 judi·

29 2323 30 2326 ,
141 2285 224 2340 aunt,
242 2263 297 2324 dec.

184 2345 316 2404 XXIII.
348 2344 410 2404 Nee
434 2345 518 2405 aliter
540 2346 657 2424 plurimi
681 2367 719 2406 ex
734 2346 898 2407 Canonistis
923 2346 998 2406 inter
1012 2346 1180 2407 Pontificius
1198 2345 1351 2424 judloaut;

29 2409 30 2420 '
143 2425 539 2502 neenemomamaras,
555 2427 657 2485 neone
667 2427 893 2505 premeremus,
909 2427 1026 2502 ursani,
1040 2428 1206 2504 maome
1219 2427 1351 2502 morum,

143 2505 223 2582 apud
236 2507 420 2582 Emesam
433 2509 468 2565 de
484 2505 636 2566 Olcadestr'.
650 2509 763 2584 nuptiis,
775 2507 825 2592 qui
838 2507 930 2566 multa
940 2527 978 2566 ex
993 2506 1137 2582 Patribus,
1147 2515 1177 2566 et
1187 2506 1258 2584 ipsis
1273 2507 1352 2566 Gen?

143 2586 247 2645 lilibus
270 2595 331 2645 tum
347 2586 472 2645 Comicis
485 2592 547 2645 tum
561 2586 626 2645 aliis
639 2587 670 2644 in
691 2587 767 2646 hauc
781 2587 953 2660 sententiam
973 2587 1160 2664 compilavit;
1182 2584 1352 2646 consulendi

143 2666 231 2725 etiam
246 2667 388 2725 Zenobiae
401 2675 429 2724 et
443 2665 601 2742 Gerendus,
613 2667 678 2725 lece
693 2667 729 2726 de
743 2669 879 2745 conjugio
892 2687 921 2746 p.
939 2664 1135 2744 138,&c.,qui
1144 2666 1227 2724 varia
1239 2666 1304 2726 loce
1315 2685 1353 2724 ex

144 2746 295 2820 Gratiano,
311 2745 482 2822 Cassandro,
505 2746 636 2822 Erasmo,
647 2746 733 2823 Vive,
750 2747 909 2825 Groppere,
926 2747 1018 2806 Beato
1040 2746 1190 2822 Rhenanc,
1205 2747 1263 2805 huc
1283 2745 1352 2804 laci-

142 2826 222 2885 entis
236 2825 303 2884 colli
365 2833 387 2885 t

305 2845 364 2983 Q
448 2905 574 2965 XXIV.
605 2905 638 2965 Si
652 2906 766 2966 Esavus
788 2905 959 2965 inconsultis
979 2903 1148 2982 parentibus
1170 2924 1290 2963 uxorem
1305 2925 1351 2963 ac·

163 2969 371 3074 fflffifflm‘*
408 2985 491 3062 cepit,
502 2993 615 3045 tantum
623 2985 714 3063 abest,
724 2995 757 3046 ut
765 2985 833 3044 inde
841 2984 977 3044 validitas
990 2985 1092 3044 talium
1106 2983 1353 3042 matrimoniorum

408 3065 569 3124 confirmari
582 3066 683 3143 possit,
699 3066 769 3144 quiu
789 3065 886 3144 potius
900 3082 999 3123 eorum
1012 3063 1127 3122 vanitas
1147 3061 1250 3122 fortius
1272 3063 1352 3122 evin·

144 3153 234 3222 catur,
251 3144 320 3222 quia
343 3143 398 3204 luit
421 3145 480 3204 illis
504 3145 723 3221 amarissimum,
746 3153 776 3204 et
796 3145 941 3203 funestum
961 3142 1064 3202 habuit
1083 3143 1211 3219 exitum3
1237 3142 1269 3202 Si
1282 3162 1352 3202 vero

145 3225 266 3284 Isaacns
280 3224 353 3284 illud
367 3244 426 3283 non
439 3225 572 3302 irritavit,
587 3227 643 3285 hec
656 3224 850 3301 tribuendum,
865 3223 914 3283 vel
926 3231 1054 3302 paternae
1073 3222 1272 3300 indulgentiae,
1288 3243 1353 3300 qum

144 3305 174 3362 in
188 3305 289 3364 liberis
301 3305 394 3364 multa
407 3305 519 3381 tolerat,
534 3326 599 3382 qua
619 3313 731 3365 mutare
751 3305 859 3382 nequit,
874 3305 923 3363 vel
945 3303 1036 3364 Essvi
1054 3303 1228 3380 pertinacia,
1244 3303 1294 3381 qui
1315 3304 1352 3364 ab

143 3385 254 3462 injusto
267 3393 297 3444 et
311 3384 413 3443 illicito
427 3384 478 3444 illo
493 3386 638 3445 consortio
651 3385 779 3445 abstrahi
793 3401 851 3444 nen
864 3385 960 3463 potuit
968 3406 976 3462 ;
999 3382 1050 3444 sed
1061 3403 1079 3441 a
1091 3382 1168 3444 sacto
1182 3384 1220 3442 ad
1229 3385 1279 3462 jus
1293 3404 1352 3444 non

144 3465 223 3524 valet
237 3471 449 3543 argumentum.
491 3465 553 3525 Nee
567 3466 708 3544 exemplis
722 3465 778 3541 hic,
794 3465 846 3526 sed
859 3464 975 3542 legibus
987 3463 1106 3524 vivitur.
1149 3463 1233 3523 Idem
1254 3464 1352 3524 dicen·

144 3545 213 3604 durn
227 3545 264 3604 de
278 3545 414 3622 exemplo
428 3547 593 3624 apocrypho
607 3547 707 3607 Tobiae
721 3545 800 3624 quod
812 3545 939 3606 efferum.

184 3625 294 3683 XXV.
324 3623 410 3700 Quod
434 3626 515 3685 Dens
539 3626 699 3704 conjunxit,
722 3627 809 3684 homo
833 3644 965 3703 separare
985 3643 1045 3682 non
1065 3631 1179 3702 potest;
1202 3623 1254 3684 sed
1271 3624 1352 3684 Deus

144 3706 248 3765 author
261 3724 320 3764 non
333 3712 430 3782 potest
450 3707 562 3766 censeri
582 3709 646 3785 ejus
667 3705 886 3783 conjunctionis,
909 3725 975 3782 quae
994 3703 1110 3763 nonnisi
1124 3704 1241 3764 violatis
1261 3703 1352 3782 ipsius

144 3785 259 3862 legibus
272 3783 350 3844 laeta
363 3793 417 3844 cst.
459 3786 487 3845 N
488 3807 521 3846 ec
535 3786 560 3845 si
573 3785 737 3846 benedictio
752 3785 957 3846 Ecclesiastica
966 3783 1136 3859 intercessit,
1148 3791 1245 3861 potest
1257 3783 1352 3842 lacere

144 3875 237 3925 ratum
251 3865 484 3942 matrimonium,
507 3866 576 3944 quia
589 3866 637 3925 vel
663 3886 715 3943 per
734 3865 865 3925 fraudem
878 3865 927 3924 vel
946 3865 1031 3924 malis
1049 3863 1159 3923 artibus
1173 3871 1288 3922 extorta
1307 3870 1353 3922 est

29 3983 30 4020 ,
145 3945 182 4003 ab
196 3945 339 4020 Ecclesia,
354 3945 404 4004 vel
417 3967 483 4006 eum
497 3947 560 4025 ejus
574 3946 747 4006 detrimento
761 3946 798 4004 ab
812 3946 876 4023 ejus
889 3944 1030 4004 ministris
1043 3943 1185 4020 comrptis
1205 3961 1351 4021 concessa,

144 4045 209 4102 quse
223 4026 294 4084 dum
307 4025 341 4085 tit
354 4025 444 4102 irrita,
459 4046 519 4085 non
532 4026 713 4086 imminuitur
726 4025 779 4085 sed
791 4025 929 4085 asseritur
942 4024 1102 4084 authoritas
1116 4022 1265 4083 Ecclesiae.

29 4149 31 4172 .
185 4105 312 4165 XXVI.
335 4105 421 4180 Quod
434 4106 540 4166 dicitur
549 4106 695 4166 hominem
706 4106 815 4166 relictis
823 4104 990 4184 parentibus
999 4104 1104 4164 debere
1113 4103 1259 4163 sdhaerere
1267 4103 1354 4164 uxori

29 4175 31 4208 ¹
146 4205 213 4261 suae,
229 4205 288 4244 non
302 4186 383 4245 valet
395 4185 453 4245 nisi
466 4185 504 4245 de
516 4187 595 4246 veris
608 4195 638 4246 et
650 4185 789 4264 legitimis
811 4185 1010 4260 matrimoniis,
1025 4203 1148 4262 querum
1168 4192 1228 4243 tam
1242 4193 1354 4244 arctum

145 4273 190 4325 est
203 4265 362 4341 vinculum,
378 4276 411 4326 ut
425 4267 450 4325 si
463 4266 537 4326 forte
550 4275 684 4345 parentes
698 4267 757 4326 sint
769 4265 959 4343 relinquendi,
975 4273 1025 4325 aut
1037 4285 1120 4341 uxor,
1135 4265 1233 4341 potius
1246 4263 1285 4321 sit
1302 4263 1353 4321 ad·

131 4339 312 4405 ‘herandum
326 4345 422 4406 uxori.
464 4345 507 4406 At
520 4347 551 4404 in
571 4347 773 4426 conjunctione
794 4345 912 4422 nefaria,
927 4344 978 4422 qui
991 4352 1090 4422 posset
1102 4344 1196 4402 videri
1211 4341 1355 4400 Dominus

146 4427 277 4502 epatriae
291 4425 444 4502 potestatis
454 4427 528 4504 jure,
544 4430 627 4506 cujus
641 4427 703 4505 ipse
717 4434 841 4487 assertor
855 4434 899 4485 est
913 4434 942 4484 et
951 4425 1069 4501 vindex,
1080 4425 1188 4482 liberos
1201 4419 1353 4479 manifeste

145 4505 269 4564 rebelles
281 4515 312 4563 et
326 4513 511 4566 contumaees
523 4508 709 4567 absolvisse?

186 4583 331 4642 XXVII.
354 4585 438 4644 Licet
451 4587 587 4666 conjugia
601 4589 662 4646 sine
677 4603 820 4646 consensu
834 4585 990 4644 Parentum
1004 4590 1103 4661 utpote
1124 4575 1304 4638 clandestina
1317 4576 1354 4635 de

142 4663 208 4740 jure
222 4664 306 4722 nulla
319 4663 388 4740 sint,
410 4666 523 4728 etiarnsi
543 4668 698 4732 accesserit
712 4667 852 4728 Ecclesiae
872 4664 1037 4728 benedictio
1056 4671 1087 4724 et
1106 4656 1276 4720 concubitus
1288 4655 1354 4734 ;.de

225 4761 302 4801 rans
316 4761 349 4801 11.
1111 4759 1132 4800 ρ
