3150 5206
285 344 342 398 222
749 353 839 392 rocus
855 351 1053 393 neomaenias.
1319 333 1445 413 [cumen.
1459 353 1482 394 r.

283 499 396 572 dicitur,
412 497 554 574 potuisset
577 495 723 574 baptizare
738 501 768 558 ιὶς
789 493 875 565 &aar
889 491 1024 573 ἦκῃιόι,
1052 493 1142 552 Marc.
1164 495 1182 550 i.
1204 497 1231 551 4.
1275 494 1336 552 Nec
1357 494 1483 554 Christus

283 577 479 638 benediceret
500 575 658 654 paralytico
673 582 702 633 et
723 575 884 651 peccatrici,
902 574 972 631 Luc.
989 594 1017 630 v.
1033 576 1080 647 20,
1096 581 1125 632 ct
1139 573 1189 631 vii.
1206 578 1253 648 47,
1269 577 1395 645 ἀφέωνταί
1405 601 1440 632 σα
1459 577 1483 634 ni

283 659 416 738 aipagcdu,
432 657 480 714 vel
490 657 607 734 juberet
621 654 778 731 discipulos
799 673 879 712 orare
894 673 945 729 pro
967 653 1049 724 soei·
1070 662 1260 729 peccatorum,
1284 656 1348 731 ejus
1368 657 1482 730 promis·
1550 672 1551 676 ’

284 739 394 796 sionem
410 737 598 814 subjiciendo,
622 735 727 792 Matth.
743 735 782 791 vi.
801 737 845 808 12,
864 737 911 791 14.
954 733 1015 791 Nec
1031 733 1134 791 Petrus
1155 741 1231 792 recte
1254 745 1403 809 assereret,
1421 735 1482 793 Act

283 837 313 876 x.
328 821 376 891 43,
393 836 492 876 omnes
508 815 668 893 Prophetas
682 814 877 872 testimonium
889 812 1004 871 Christo
1015 811 1092 885 dare,
1105 813 1184 888 quod
1195 813 1288 872 omnis
1303 814 1333 870 in
1343 815 1482 872 Christum

284 896 404 956 credens
418 905 588 973 accepturus
603 896 640 953 sit
654 895 684 952 in
699 893 762 970 ejus
777 894 891 950 nomine
906 891 992 963 ἔφεσιν
1005 895 1141 971 mugitis.
1184 893 1257 951 Haec
1272 893 1349 950 enim
1367 893 1405 952 de
1420 893 1483 952 fide-

281 975 359 1035 libus
374 977 450 1035 Novi
465 975 643 1034 Testamenti
657 972 846 1048 intelligenda
867 991 938 1046 esse,
954 972 1084 1049 quicum
1099 972 1227 1031 venisset
1241 973 1373 1032 Christus
1393 989 1483 1032 essent

282 1055 429 1128 credituri,
444 1076 501 1114 non
515 1055 552 1113 de
566 1055 602 1113 iis
621 1055 671 1131 qui
693 1052 747 1110 sub
762 1052 862 1110 Veteri
884 1051 1069 1112 Testamento
1083 1051 1230 1128 vivebant,
1253 1062 1286 1112 ut
1300 1052 1410 1111 vellent
1431 1053 1482 1112 lie-

282 1144 484 1208 mcnstrantes,
499 1135 536 1192 ab
550 1135 628 1192 omni
642 1131 751 1192 ratione
766 1141 811 1190 est
825 1132 959 1190 alienum.
1002 1132 1066 1189 Inro
1081 1141 1223 1208 repugnat
1234 1151 1321 1208 scopo
1331 1133 1483 1209 Propheta·
1551 1183 1552 1196 ,

281 1235 344 1274 rum
358 1215 525 1275 testantium
540 1213 578 1272 de
592 1215 714 1286 Christe,
727 1212 777 1288 qui
787 1212 842 1270 hoc
852 1231 909 1269 non
920 1211 1056 1270 diserunt
1070 1211 1163 1270 solum
1174 1211 1204 1268 in
1216 1211 1337 1288 gratiam
1350 1221 1482 1286 nostram,

281 1295 333 1352 sed
355 1304 384 1353 et
397 1314 449 1371 pro
472 1293 606 1352 fidelibus
621 1293 689 1352 Vct.
704 1291 882 1350 Testamenti
904 1291 941 1348 ad
963 1310 1036 1367 quos
1051 1291 1223 1366 scribebant,
1240 1301 1268 1349 et
1282 1291 1319 1348 ad
1342 1311 1415 1368 quos
1428 1312 1483 1350 non

281 1373 376 1432 minus
401 1393 488 1450 quarn
513 1371 550 1430 ed
574 1392 627 1431 nos
648 1371 810 1450 pertinebat
830 1371 861 1430 in
875 1371 1014 1428 Messiam
1035 1370 1160 1446 credere,
1176 1379 1205 1429 et
1219 1391 1270 1447 per
1290 1391 1355 1429 eum
1371 1371 1483 1429 salvas.

282 1452 368 1511 Unde
384 1453 487 1510 Petrus
502 1471 560 1510 non
573 1451 702 1528 loquitur
715 1450 751 1509 de
766 1451 923 1524 credituris,
938 1449 990 1508 sed
1011 1449 1047 1507 de
1066 1450 1246 1526 credentibus,
1262 1459 1291 1509 et
1312 1451 1427 1528 quidem
1449 1452 1482 1509 de

280 1531 423 1606 omnibus,
447 1531 533 1590 edna
546 1536 586 1588 rb
606 1531 751 1590 ramim
771 1537 802 1594 ιὶς
816 1533 896 1589 αὑτὴ.
939 1530 1000 1588 Nec
1018 1529 1127 1588 Paulus
1140 1530 1265 1607 denique
1285 1530 1482 1606 justificationi

279 1611 420 1671 Veterum
434 1611 519 1681 uicum
533 1612 658 1670 tribuere
673 1611 828 1686 debuisset,
844 1619 876 1670 ut
890 1609 958 1668 sacit
979 1617 1083 1684 tamen,
1104 1609 1189 1669 Rom.
1203 1609 1242 1668 iv.
1258 1609 1317 1686 ubi,
1328 1611 1353 1668 si
1364 1611 1481 1688 uspiam,

280 1691 435 1750 discrimen
460 1694 535 1752 inter
548 1698 634 1763 ἅφισιι
658 1703 686 1751 et
710 1691 813 1770 riguo
833 1690 996 1748 docendum
1017 1689 1127 1764 fuisset,
1150 1690 1174 1748 si
1194 1689 1285 1748 ullum
1300 1689 1392 1764 datm,
1408 1691 1483 1767 quod

279 1781 391 1831 tanturn
407 1773 489 1832 abest
503 1783 535 1832 ut
549 1773 644 1849 faciat,
660 1782 692 1832 ut
706 1772 809 1830 iisdem
831 1770 917 1847 plane
931 1768 1029 1827 verbis
1045 1769 1282 1846 justificationem
1297 1769 1436 1830 Veterum
1456 1783 1483 1828 et

277 1861 405 1910 nostram
420 1854 571 1930 exprimat.

321 1932 428 1991 XVII.
452 1937 479 1992 4.
496 1933 542 1991 Ibi
556 1931 643 2006 ὄφιας
658 1932 744 1990 debet
759 1929 830 2004 dari,
846 1929 896 1988 uhi
910 1936 954 1987 est
968 1929 1096 2006 plenaria
1116 1929 1247 1986 remissio
1262 1929 1299 1988 ab
1313 1929 1391 1987 omni
1412 1929 1481 1987 obli·

278 2012 395 2088 gatione
408 2013 516 2089 poenali
538 2023 568 2071 ct
589 2011 742 2089 personali,
758 2009 831 2067 nihil
854 2009 930 2066 enirn
951 2007 1030 2066 aliud
1045 2017 1140 2085 potest
1161 2029 1224 2067 esse
1243 2009 1382 2082 remissio,
1398 2029 1482 2085 quam

273 2091 451 2150 condonatio
465 2101 495 2150 et
516 2111 573 2148 non
587 2091 708 2167 punitio,
724 2110 760 2148 ne
782 2090 812 2145 in
830 2087 973 2165 judicium
994 2089 1060 2164 quis
1073 2096 1201 2162 vocetur,
1221 2097 1271 2147 aut
1292 2088 1427 2165 exigatur
1446 2089 1481 2146 ab
1553 2127 1554 2160 ,

277 2169 341 2246 ipso
365 2190 450 2247 poena
474 2169 582 2228 debita.
625 2169 668 2227 At
690 2168 824 2226 Patribus
848 2166 935 2225 talem
956 2168 1154 2226 remissionem
1169 2168 1265 2226 datam
1280 2168 1369 2226 fuisse
1384 2169 1479 2245 negari

274 2268 335 2306 non
350 2257 453 2325 potest,
469 2268 534 2306 eum
550 2249 651 2307 salutis
665 2248 733 2306 facti
754 2247 861 2305 fuerint
875 2246 1038 2324 participes.
1081 2247 1201 2305 Frustra
1222 2247 1367 2324 excipitur
1384 2249 1479 2306 remis·

277 2327 387 2385 sionem
401 2327 559 2404 plenariam
574 2337 604 2387 et
617 2327 807 2406 emphaticam
830 2345 989 2403 supponere
1011 2327 1182 2385 solutionem
1200 2327 1315 2385 factam.
1358 2328 1432 2403 Quia
1445 2329 1480 2385 ad

275 2406 474 2464 remissionem
489 2407 601 2482 sufficit,
618 2415 650 2465 ut
670 2407 754 2465 detur
766 2406 900 2464 liberatio
914 2407 950 2465 eb
971 2406 1049 2464 omni
1070 2427 1156 2483 poena
1176 2414 1293 2484 propter
1309 2407 1479 2466 solutionem

277 2485 339 2544 sive
353 2486 520 2562 prestitam,
536 2486 598 2544 sive
613 2486 707 2545 adhuc
727 2485 928 2563 praestandam.
972 2485 1055 2544 Licet
1074 2486 1151 2544 enirn
1176 2487 1303 2562 expiatio
1317 2488 1404 2545 realis
1424 2507 1479 2545 non

276 2563 369 2642 possit
382 2565 444 2623 fieri
458 2565 514 2624 nisi
529 2567 766 2642 persolutionem
781 2574 847 2624 actu
868 2565 1042 2642 praestitam
1073 2565 1152 2624 Nihil
1175 2567 1270 2625 obstat
1284 2567 1479 2626 remissionem

276 2663 341 2721 quae
356 2655 400 2704 cst
414 2647 477 2723 ejus
491 2645 609 2720 fruetus,
626 2646 687 2704 dari
702 2645 780 2703 fideli
795 2646 825 2703 in
839 2646 946 2704 virtute
961 2645 1112 2704 solutionis
1126 2645 1220 2704 adhuc
1234 2645 1339 2722 futura,
1356 2667 1420 2723 quae
1435 2667 1479 2705 co·

276 2745 337 2784 ram
353 2726 417 2785 Deo
430 2735 547 2804 propter
561 2726 762 2785 certitudinem
776 2745 828 2803 pro
843 2725 918 2784 iacta
932 2726 1063 2784 habetur.

579 2807 705 2866 xvnl.
729 2807 824 2865 Locus
840 2805 931 2880 Pauli,
947 2805 997 2881 qui
1011 2825 1070 2881 prae
1091 2806 1203 2864 caeteris
1220 2815 1341 2882 urgetur
1354 2806 1392 2864 ad
1405 2809 1478 2888 raigi-

538 2913 574 2944 err
588 2886 821 2960 confirmandam,
840 2886 924 2944 Rom.
939 2885 979 2943 iii.
995 2889 1043 2960 25,
1059 2884 1108 2942 uhi
1123 2885 1164 2944 ait
1180 2887 1197 2917 “
1209 2885 1355 2944 Christum
1376 2888 1478 2946 consti-

537 2976 631 3026 tutum
646 2967 735 3026 fuisse
750 2987 767 3024 a
782 2967 845 3024 Deo
861 2964 1094 3042 Propitiatorium
1116 2985 1167 3041 per
1187 2965 1272 3023 fidem
1289 2966 1318 3022 in
1341 2969 1478 3044 sanguine

275 3046 339 3124 ejus
353 3047 390 3104 ad
405 3047 612 3106 ostendendam
630 3048 773 3126 justitiam
789 3046 900 3120 suam,''
916 3041 957 3102 iul
972 3047 1012 3106 cir
1026 3045 1128 3124 arigim
1140 3049 1186 3103 riis
1205 3046 1384 3126 semivivus
1397 3049 1479 3127 ἅμ(-

274 3130 330 3184 τιῦι
341 3127 360 3185 ir
370 3131 403 3208 ηῖ
412 3133 493 3209 atrox?
505 3135 549 3186 τοῦ
563 3135 635 3203 Θεοῦ,
651 3147 709 3186 non
722 3127 796 3185 bene
810 3127 867 3184 huc
881 3125 1004 3185 trahitur
1024 3124 1282 3202 quomodocunque
1302 3127 1479 3203 explicetur:

277 3207 345 3265 Sive
370 3209 535 3285 praepositio
559 3205 603 3266 Issi
627 3207 778 3267 catacliter
802 3226 867 3264 cum
891 3204 1064 3282 quibusdam
1085 3204 1272 3282 intelligatur,
1288 3217 1317 3264 et
1337 3207 1479 3282 significet

270 3295 399 3360 propter,
415 3295 448 3344 ut
461 3297 577 3346 notetur
590 3307 678 3345 cause
691 3285 847 3361 impulsiva
868 3285 951 3344 istius
967 3284 1162 3361 Propitiatorii
1176 3305 1194 3342 e
1209 3285 1272 3342 Deo
1295 3286 1430 3361 instituti,
1452 3297 1479 3344 et
1555 3329 1556 3332 ,

275 3363 305 3420 in
321 3365 485 3439 Evangelio
499 3365 646 3442 propositi,
663 3373 691 3422 et
704 3365 806 3444 irrigua
821 3363 960 3423 referatur
974 3365 1012 3422 ad
1026 3373 1147 3441 tempus,
1164 3365 1210 3424 cui
1224 3367 1299 3440 traxi
1313 3365 1368 3423 Dei
1388 3367 1477 3443 assig-

275 3451 376 3516 natur;
401 3443 469 3500 Sive
484 3445 664 3520 intelligatur
668 3445 798 3520 finaliter
813 3461 878 3499 cum
899 3443 973 3516 aliis,
989 3453 1018 3502 et
1031 3445 1128 3503 valeat
1148 3445 1224 3502 idem
1246 3444 1324 3521 quod
1338 3450 1371 3511 rie
1385 3449 1434 3522 ud,
1450 3457 1478 3504 ut

276 3521 377 3600 κόμης
393 3521 430 3578 sit
444 3521 518 3596 finis,
535 3543 586 3581 cur
600 3521 732 3579 Christus
754 3528 930 3597 proponatur
950 3522 980 3579 in
996 3523 1238 3601 Propitiatorium,
1255 3525 1302 3583 vel
1317 3521 1359 3582 iul
1373 3529 1414 3588 rii
1428 3527 1478 3585 xri·

276 3623 336 3680 gani
349 3609 473 3676 ponatur
486 3621 537 3678 pro
551 3599 593 3660 ini
604 3607 646 3665 eie
656 3599 775 3680 sagiense
784 3620 841 3676 per
854 3602 1049 3662 remissionem.
1084 3603 1116 3661 si
1126 3605 1313 3682 posteriorem
1327 3605 1405 3665 huuc
1417 3627 1479 3665 sen·

275 3699 338 3738 sum
354 3679 507 3754 sequimur,
523 3681 574 3756 qui
596 3681 774 3739 communior
797 3688 848 3754 est,
865 3690 894 3740 ct
907 3682 1005 3741 verbis
1018 3702 1052 3741 ac
1074 3702 1161 3762 scopo
1176 3685 1260 3744 Pauli
1281 3686 1479 3746 accommoda-

274 3758 338 3833 tior,
354 3759 455 3839 u‘gme
477 3757 554 3817 idem
578 3759 633 3819 erit
646 3759 724 3837 quod
748 3758 843 3836 ἶίφιπς,
861 3761 944 3838 quasi
968 3762 1048 3821 dicas
1071 3766 1285 3840 relaxationem,
1311 3767 1480 3843 metaphora

274 3839 361 3898 ducta
384 3859 401 3898 a
422 3839 554 3916 vinculis,
581 3840 687 3918 quibus
709 3860 762 3899 nos
783 3841 866 3919 quasi
880 3843 1114 3902 constrinxerunt
1128 3855 1246 3921 peccata
1267 3845 1322 3903 sub
1335 3855 1480 3922 potestate

275 3921 398 3996 Satanae,
414 3939 478 3998 qna
499 3939 550 3998 per
565 3920 672 3979 Christi
693 3921 924 3998 propitiationem
947 3922 1039 3980 laxari
1064 3924 1199 3999 oportuit.
1243 3924 1291 3984 Sic
1312 3924 1481 4004 intelligunt

274 3999 432 4060 versiones
445 4001 598 4079 pleraeque,
615 3999 737 4076 Gallica,
761 4000 889 4078 Belgica,
906 4001 1042 4079 Anglica,
1066 4001 1178 4078 Italica,
1200 4011 1229 4062 et
1243 4003 1408 4064 Orthodoni
1432 4007 1479 4064 ln·

272 4089 411 4158 terpretes
425 4081 564 4140 hactenus
585 4090 788 4158 exposuerunt,
804 4091 837 4140 ut
851 4081 998 4158 Calvinus,
1015 4083 1136 4159 Martyr,
1160 4083 1357 4160 Bullingerus,
1381 4085 1479 4145 Pisca-

272 4167 325 4234 tor,
343 4161 459 4237 Pareus,
476 4161 577 4221 etalii.
622 4161 730 4220 Sensus
752 4161 806 4220 erit
822 4162 916 4220 Deum
931 4161 996 4220 ideo
1010 4163 1194 4240 proposuisse
1214 4163 1361 4222 Christum
1378 4165 1479 4242 Propi-

272 4239 404 4300 tiatorem
418 4241 569 4318 perfidem
583 4241 614 4299 in
629 4241 769 4316 sanguine
785 4243 857 4318 ejus,
873 4251 906 4300 ut
919 4241 1080 4300 declararet
1090 4243 1233 4318 justitiam
1258 4263 1348 4318 auam,
1365 4265 1419 4320 per
1433 4245 1478 4303 vel

272 4328 390 4398 propter
404 4321 601 4380 remissionem
616 4327 800 4398 peccatorum
814 4319 1046 4398 praecedentium,
1063 4321 1102 4379 id.
1118 4341 1182 4398 quae
1196 4323 1352 4382 commissa
1366 4325 1481 4383 fuerant

271 4409 356 4459 antea
370 4401 424 4458 sub
439 4401 506 4460 Vet.
521 4400 599 4460 Test.
625 4401 798 4476 intempore
822 4400 968 4478 patientiae
992 4400 1057 4459 Dei.
1101 4401 1236 4462 Meminit
1260 4423 1329 4461 vero
1361 4405 1477 4480 potissi·

270 4499 346 4538 mum
364 4491 544 4556 peccatorum
559 4480 791 4557 praecedentium,
807 4499 865 4537 non
879 4479 917 4536 ad
938 4479 1133 4539 exclusionem
1148 4484 1332 4559 praesentium
1348 4491 1378 4541 et
1401 4483 1477 4543 futu-

271 4579 375 4634 rorum,
392 4559 443 4617 sed
457 4569 489 4618 ut
503 4560 562 4618 vim
577 4559 782 4637 redemptionis
797 4559 904 4618 Christi
925 4559 1088 4636 amplificet,
1105 4581 1169 4638 qum
1190 4582 1247 4620 non
1263 4562 1301 4619 ad
1322 4565 1477 4639 praesentis

270 4639 371 4712 solum,
388 4637 438 4696 sed
463 4639 500 4696 ad
524 4640 714 4716 praecedentia
739 4649 856 4717 peccate
877 4639 962 4698 etiam
978 4640 1122 4717 expianda
1136 4641 1221 4701 fuerit
1243 4641 1354 4700 efficax.
1399 4643 1475 4702 Nam

311 2859 401 2907 Fontes
413 2863 482 2908 Solu-

345 2921 448 2966 tionum.
