3192 5206
171 385 278 438 ourrsr.
294 369 376 452 vrm]
539 389 577 429 nr
592 387 724 430 ressone
740 388 778 428 rr
793 385 888 430 srsru
902 389 1028 432 onmem.
1313 373 1370 430 291

167 530 196 588 in
211 529 326 590 Unione
341 529 485 608 personali
500 531 632 590 humanae
646 537 756 589 naturae
771 529 809 590 sit
822 532 1080 605 communicatum
1104 531 1155 589 sed
1169 531 1295 590 ostendit
1308 539 1370 589 tan-

165 619 225 668 tum
238 610 311 688 quid
325 630 342 668 a
357 611 421 669 Deo
434 611 518 669 Patre
532 611 588 688 ipsi
598 610 696 669 datum
712 611 749 670 sit
758 610 795 668 ad
805 610 898 670 Officii
906 611 1114 686 executionem,
1130 631 1187 669 non
1198 613 1228 669 in
1244 611 1367 682 Unione,

163 689 214 747 sed
224 699 291 767 post
311 691 559 748 resurrectionem.
601 694 629 749 2.
645 690 711 749 Non
725 690 854 767 loquitur
867 690 902 748 de
920 691 1055 766 potentia,
1071 711 1135 768 quse
1150 701 1194 749 est
1208 691 1369 749 essentialis

163 769 219 828 Dei
233 770 402 847 proprietas,
419 769 469 827 sed
484 769 519 826 de
529 779 674 845 potestate,
690 789 754 845 quse
769 779 813 828 cst
824 770 1000 847 apotelesma
1013 771 1162 848 personale
1179 770 1367 846 mediatoris,

162 867 220 906 non
241 849 313 907 dicit
324 855 398 908 sica
412 845 523 924 direpte,
539 848 591 907 sed
611 855 687 907 παῖσα
702 851 805 924 basah,
821 861 854 907 ut
874 859 955 909 notet
962 852 1012 927 jus
1026 858 1056 909 et
1069 851 1273 908 authoritatem
1287 869 1366 906 man-

160 927 250 986 dandi
270 936 299 986 et
321 929 480 1005 judicandi,
502 928 579 987 unde
604 929 701 987 statim
725 930 815 1003 addit,
831 931 939 986 Erotes
960 947 1028 1005 erpo
1053 933 1154 1005 docete,
1170 929 1224 987 &a
1267 929 1328 986 Nec
1343 930 1368 985 si

160 1007 254 1066 omnis
268 1017 397 1084 potestas
411 1008 448 1066 ad
470 1009 514 1066 sui
528 1008 698 1066 exercitium
711 1009 831 1084 requirit
845 1009 1090 1085 omnipotentiam,
1106 1009 1298 1067 necessarium
1313 1019 1366 1082 est,

159 1095 192 1145 ut
213 1087 239 1145 is
264 1087 315 1164 qui
328 1087 417 1146 habet
437 1107 550 1146 emnem
561 1096 741 1164 potestatem,
754 1088 850 1146 statim
865 1088 1100 1165 omnipotentiam
1116 1089 1220 1147 habeat
1235 1098 1367 1166 respectu

158 1167 310 1244 utriusque
330 1176 460 1244 nature,
482 1167 586 1226 suffieit
605 1175 638 1226 ut
658 1175 803 1244 competat
824 1185 953 1242 personas
967 1168 1063 1244 quoad
1087 1169 1206 1227 alteram
1225 1177 1365 1227 naturam.

158 1247 187 1304 3.
204 1246 270 1304 Non
285 1246 356 1305 dicit
369 1257 480 1306 naturus
494 1248 631 1320 numano,
648 1247 698 1305 sed
712 1247 787 1321 milri,
803 1257 836 1305 ut
849 1265 972 1321 persona
985 1248 1015 1304 in
1035 1258 1176 1322 concreto,
1193 1267 1250 1305 non
1264 1255 1367 1306 natura

157 1324 187 1383 in
202 1326 349 1385 abstracto
360 1326 536 1403 designetur.
578 1329 606 1384 4.
623 1326 705 1385 Licet
720 1326 830 1385 Deitati
851 1325 923 1383 nihil
948 1327 1009 1384 dari
1023 1327 1116 1404 possit
1128 1327 1242 1404 proprie
1257 1327 1366 1385 ratione

156 1406 304 1480 Essentr'oe,
316 1414 412 1484 potest
426 1414 522 1465 tamen
533 1406 716 1480 oeconomice,
732 1414 793 1465 tum
807 1405 918 1464 ratione
932 1407 1021 1482 officii,
1034 1417 1067 1465 ut
1080 1407 1153 1464 illud
1164 1426 1201 1464 ex
1215 1407 1365 1464 voluntate

157 1483 254 1544 Patris
268 1485 407 1562 suscipiat
431 1494 460 1544 et
484 1495 652 1562 exequatur,
667 1494 729 1544 turn
749 1485 859 1544 rati0ne
882 1486 1119 1561 manifestationes,
1134 1495 1167 1545 ut
1188 1486 1280 1562 gloria
1295 1486 1364 1543 Dei·

155 1565 234 1639 tatis,
255 1584 321 1641 quaa
335 1565 479 1624 occultata
502 1564 595 1624 suerat
608 1565 639 1622 in
653 1564 744 1622 forma
758 1563 843 1637 servi,
862 1563 923 1639 jam
938 1565 1091 1640 reveletur,
1104 1574 1133 1625 et
1147 1565 1282 1624 omnibus
1296 1585 1363 1622 con-

154 1644 258 1721 spicua
271 1644 331 1718 fiat,
346 1645 368 1704 J
370 1645 416 1704 ob.
431 1645 503 1702 xvii.
519 1647 547 1702 5.

197 1723 342 1783 XXXV.
364 1723 421 1799 Qui
435 1723 495 1784 edit
508 1722 647 1782 miracula
660 1723 775 1800 propria
788 1731 817 1781 et
831 1723 952 1801 physica
965 1723 1072 1783 virtute
1094 1723 1181 1782 debet
1194 1743 1257 1780 esse
1272 1722 1363 1780 omni·

153 1811 268 1880 potens,
285 1803 337 1863 sed
351 1804 482 1864 Christus
496 1823 554 1880 qua
567 1803 653 1860 homo
678 1822 735 1861 non
759 1823 794 1860 ee
808 1803 912 1862 edebat
925 1802 1040 1880 propria
1054 1803 1170 1876 virtute,
1186 1802 1237 1860 sed
1252 1801 1290 1860 ad
1303 1821 1363 1858 mo-

152 1883 224 1941 dum
239 1883 423 1942 instrumenti
437 1883 573 1958 moralis;
606 1883 781 1941 Concurrere
800 1901 869 1959 ergo
891 1882 991 1941 debuit
1004 1882 1043 1940 ad
1063 1900 1136 1958 opus
1160 1881 1363 1940 miraculosum

152 1962 331 2021 conferendo
355 1963 433 2040 quod
454 1983 537 2022 suum
562 1971 615 2036 est,
631 1962 683 2020 sed
704 1963 797 2020 virtus
817 1961 930 2020 infinita
950 1981 967 2018 a
987 1980 1045 2039 qua
1058 1961 1172 2038 proprie
1193 1960 1363 2018 miraculum

151 2042 375 2118 producebatur,
384 2042 534 2102 soliusfuit
543 2041 711 2115 divinitatis,
725 2042 908 2101 Marem-²30.
926 2041 1240 2100 Miraculatribuuntur
1249 2039 1363 2098 Christo

150 2121 183 2180 in
194 2131 339 2196 concreto,
349 2143 408 2181 non
427 2121 599 2182 humanitati
613 2123 643 2179 in
657 2122 810 2181 abstracto.

195 2201 357 2261 XXXVI.
380 2203 453 2260 Caro
468 2201 574 2261 Christi
583 2201 689 2259 dieitur
697 2201 822 2276 vivifica,
837 2201 906 2261 Joh.
922 2201 961 2260 vi.
977 2201 1025 2274 48,
1041 2221 1098 2259 non
1108 2199 1262 2273 efficientem
1272 2199 1361 2256 vitam

151 2290 292 2340 aeternam
313 2302 365 2359 per
378 2302 408 2341 se
423 2281 624 2359 producendo,
647 2281 699 2340 sed
719 2281 861 2339 meritorie
882 2281 931 2358 jus
952 2280 1092 2339 advitam
1108 2287 1199 2338 morte
1214 2298 1266 2338 sua
1279 2279 1364 2336 nobis

151 2361 340 2438 aequitando.
384 2361 497 2420 Deinde
511 2361 541 2418 in
556 2359 698 2419 similibus
711 2361 906 2419 locutionibus
920 2360 1101 2437 synecdoche
1112 2358 1296 2436 agnoscenda
1309 2367 1363 2432 est,

151 2460 303 2518 perquam
318 2442 494 2518 apotelesma
508 2439 586 2516 quod
600 2440 713 2516 proprie
727 2449 772 2499 est
791 2461 921 2517 personae
943 2439 1100 2498 seeundum
1114 2449 1265 2516 utramque
1280 2447 1363 2497 natu·

152 2539 225 2594 ram,
241 2520 379 2580 tribuitur
392 2520 471 2578 carni
485 2519 532 2578 vel
547 2519 680 2596 sanguini
695 2539 746 2596 per
760 2520 877 2598 synecd.
892 2519 991 2596 partis.

194 2599 375 2659 XXXVII.
398 2600 481 2658 Licet
496 2600 629 2657 Personae
644 2600 681 2657 ab
695 2601 785 2658 altera
800 2609 902 2658 natura
913 2599 1113 2672 denominatae,
1129 2597 1271 2656 tribuatur
1285 2597 1364 2674 quod

151 2686 198 2738 est
213 2679 332 2738 alterius
346 2687 465 2754 naturae,
490 2698 549 2737 non
563 2678 735 2756 importatur
748 2687 844 2738 tamen
858 2678 948 2736 falsus
973 2687 1138 2754 conceptus,
1161 2686 1195 2735 ut
1219 2677 1363 2734 tribuatur

153 2759 296 2835 subjecto,
312 2759 431 2836 quodsi
452 2778 510 2816 non
531 2759 675 2830 convenit,
691 2777 720 2816 v.
735 2777 764 2834 g.
778 2758 876 2835 passio
896 2766 926 2815 et
952 2775 1030 2814 mors
1054 2756 1190 2814 tribuitur
1210 2755 1281 2826 Deo,
1297 2775 1363 2830 quse

152 2838 181 2896 ei
195 2859 254 2897 non
269 2839 412 2914 convenit,
429 2838 497 2896 Act.
513 2857 563 2896 xx.
579 2838 627 2896 28.
670 2837 745 2912 Quia
764 2856 823 2895 non
843 2836 979 2895 tribuitur
994 2837 1066 2908 Deo,
1081 2842 1114 2893 ut
1128 2833 1258 2910 subjecto
1273 2835 1361 2892 inhae-

151 2917 254 2992 sionis,
280 2919 332 2978 sed
356 2938 494 2996 persona,
518 2937 583 2994 quse
610 2917 689 2976 Deus
714 2927 767 2990 cst,
793 2925 826 2975 ut
848 2915 979 2992 subjecto
1004 2913 1254 2987 denominationis,
1282 2913 1362 2989 qnod

152 2997 260 3057 sufficit
274 2998 311 3056 ad
325 2997 530 3058 removendum
546 2995 648 3054 falsum
664 3004 842 3072 conceptum.

195 3077 393 3137 XXXVIII.
416 3075 733 3148 Distinctioues-varire,
749 3093 814 3150 quse
828 3073 986 3132 afferuntur
1006 3092 1024 3130 a
1048 3069 1220 3130 Lutheranis
1241 3070 1280 3128 ad
1293 3091 1360 3128 con·

152 3157 294 3216 ciliandus
309 3157 557 3230 contradictiones
574 3175 638 3230 quse
659 3163 813 3213 occummt
833 3153 863 3210 in
887 3171 985 3210 eorum
1001 3151 1151 3222 sententis,
1167 3169 1225 3207 non
1239 3159 1361 3226 possunt

152 3237 263 3296 nodum
277 3238 399 3311 solvere,
414 3245 443 3295 ct
458 3235 711 3294 contradictionem
726 3232 915 3310 multiplicem
929 3231 1090 3290 involvunt.
1135 3233 1166 3286 1·
1186 3237 1230 3286 est
1245 3229 1280 3288 dc
1295 3239 1361 3287 acta

147 3336 282 3392 persona
295 3325 324 3376 et
337 3319 469 3390 Naurroe,
485 3315 624 3374 Naturam
639 3314 793 3372 humanam
818 3311 913 3389 quoad
927 3310 1071 3388 posterius
1095 3327 1158 3367 esse
1173 3308 1292 3385 finitam,
1309 3309 1360 3368 sed

152 3397 404 3474 omnipraesentem
417 3394 514 3473 priori.
559 3393 617 3452 Sed
631 3394 745 3467 frustra,
762 3392 838 3466 Quia
851 3400 931 3450 actus
946 3409 1075 3468 personae
1090 3388 1192 3467 nequit
1205 3389 1360 3448 convenire

151 3487 273 3551 natura,
288 3496 353 3552 quae
367 3495 425 3534 non
439 3481 483 3533 cst
497 3493 627 3551 persona.
670 3474 709 3531 Et
723 3472 749 3530 si
763 3481 844 3531 actus
858 3471 1017 3548 personalis
1032 3469 1118 3528 Carni
1133 3468 1240 3527 Christi
1254 3488 1359 3527 conve-

151 3557 222 3632 niat,
243 3555 299 3616 erit
312 3563 378 3614 actu
394 3555 529 3613 Persona.
551 3557 579 3612 2.
596 3552 670 3626 Quia
693 3552 883 3629 personalitas
907 3559 1031 3608 nonest
1054 3557 1135 3608 actus
1158 3548 1283 3622 divinus,
1309 3547 1361 3606 sed

151 3637 256 3696 modus
271 3635 313 3694 rei
327 3635 363 3693 ab
377 3635 455 3693 illius
469 3633 595 3691 essentia
608 3641 637 3690 et
651 3633 806 3690 existentia
820 3631 982 3690 distinctus,
1018 3633 1046 3688 3.
1062 3629 1137 3704 Quia
1147 3636 1229 3686 actus
1243 3627 1360 3686 divinus

151 3717 253 3793 nequit
266 3715 355 3774 tribui
368 3713 629 3785 naturaehumanse,
641 3731 706 3788 quae
716 3719 829 3770 nonest
843 3712 932 3768 Deus.
962 3713 990 3768 4.
1007 3708 1081 3784 Quia
1095 3716 1178 3766 actus
1192 3707 1247 3766 iste
1261 3727 1359 3784 perso·

151 3795 236 3870 nalis,
251 3795 301 3854 vel
324 3793 446 3853 destruit
465 3801 561 3852 aetum
581 3798 700 3866 natura,
723 3791 772 3849 vel
795 3810 868 3861 non.¹
888 3790 919 3847 Si
940 3789 1021 3864 illud,
1047 3807 1114 3846 earo
1138 3787 1282 3844 desineret
1295 3807 1359 3844 esse

151 3895 227 3950 caro,
243 3874 312 3951 quia
325 3881 407 3932 actus
421 3881 531 3932 naturae
545 3878 589 3930 est
608 3871 672 3948 ipsa
685 3877 807 3945 natura3
829 3869 854 3928 si
875 3889 943 3943 non,
966 3877 1027 3926 tum
1047 3886 1160 3943 semper
1177 3865 1282 3940 poterit
1304 3865 1363 3922 dici

151 3955 226 4014 Caro
248 3953 356 4013 Christi
376 3953 467 4028 finita,
488 3959 517 4010 et
538 3958 615 4009 certo
637 3950 730 4027 spatio
750 3947 973 4026 circumscripta,
993 3947 1072 4024 qnod
1085 3944 1224 4003 ἀσύστατον
1236 3950 1281 4001 est
1294 3961 1361 4001 cum

150 4035 214 4092 e'ns
233 4033 285 4092 ubi
307 4034 406 4092 uitato.

163 4055 175 4112 J
194 4054 360 4171 XXXqIX.
382 4109 492 4170 Eadem
507 4117 552 4168 est
565 4108 638 4168 ratio
652 4110 730 4168 modi
736 4108 847 4185 physici
866 4117 892 4166 et
905 4105 1100 4184 bppeplysr'er'
1112 4122 1162 4160 sen
1176 4100 1356 4177 majestatici,

154 4197 180 4252 1.
193 4193 269 4268 Quia
277 4192 381 4250 modus
391 4189 621 4268 hyperphysicus
631 4209 690 4247 non
699 4187 823 4247 destruit
830 4195 971 4260 naturam,
985 4185 1109 4244 sedeam
1125 4189 1215 4255 ornat,
1231 4179 1282 4237 sed
1296 4199 1357 4237 mo-

152 4273 207 4332 dus
216 4271 332 4332 essendi
346 4272 453 4347 ubique
468 4269 591 4328 destruit
604 4287 676 4342 eam,
693 4276 722 4326 et
736 4267 800 4326 ideo
815 4275 859 4325 est
868 4264 1075 4344 antiphysicns.
1118 4265 1146 4319 2.
1160 4259 1234 4334 Quia
1246 4259 1357 4334 Corpus

152 4352 261 4411 Christi
281 4371 333 4429 per
348 4351 492 4410 Unionem
513 4368 572 4406 non
595 4347 692 4406 amisit
715 4345 914 4423 quantitatem,
930 4344 1059 4420 adeoque
1079 4361 1132 4399 nec
1147 4339 1225 4398 illius
1239 4337 1357 4394 modum

152 4450 203 4490 sen
217 4431 436 4490 dimensionem.
471 4431 500 4488 3.
517 4427 548 4486 Si
561 4447 614 4504 per
634 4427 746 4485 modam
766 4425 919 4502 majestates
942 4421 1114 4498 intelligitur
1135 4427 1245 4478 tantum
1261 4415 1356 4474 excel-

151 4510 313 4570 lentissima
327 4510 378 4568 illo
391 4507 492 4586 gloria,
507 4526 565 4583 qua
579 4507 652 4566 Caro
666 4513 815 4581 assumpta
827 4513 872 4563 est
886 4503 915 4561 in
930 4501 1109 4580 hypostasim
1130 4497 1220 4570 Λδγιυ,
1236 4496 1357 4554 infertur

152 4589 269 4666 quidem
284 4588 476 4667 praerogativa
491 4585 592 4646 Carnis
612 4605 699 4663 supra
712 4603 825 4643 omnem
840 4583 926 4640 aliam
941 4589 1119 4655 creaturam;
1141 4578 1264 4636 sednon
1279 4594 1354 4632 com·

151 4669 308 4729 municstio
322 4669 529 4746 proprietatnm
551 4665 723 4724 divinarum.
768 4663 800 4721 Si
813 4681 883 4719 vero
908 4660 1079 4738 intelligitur
1093 4657 1220 4717 omnium
1235 4653 1354 4715 attribu-
