3186 5210
258 362 316 420 536
661 385 756 428 nereus
771 387 904 428 necinus
918 385 1061 432 oriturus,
1269 365 1382 445 [eumer.
1393 382 1444 423 rvr.

267 520 327 578 irno
352 531 381 578 et
405 521 475 578 fana
500 521 559 580 illis
584 529 759 597 extruendo,
774 547 827 602 per
847 528 1052 586 idololatriam
1076 531 1196 584 tantum
1219 523 1407 598 participatam
1424 533 1447 580 et

268 601 451 670 indirectam,
466 609 501 657 ut
524 621 585 658 non
610 607 696 678 pauci
721 626 757 663 ex
782 607 921 664 Hebraeis
942 614 972 664 et
997 604 1174 665 Christianis
1198 609 1311 678 putant,
1325 601 1379 658 sive
1397 602 1447 676 ipse

268 696 304 735 ea
317 679 453 747 colendo,
468 697 528 735 non
543 687 641 740 tamen
667 685 786 760 penitus
810 685 936 758 ejerasse
956 685 1013 741 Dei
1027 685 1152 752 cultum,
1168 682 1215 738 vel
1238 681 1323 738 Idola
1340 680 1368 735 in
1380 678 1448 735 'lenv-

268 758 354 830 plum
368 756 512 828 intulisse,
527 757 557 814 in
573 779 634 834 quo
648 781 737 820 verus
752 764 808 822 Dei
823 765 923 820 cultus
936 763 1130 832 continuavit,
1146 759 1238 817 etiam
1258 759 1327 815 dum
1345 757 1448 814 idolola-

269 833 328 890 tria
350 835 488 892 obtinuit.
533 837 623 896 Unde
638 842 770 914 August.
793 843 831 899 de
854 841 941 900 Civit.
958 841 1023 911 Dei,
1044 840 1096 896 lib.
1118 839 1178 896 xiv.
1200 857 1224 895 c.
1242 838 1285 893 11.
1300 836 1379 892 illum
1396 853 1450 892 cou-

265 912 369 986 jungit
391 933 458 970 eum
475 917 708 993 Aaroue,quen1
731 920 803 978 dicit
823 923 936 978 ementi
957 920 1064 996 populo
1078 920 1119 977 ad
1143 917 1254 975 idolam
1268 913 1450 991 seducendam

219 1057 224 1066 ³
268 1011 325 1049 reon
354 993 522 1050 consensisse
546 994 701 1068 inductum,
728 999 780 1055 aad
808 999 920 1058 cessisse
948 999 1120 1058 obstr-ictam.
1171 995 1199 1052 ὃ.
1230 994 1309 1061 eria
1334 992 1450 1052 S³l⁰¹¹¹⁰¹¹

267 1076 336 1144 post
358 1078 483 1128 mortem
506 1073 658 1145 laudatur,
681 1077 700 1133 2
725 1075 823 1135 Paral.
839 1078 878 1134 xi.
903 1077 948 1148 17,
973 1078 1025 1135 ubi
1048 1078 1086 1133 de
1108 1075 1266 1133 Roboamo
1287 1071 1386 1145 agitur,
1404 1089 1452 1124 am·

269 1147 376 1206 bulaoit
391 1149 420 1204 in
435 1150 481 1206 via
496 1148 622 1211 Danda
636 1165 662 1214 et
677 1155 836 1215 Salomonis
860 1157 993 1215 triennio.
1035 1153 1098 1214 Ubi
1119 1155 1156 1210 de
1177 1152 1296 1228 pietatis
1314 1149 1452 1205 imitatione

269 1226 378 1300 agitur,
414 1231 495 1300 quod
532 1231 659 1306 Spiritus
694 1234 722 1293 S.
748 1253 809 1292 nou
844 1235 976 1307 dixisset,
1005 1236 1029 1292 si
1062 1232 1182 1308 penitus
1215 1249 1235 1288 a
1266 1230 1323 1286 fide
1353 1225 1452 1283 defecis-

270 1313 322 1361 set
365 1305 391 1361 6.
416 1305 501 1363 ldenr
526 1312 671 1382 probatur
684 1332 721 1370 ex
735 1314 801 1386 ejus
821 1314 1030 1390 resipiscentia,
1045 1313 1132 1386 cujus
1152 1309 1236 1366 testis
1249 1315 1301 1376 est,
1315 1325 1370 1362 non
1382 1305 1453 1361 modo

270 1383 487 1458 qualiscunque
504 1387 643 1448 Ecclesiae
657 1391 828 1449 reformatio
842 1393 981 1450 extremis
995 1391 1064 1448 vitae
1079 1387 1165 1446 anuis
1175 1387 1321 1454 instituta,
1335 1385 1352 1440 2
1365 1385 1452 1441 Chrou.

270 1461 309 1517 xi.
327 1462 373 1531 17,
396 1465 446 1520 sed
467 1468 616 1542 praecipue
637 1470 828 1528 EcclesIastes
842 1471 916 1544 ejus,
938 1489 1028 1544 quem
1050 1475 1189 1526 constans
1214 1473 1258 1522 est
1282 1464 1454 1520 Hebraeorum

271 1540 380 1614 opinio,
396 1560 455 1598 non
471 1545 561 1601 modo
576 1548 614 1604 ab
629 1547 691 1621 ipso
705 1549 903 1623 conscriptum
917 1549 1016 1616 fuisse,
1029 1554 1064 1604 ut
1077 1547 1125 1602 rel
1136 1563 1174 1601 ex
1188 1544 1278 1602 titulo
1297 1540 1360 1598 libri
1372 1557 1423 1612 cap.
1439 1536 1455 1590 ’1

272 1619 298 1688 1,
313 1620 414 1694 colligi
432 1629 535 1694 potest,
551 1625 624 1681 dum
639 1633 764 1682 vocatur
779 1625 919 1697 Coleletll,
935 1626 1019 1703 filies
1033 1624 1167 1693 Daciae,
1183 1622 1249 1680 Rea
1262 1623 1291 1679 in
1311 1615 1457 1680 Jerusalem,

271 1700 322 1754 scd
336 1698 427 1755 ctiam
441 1707 510 1772 post
524 1702 640 1776 lapsum
663 1713 692 1760 et
713 1705 768 1760 sub
789 1706 858 1763 vitae
883 1706 981 1774 tinem,
997 1713 1032 1761 ut
1045 1722 1081 1760 ex
1093 1721 1213 1759 summa
1236 1700 1305 1757 libri
1318 1695 1455 1770 conigium

271 1777 324 1849 qui
339 1777 415 1832 nihil
430 1777 512 1834 aliud
528 1788 572 1837 cst
586 1799 676 1856 quarn
690 1801 772 1839 mera
786 1784 955 1841 humiliatio
971 1798 1071 1840 coram
1091 1780 1175 1850 Deo;
1199 1779 1362 1836 vanitatum
1375 1783 1401 1830 et
1416 1788 1458 1858 re

271 1855 423 1927 luptaturn
438 1857 534 1914 omnis
548 1861 672 1932 generis,
689 1879 763 1934 quas
782 1863 1001 1936 degustaverat,
1017 1861 1158 1935 graphica
1172 1857 1348 1932 descriptio;
1367 1855 1457 1938 peccel

272 1933 318 1988 sui
340 1951 479 2008 expressa
499 1937 661 2007 confessio;
687 1939 838 2013 sapientiae
854 1941 1069 2015 propriaeque
1088 1939 1201 1995 abusus
1221 1943 1294 2005 erat,
1313 1935 1458 2004 abnegma

271 2027 334 2084 cap.
345 2011 394 2068 vii.
405 2013 452 2081 23,
459 2015 620 2072 uurlierurn
631 2035 649 2073 a
660 2018 769 2091 quibus
783 2017 943 2076 fascinatos
953 2027 983 2074 et
994 2019 1032 2075 ad
1042 2021 1197 2091 peocmum
1207 2017 1346 2072 seductus
1356 2014 1412 2066 erat
1420 2006 1460 2060 de-

270 2089 398 2158 testatio,
410 2108 470 2147 ver.
481 2093 528 2162 26,
540 2101 570 2150 et
584 2096 622 2152 ad
636 2095 774 2152 timorem
789 2096 845 2154 Dei
861 2097 961 2166 solius,
974 2095 1107 2172 opposite
1116 2097 1154 2151 ad
1169 2087 1458 2149 homoteleuton

271 2165 431 2237 idolorum,
447 2171 538 2227 studii
553 2174 649 2230 omnis
670 2175 828 2244 revocatio,
843 2183 878 2232 ut
899 2177 1015 2232 adrem
1035 2191 1127 2229 unam
1147 2170 1351 2237 necessariam,
1363 2170 1459 2250 etegti'

272 2253 312 2296 aa>
325 2253 399 2315 eiras,
417 2248 595 2323 prescriptum
617 2261 643 2308 ct
653 2255 741 2330 finem
755 2271 832 2310 verae
858 2253 1010 2328 sapientiae
1024 2271 1048 2308 c.
1064 2250 1114 2316 xii.
1137 2249 1204 2308 Nec
1226 2249 1297 2308 huic
1316 2247 1460 2305 Salomone

270 2322 451 2394 paenitentias
467 2326 584 2384 obstare
598 2337 703 2402 potest,
720 2331 777 2386 Vel
800 2333 881 2405 quod
903 2349 963 2389 non
979 2347 1113 2404 expresse
1126 2329 1246 2402 legatur
1266 2329 1297 2384 in
1313 2322 1458 2397 Scriptura

270 2399 341 2472 quia
355 2417 409 2456 nec
430 2401 551 2472 Adarni,
575 2405 674 2475 Lothi,
698 2408 859 2478 Samsouis,
874 2417 905 2465 et
925 2409 1053 2465 aliorum
1068 2407 1252 2482 poenitentiae
1273 2401 1402 2479 explicite
1419 2397 1460 2452 ht·

271 2478 387 2545 bentur,
403 2495 470 2550 quae
493 2487 625 2539 tamena
646 2485 763 2540 nemine
787 2485 961 2543 indubium
985 2486 1092 2543 merito
1114 2490 1310 2553 revocantur;
1333 2480 1370 2538 Et
1387 2491 1459 2548 11ῐὲ1·
1536 2475 1537 2510 l

270 2561 372 2612 menta
386 2555 480 2614 allata
493 2559 644 2617 sufficiunt
658 2563 696 2619 ad
711 2581 777 2618 earn
791 2565 995 2638 probandam
1028 2564 1087 2621 Vel
1097 2564 1184 2638 ¹quod
1207 2563 1327 2620 Idoleia
1344 2575 1399 2614 nou
1411 2567 1461 2608 sus

270 2633 384 2704 tulerit,
400 2636 480 2709 quia,
495 2639 513 2694 2
528 2637 602 2712 ch.
618 2640 700 2697 xxiii.
717 2638 764 2710 13,
778 2641 888 2699 dicitur
903 2648 920 2675 ‘⁶
932 2641 1032 2699 Josius
1051 2641 1188 2713 Excelsa,
1203 2660 1273 2715 quae
1288 2632 1461 2718 aedificavere}t
1536 2675 1537 2696 ι

272 2711 415 2770 Salomon
430 2714 484 2789 ipsi
501 2715 655 2786 Astaroth,
671 2718 807 2788 Chemos,
823 2729 853 2778 et
872 2720 1005 2793 Milcom,
1027 2719 1200 2794 profanasse
1211 2722 1242 2788 ;’'
1284 2717 1362 2785 Quia
1381 2711 1462 2786 ponet

271 2790 439 2864 relinquere
453 2794 506 2850 illa
522 2794 655 2867 Excelsa,
680 2805 715 2855 ut
729 2797 872 2856 servirent
885 2799 1008 2874 posthac
1022 2797 1125 2860 cultui,
1141 2816 1202 2854 non
1215 2793 1408 2858 idololatrico‚
1420 2783 1460 2841 sed

271 2869 333 2925 veri
345 2869 402 2926 Dci
418 2870 546 2942 Israelis,
556 2875 708 2932 utdicitur
721 2877 759 2932 de
773 2878 884 2952 populo
898 2883 966 2950 post
976 2876 1122 2933 abolitum
1131 2877 1248 2932 cultum
1262 2867 1460 2932 idololatricam

271 2963 290 3002 a
303 2946 452 3018 Manasse,
468 2951 486 3006 2
501 2950 631 3026 Paralip.
647 2954 750 3011 xxxiii.
764 2954 810 3024 17,
823 2955 904 3029 quod
919 2961 937 2988 ‘⁴
949 2955 1079 3028 populus
1089 2953 1259 3012 immolaret
1270 2952 1365 3010 adhuc
1374 2947 1401 3002 iu
1414 2939 1460 2998 Ex·

271 3025 356 3082 celsis
370 3031 580 3086 tantummodo
594 3030 616 3087 J
618 3033 719 3089 ehovae
736 3031 801 3090 Deo
812 3033 895 3104 suo,”
907 3051 975 3106 quae
988 3032 1010 3090 J
1012 3031 1101 3102 osias,
1112 3039 1148 3088 ut
1160 3033 1278 3089 cultum
1290 3029 1344 3088 Dei
1354 3033 1463 3102 pressius

272 3113 446 3177 repurgaret
461 3108 498 3164 ab
513 3109 595 3165 omni
609 3110 826 3184 superstitione,
841 3111 991 3168 destruere
1005 3109 1110 3166 voluit.

315 3182 480 3244 XXXIII.
503 3189 620 3246 Petram
634 3189 762 3265 graviter
775 3209 918 3266 peccasse,
936 3189 1081 3248 Christum
1097 3189 1280 3266 abnegando,
1304 3195 1333 3246 et
1355 3183 1460 3265 abnega·
1536 3197 1537 3208 ³

273 3261 380 3320 tionem
397 3283 476 3322 suam
492 3269 618 3343 perjurio
633 3268 719 3327 etiam
735 3269 939 3337 confirmando,
956 3267 1082 3326 dubitari
1096 3288 1155 3326 non
1179 3277 1287 3344 potest.
1329 3262 1461 3346 seipsu-

273 3349 320 3397 tus
334 3361 392 3397 non
404 3345 527 3402 ablatam
543 3345 632 3406 fnisse
646 3348 733 3406 fidem
748 3349 778 3406 in
792 3349 886 3424 corde,
903 3349 958 3407 etsi
972 3347 1114 3406 confessio
1128 3349 1158 3404 in
1168 3368 1216 3406 ore
1231 3345 1372 3418 defecerit,
1387 3333 1462 3397 sohde
1536 3397 1537 3416 ,

273 3418 428 3493 colligitur,
453 3425 478 3480 1.
502 3425 549 3481 h'x
564 3428 692 3486 oratione
708 3428 823 3503 Christi,
840 3429 889 3504 qui
910 3446 963 3505 pro
985 3428 1035 3485 illo
1058 3429 1160 3503 oravit,
1175 3449 1209 3486 ne
1224 3433 1300 3500 fidae
1311 3423 1460 3502 palearis„

274 3500 409 3572 deficeret,
427 3501 496 3558 Luc.
512 3505 585 3561 xxii.
602 3509 648 3581 32,
665 3527 751 3582 quam
766 3527 783 3565 a
798 3509 884 3566 Patre
899 3507 1065 3566 exauditam
1080 3527 1143 3566 esse
1164 3527 1248 3567 nemo
1264 3517 1308 3567 est
1322 3504 1368 3582 qui
1381 3501 1461 3571 ne80l·

275 3576 301 3631 N
304 3595 336 3633 ec
350 3576 405 3634 hoo
420 3579 544 3655 intelligi
559 3593 654 3659 potest
668 3595 780 3645 tanturn
794 3587 830 3645 de
845 3587 1004 3646 defectione
1019 3587 1107 3663 finali,
1119 3587 1187 3663 quia
1195 3588 1287 3647 verba
1301 3579 1408 3652 Christi,
1417 3587 1463 3631 110ΙΙ

274 3654 311 3711 ad
326 3663 439 3732 tempus
453 3659 552 3718 referri
563 3673 693 3738 possunt,
706 3667 757 3723 sed
768 3667 883 3740 adrem,
894 3687 958 3744 quae
970 3667 1091 3726 deficere
1102 3667 1214 3742 dicitur,
1225 3680 1391 3744 quocunque
1404 3667 1460 3744 teu·

273 3755 341 3812 pore
352 3734 386 3830 id¹
397 3737 455 3813 fiat,
471 3747 503 3796 ut
517 3739 590 3799 fides
603 3761 662 3801 non
676 3745 791 3822 penitus
815 3747 1041 3822 extingueretur,
1058 3747 1108 3805 sed
1123 3747 1151 3804 in
1167 3747 1229 3824 ipso
1239 3749 1376 3824 perstaret
1386 3761 1392 3813 ;
1404 3734 1461 3792 11115

274 3835 332 3874 ιιοιι
346 3815 448 3878 suisset
462 3839 579 3898 compos
594 3823 654 3881 voti
671 3823 811 3899 ChristuS,
828 3833 857 3883 et
874 3826 962 3884 Satan
977 3835 1125 3886 assecutus
1140 3835 1216 3886 essct
1236 3827 1323 3886 finem
1337 3836 1421 3883 suum·
1439 3813 1460 3867 1

274 3895 381 3956 Modus
396 3919 452 3976 quo
467 3902 599 3978 peccavit
614 3903 726 3978 Petrus,
742 3905 868 3964 ostendit
881 3925 940 3964 non
955 3907 1042 3965 luisse
1057 3907 1174 3966 totalem
1200 3906 1461 3979 deiectionemque

273 3995 331 4034 non
345 3979 455 4040 malitia
469 3990 498 4040 et
508 3981 667 4042 deliberato
682 3984 769 4042 animi
783 3987 939 4064 proposito,
955 3986 1006 4045 scd
1030 3986 1233 4045 exintirmitate
1248 3993 1278 4045 et
1297 3991 1372 4044 metu
1384 3985 1461 4060 0111111

273 4059 414 4150 peccavit,
430 4062 535 4139 quiite
549 4073 674 4124 mentem
689 4075 887 4144 occupaverat,
899 4078 933 4126 ut
956 4087 1009 4125 uec
1033 4067 1125 4144 prima
1145 4087 1198 4125 nec
1221 4066 1353 4138 secunda,
1376 4066 1403 4117 el
1420 4061 1461 4107 l¹i

275 4143 360 4194 tertia
374 4143 527 4216 negatione
543 4145 670 4204 animum
685 4147 875 4224 recolligeret,
891 4155 941 4205 aut
955 4147 1071 4205 omnino
1087 4165 1117 4205 se
1131 4167 1266 4224 peccasse
1281 4143 1420 4227 cogitaret·
1438 4129 1460 4185 3·
1536 4171 1537 4196 ι

273 4215 366 4275 Dolor
376 4226 404 4278 et
418 4241 522 4280 amara
532 4224 697 4302 lachrymae,
714 4247 778 4303 quae
791 4227 904 4303 lapsum
915 4226 977 4302 ejus
989 4235 1094 4284 secutae
1106 4235 1172 4284 sunt
1183 4226 1219 4284 ad
1229 4226 1333 4285 Christi
1345 4223 1459 4279 intutum
1536 4229 1537 4232 ’

274 4303 304 4354 et
317 4298 387 4372 galli
402 4309 527 4377 cantum,
544 4306 701 4364 ostendunt
713 4305 801 4364 fidem
815 4325 873 4363 non
887 4304 972 4382 plane
987 4305 1016 4362 in
1032 4325 1066 4364 eo
1081 4305 1230 4365 defecisse.
1274 4305 1358 4366 Unde
1373 4299 1459 4358 serve-

273 4383 319 4432 tor
333 4397 398 4434 cum
413 4380 602 4457 respiciendo,
617 4405 676 4442 non
690 4405 798 4444 novum
812 4383 918 4442 inludit
933 4383 1071 4459 habiturn,
1088 4385 1139 4444 sed
1160 4395 1359 4445 conservatum
1373 4383 1459 4436 arcent¹

276 4453 682 4532 Spiritusvirtuteresuscitat:
692 4467 734 4522 Et
743 4467 907 4542 recordatus
918 4473 957 4521 est
967 4465 1076 4540 Petrus,
1083 4474 1116 4525 ut
1126 4466 1214 4525 habet
1225 4473 1330 4540 textus,
1337 4461 1365 4520 id
1376 4463 1420 4546 111,
1431 4441 1460 4504 ld

274 4552 305 4626 se
319 4535 412 4613 rediit,
429 4558 514 4615 quem
529 4549 614 4600 antea
628 4543 713 4601 timor
726 4545 908 4602 distraxerat.
952 4543 997 4602 Ito
1008 4547 1082 4617 fidei
1100 4547 1187 4604 robur
1200 4563 1356 4605 concussam
1362 4541 1422 4616 fult
1435 4531 1461 4584 ll

272 4621 313 4671 art
326 4613 456 4692 Tertull,
471 4617 521 4676 lib.
537 4619 572 4678 de
589 4621 663 4698 Fug.
678 4624 708 4680 in
724 4624 847 4694 Perseo,
863 4622 914 4681 sed
928 4644 1155 4695 concessissem
1170 4625 1242 4685 fides
1255 4635 1340 4701 mota,
1356 4615 1402 4678 sed
1413 4621 1459 4669 1¹⁰⁰

273 4701 376 4766 amota,
393 4695 550 4772 debilitata,
564 4699 615 4757 aed
629 4721 687 4759 non
709 4702 812 4779 deleta,
839 4702 1000 4781 obscurata,
1027 4705 1078 4763 sed
1102 4725 1159 4764 nou
1184 4707 1329 4784 extincta;
1351 4701 1459 4760 „mrtem
