3202 5194
123 411 237 464 00000.
252 387 343 474 nrm]
649 405 689 448 00
704 407 781 448 arou
796 405 858 448 nur.
1312 393 1350 450 77

124 573 216 634 quam
229 553 309 612 alias
324 547 528 625 caeremonias,
540 567 612 627 0000
628 548 708 608 Deus
723 547 876 626 abrogavit
889 547 943 608 sub
958 547 995 608 N.
1011 545 1054 626 Τ,
1076 548 1254 627 postliminio
1267 570 1351 610 revo-

125 655 204 712 care,
220 633 307 711 qnod
321 651 416 710 quam
430 629 587 688 absurdum
602 628 640 688 sit
653 649 737 688 nemo
750 649 809 688 non
823 629 913 687 videt.

335 778 342 790 ,
449 709 610 769 XXVIII.
625 711 805 788 Praeceptum
814 709 850 767 (10
863 708 1011 768 Sabbatho
1024 709 1155 769 bifariam
1170 709 1257 770 debet
1271 731 1352 789 spec·

142 779 371 882 nauffinna-
406 790 471 865 tari,
481 790 530 849 vel
539 791 661 848 absolute
671 799 701 848 et
710 791 741 847 in
753 809 792 866 se,
800 789 896 866 quoad
906 791 1087 848 substantiam
1099 791 1240 866 Mandaei,
1247 792 1296 850 vel
1306 811 1352 850 re-

409 873 466 928 late
476 870 698 928 adoeccaomiam
706 871 868 928 Mosaieam
877 871 995 928 Veteris
1013 871 1199 946 Testamenti,
1216 880 1245 931 et
1255 871 1352 949 quoad

128 950 383 1012 &cummanum
390 950 541 1028 praecisam
552 951 691 1026 temporis,
702 957 731 1008 01
740 950 879 1026 speciales
886 950 1013 1010 rationes
1022 958 1051 1010 et
1061 950 1142 1026 fines,
1151 961 1268 1029 propter
1278 971 1352 1029 quos

129 1033 239 1092 datum
254 1038 303 1089 est
317 1030 471 1089 Israelitis.
503 1029 586 1088 Licet
599 1029 751 1107 posteriori
764 1029 819 1088 hoc
833 1037 966 1107 respectu
979 1032 1087 1107 0100000
1101 1031 1214 1090 dicatur
1226 1033 1352 1110 partiou-

17 1183 18 1188 ,
131 1113 206 1171 laris
230 1111 315 1169 illius
335 1109 454 1168 ioederis
474 1108 705 1186 dispensationis,
729 1109 824 1168 Exod.
839 1110 922 1168 xxxi.
939 1112 986 1185 la,
1007 1111 1113 1170 Ezech.
1127 1131 1180 1170 xx.
1197 1116 1243 1188 12,
1264 1121 1353 1189 atque

132 1193 213 1251 adeo
229 1191 341 1248 habeat
355 1189 467 1266 aliquid
480 1189 678 1248 ceremoniale
690 1211 697 1265 ;
720 1189 786 1248 Non
801 1189 931 1266 sequitur
944 1209 1007 1249 esse
1020 1211 1128 1250 meram
1143 1193 1351 1269 caeremoniam,

17 1289 18 1342 j
131 1281 186 1332 001
203 1271 394 1347 Praeceptum
407 1269 438 1327 in
453 1289 484 1328 se
495 1268 707 1328 considentium
718 1267 756 1326 ad
765 1269 840 1328 hano
851 1270 1040 1329 oeconomiam
1048 1279 1161 1330 tantum
1170 1272 1354 1351 pertinuisse.

180 1350 324 1410 XXIX.
340 1349 481 1424 Quamvis
491 1349 660 1408 mandatum
670 1348 707 1408 de
717 1351 794 1408 Loco
808 1351 916 1408 solenni
927 1351 1022 1409 cultus
1036 1351 1123 1410 fuerit
1134 1352 1352 1430 caeremoniale3

17 1437 18 1442 ’
134 1432 210 1491 Non
235 1431 370 1507 seqnitur
390 1429 559 1489 mandatum
580 1428 617 1488 de
633 1431 770 1506 Tempore
791 1429 903 1488 solenni
923 1431 1030 1508 pariter
1050 1451 1113 1491 esse
1135 1433 1351 1510 caeremoniaIe;

135 1513 221 1587 Quia
235 1510 392 1587 multiplex
407 1510 492 1568 datm
505 1508 666 1570 differentia
679 1510 755 1568 inter
767 1512 875 1569 Locum
896 1518 926 1569 01
940 1513 1060 1590 Tempsa
1072 1513 1128 1571 hac
1148 1513 1180 1570 in
1192 1521 1283 1592 parte.
1327 1517 1355 1572 1.

136 1591 261 1652 Montio
283 1590 317 1649 fit
336 1590 368 1648 in
388 1591 536 1668 Decalogo
557 1589 768 1650 observationis
788 1591 934 1668 temporis,
957 1592 1087 1651 sednon
1108 1592 1356 1652 determinationis

135 1673 220 1748 loci;
248 1671 330 1748 Ergo
343 1689 403 1728 non
418 1678 486 1730 sunt
500 1671 625 1747 aquales
640 1670 803 1747 Religionis
817 1671 1050 1730 circumstantiae.
1091 1676 1120 1730 2.
1136 1673 1302 1731 Necessitas
1324 1680 1355 1732 et

138 1753 261 1812 utilitas
275 1751 333 1809 loci
347 1750 500 1829 cujusdam
514 1751 551 1808 ad
565 1751 675 1810 cultum
689 1758 734 1810 est
747 1751 869 1828 physica
883 1758 1003 1826 tantum,
1019 1758 1049 1809 et
1062 1751 1211 1827 Religioni
1225 1751 1359 1810 acciden-

138 1833 225 1905 talis,
245 1831 314 1908 quia
327 1831 403 1888 nihil
424 1829 494 1889 iacit
513 1831 550 1888 ad
570 1831 740 1908 religionem
754 1829 981 1906 promovendam
1002 1830 1064 1888 sive
1077 1831 1109 1888 in
1122 1830 1228 1906 aprico,
1251 1831 1358 1890 sivein

138 1911 278 1986 basilica,
295 1911 358 1969 sivo
379 1911 411 1968 in
431 1910 496 1968 loco
517 1910 711 1986 subterraneo,
735 1909 798 1968 sive
818 1909 848 1966 in
868 1909 933 1967 loco
954 1909 1080 1986 publico,
1103 1911 1164 1968 sive
1184 1911 1215 1968 in
1233 1911 1356 1990 privato,

141 1993 233 2052 Deus
247 1990 370 2049 colatur.
414 1989 474 2049 Sed
493 1991 649 2050 necessitas
664 1989 802 2068 temporis
823 1988 886 2048 sive
906 1988 1128 2066 indeterminati,
1145 1990 1207 2050 sive
1224 1991 1359 2050 determi-

139 2072 221 2144 nati,
238 2071 327 2148 longe
350 2069 446 2146 major
464 2077 516 2146 ost,
538 2070 607 2147 quia
628 2078 673 2130 est
696 2069 814 2128 moralis
835 2076 864 2128 et
878 2069 1074 2148 Theologica;
1096 2070 1158 2129 sive
1172 2070 1209 2131 de
1227 2071 1360 2150 portione

142 2151 244 2224 totali,
260 2151 322 2209 sive
337 2149 374 2208 de
389 2149 549 2227 duratione,
572 2151 634 2210 sive
648 2150 685 2208 de
699 2149 861 2227 frequentia
881 2150 1035 2227 separatim
1049 2150 1209 2228 loquamur,
1225 2152 1360 2212 01000110

142 2230 247 2308 magis
261 2229 287 2288 si
300 2230 338 2289 (10
353 2229 390 2288 iis
405 2230 493 2288 simul
505 2229 556 2288 fiat
570 2249 684 2290 sermo:
707 2230 836 2288 Dubium
850 2230 927 2288 enim
941 2238 1066 2305 nonest,
1081 2231 1152 2308 quin
1166 2233 1260 2310 major
1272 2233 1361 2291 'l'em⁸¹

144 2312 234 2392 poris
246 2310 351 2388 portio,
366 2310 416 2368 vel
430 2309 526 2388 quoad
540 2310 729 2385 durationem,
744 2310 793 2368 vel
807 2309 904 2387 quoad
917 2310 1117 2388 frequentiam,
1133 2312 1181 2370 vel
1196 2313 1292 2392 quoad
1312 2321 1359 2372 ut·

144 2411 285 2468 rumque,
298 2391 503 2468 ichligionis
518 2391 664 2450 exercitiis
677 2390 765 2448 iaciat
779 2390 817 2448 ad
830 2410 1015 2468 progressum
1029 2392 1060 2449 in
1074 2392 1189 2470 pietate,
1206 2401 1235 2452 et
1247 2401 1281 2452 ut
1296 2393 1360 2451 Deo

146 2473 190 2532 sit
206 2472 315 2550 gratior
329 2479 359 2530 et
379 2470 531 2547 acceptior,
547 2470 598 2547 qui
617 2471 676 2529 tale
693 2477 807 2547 tempus
828 2470 970 2548 impendit
990 2471 1082 2531 cultui
1102 2491 1192 2548 sacro,
1208 2493 1295 2550 quam
1310 2472 1360 2549 qui

146 2551 247 2611 000100
261 2561 290 2611 01
302 2550 432 2624 bravius,
447 2550 533 2609 modo
547 2559 652 2609 0001000
673 2549 731 2608 0101
751 2550 839 2627 paris.
882 2553 910 2609 3.
932 2551 1083 2628 Temporis
1101 2551 1302 2612 determinatio
1324 2552 1363 2611 ad

148 2631 292 2692 exercitia
306 2651 389 2690 00000
401 2630 565 2689 necessaria
585 2638 638 2706 est,
653 2630 722 2707 quia
735 2629 913 2706 impossibile
928 2638 980 2706 est,
996 2638 1029 2690 ut
1042 2650 1101 2690 000
1115 2633 1273 2709 00ᾰο00000
1288 2640 1361 2690 teru-

149 2731 224 2792 pore
237 2711 357 2789 negotia
371 2709 517 2769 mundana
537 2730 675 2788 peragere
689 2710 842 2788 possimus,
859 2717 888 2769 et
909 2711 995 2769 simul
1016 2711 1125 2770 cultum
1141 2713 1197 2770 Dei
1217 2731 1361 2772 exercere.

150 2793 200 2851 Ne
223 2811 293 2868 ergo
315 2791 373 2849 ista
396 2790 481 2849 nobis
502 2791 561 2850 sint
581 2789 795 2868 impedimento,
811 2799 844 2850 ut
864 2791 1003 2867 quamdiu
1024 2799 1053 2850 et
1073 2793 1187 2868 quoties
1207 2792 1364 2869 requiritur

151 2871 237 2932 cultu
256 2871 357 2930 divino
378 2889 525 2945 vacemus,
547 2871 614 2929 talis
636 2871 836 2929 determinatio
861 2870 993 2930 absolute
1018 2871 1164 2947 exigitur3
1194 2872 1245 2930 sed
1267 2870 1364 2948 quoad

150 2953 252 3011 locum
265 2951 340 3010 nihil
353 2951 412 3010 tale
426 2950 485 3009 dici
497 2959 601 3028 potest,
617 2950 686 3029 quia
702 2950 733 3008 in
745 2970 805 3008 nuo
819 2958 849 3008 et
868 2949 971 3008 eodem
984 2949 1058 3025 loco,
1074 2950 1198 3009 diversis
1213 2951 1276 3009 scil.
1290 2959 1364 3010 tem·
1400 2979 1405 2987 ¹

152 3032 285 3110 poribus,
305 3049 461 3109 possumus
476 3031 572 3089 Deum
592 3031 687 3091 001000
706 3037 735 3090 01
754 3029 873 3106 negotia
892 3028 1039 3088 mundana
1058 3048 1205 3107 peragere,
1220 3038 1250 3088 et
1269 3030 1365 3108 posita

154 3111 221 3169 loci
241 3111 361 3188 aiicujus
374 3110 623 3188 determinatione,
637 3130 697 3170 non
716 3129 835 3168 necesso
850 3115 895 3168 est
908 3108 972 3166 dari
984 3107 1026 3167 ibi
1047 3109 1165 3185 cultum,
1182 3109 1207 3167 si
1220 3109 1300 3168 nulla
1313 3109 1365 3168 fiat

158 3190 301 3268 temporis
314 3190 522 3250 determinatio.

205 3269 315 3330 XXX.
337 3272 420 3331 Licet
444 3271 622 3330 Sabbathum
643 3267 854 3331 hebdomadale
880 3276 1040 3348 spectatum
1064 3269 1175 3330 ratione
1198 3269 1365 3330 oeconomise

158 3351 307 3428 Mosaicae,
322 3361 353 3411 et
367 3351 609 3411 caeremonialium
623 3352 833 3430 adjunctorum,
849 3350 983 3410 nimirum
1002 3349 1112 3410 ratione
1126 3352 1253 3428 praecisae
1268 3353 1365 3410 obser·

156 3432 284 3491 rationis
305 3432 423 3510 septimi
437 3431 504 3507 diei,
520 3439 550 3490 et
571 3432 747 3509 scrupulosa
768 3451 802 3490 00
823 3450 951 3509 operosae
973 3431 1037 3510 ejus
1058 3431 1278 3508 observationis,
1300 3452 1366 3509 qua

155 3513 403 3590 maescfibebatur
423 3511 454 3570 in
465 3510 566 3570 Veteri
580 3511 669 3586 Test,
691 3511 778 3571 fuerit
798 3512 901 3570 umbra
921 3511 1091 3587 futurorum,
1112 3521 1141 3571 et
1160 3521 1238 3572 00010
1253 3513 1367 3572 dicatur

156 3593 330 3671 abrogatum
346 3592 402 3651 sub
416 3592 501 3651 Novo
512 3592 612 3669 Test3
634 3593 701 3652 Non
723 3593 853 3669 sequitur
868 3591 1047 3652 sabbathum
1061 3592 1156 3669 ipsum
1175 3593 1206 3651 in
1227 3613 1257 3652 se
1273 3601 1302 3652 et
1315 3592 1366 3651 ab·

156 3674 249 3733 solute
272 3671 489 3732 consideratum
513 3672 621 3751 pariter
642 3671 840 3732 ceremoniale
864 3692 936 3748 esse,
952 3680 1039 3750 atque
1060 3672 1132 3732 adeo
1156 3672 1365 3750 abrogandum.

157 3753 268 3812 Paulus
290 3752 523 3828 Colloss.ii.16,
541 3755 587 3830 17,
612 3753 702 3832 priori
723 3771 809 3812 sensu
829 3753 958 3830 loquitur
978 3753 1015 3812 de
1041 3751 1197 3828 Sabbatha,
1213 3774 1271 3830 000
1291 3752 1366 3812 illud

157 3833 304 3912 urgebant
316 3831 583 3911 Pseud-Apostoli3
599 3833 719 3892 sednon
731 3831 874 3909 secundo;
892 3832 1002 3892 Eodem
1017 3833 1103 3892 modo
1118 3853 1176 3911 quo
1185 3834 1314 3910 loquitur
1327 3832 1365 3892 de

156 3915 216 3972 erbo
237 3924 266 3974 et
278 3921 362 3991 potis,
377 3932 436 3972 non
449 3914 573 3972 01001010
591 3921 620 3972 01
640 3914 809 3990 simpliciter,
829 3913 898 3992 quia
918 3913 960 3972 sic
981 3923 1149 3991 0000000100
1168 3913 1281 3971 nullum
1302 3911 1366 3971 dari

156 4005 337 4072 preceptum
359 3993 468 4052 morale
492 3994 569 4053 circa
590 3993 687 4052 cibum
709 4001 739 4053 01
756 4001 865 4073 potum,
882 4013 973 4070 eoque
994 4013 1051 4052 non
1069 3993 1164 4070 magis
1185 3991 1366 4054 damnandos

157 4093 236 4133 nunc
249 4095 315 4134 csse
330 4073 469 4151 epulones
483 4081 513 4133 et
526 4073 664 4149 ebriosos,
676 4093 762 4151 quam
776 4074 827 4151 qui
840 4073 997 4134 observant
1008 4073 1193 4149 neomenias;
1207 4075 1260 4132 sed
1269 4093 1365 4133 00000-

158 4156 226 4214 dim
248 4155 321 4232 quid
341 4161 371 4214 et
393 4161 566 4232 comparate,
585 4153 696 4212 ratione
718 4153 807 4230 Legis
827 4154 950 4232 cibariae,
972 4174 1038 4232 qua
1058 4155 1188 4214 ciborum
1209 4153 1366 4214 discrimen

159 4234 377 4313 prescribebat,
393 4233 472 4311 quod
483 4233 545 4310 jam
560 4233 707 4293 sublatum
720 4242 764 4292 cst
777 4234 808 4291 in
823 4233 859 4292 N.
874 4234 909 4292 Τ.

200 4314 333 4374 XXXI.
356 4313 497 4388 00000010
511 4313 654 4372 institutio
671 4311 811 4372 Sabbathi
825 4312 920 4392 quoad
934 4313 1005 4373 certi
1026 4311 1084 4373 diei
1098 4311 1365 4373 determinationem

159 4413 218 4453 nou
232 4394 305 4454 fluat
318 4413 357 4451 ex
371 4401 476 4452 natura
490 4393 555 4468 Dei,
569 4413 624 4453 nec
637 4393 746 4454 0110100
766 4393 897 4453 absolute
916 4395 990 4454 ι1000
1005 4393 1061 4454 Dei
1075 4393 1199 4453 naturali
1219 4391 1364 4468 primario,

161 4474 213 4532 sed
226 4474 264 4532 ab
278 4475 345 4551 ejus
359 4473 479 4531 arbitrio
491 4472 624 4552 pendeat,
640 4481 669 4533 et
684 4473 725 4532 sic
738 4473 847 4534 nitatur
860 4474 956 4552 potius
970 4475 1034 4552 ejus
1048 4473 1121 4533 ι1000
1134 4470 1260 4548 positivo
1272 4490 1279 4543 3
1300 4469 1367 4527 Non

162 4553 293 4630 sequitur
313 4572 373 4612 non
394 4571 482 4629 posse
502 4571 566 4612 esse
586 4554 724 4613 moralem
746 4562 775 4613 01
795 4562 962 4633 perpetuam
976 4553 1087 4613 ratione
1101 4550 1183 4610 luris
1205 4547 1367 4607 secundarii

161 4633 246 4692 nobis
260 4632 404 4693 naturalis
416 4655 424 4708 ;
445 4651 513 4692 uam
527 4634 605 4711 quod
619 4634 684 4694 Deo
698 4641 742 4693 est
755 4635 913 4713 positivum
927 4634 1012 4693 nobis
1032 4638 1128 4709 potest
1148 4647 1212 4686 esse
1226 4627 1366 4705 naturale,

162 4720 197 4772 ut
210 4721 297 4772 00100
310 4713 419 4772 nsum.
