3202 5194
127 373 243 424 cuasa.
259 353 307 436 u.]
569 373 609 414 nn
624 373 750 416 rmnraa
764 374 898 416 enarra.
1286 353 1344 412 159

259 555 380 601 Mum,
441 515 514 576 XV.
537 516 648 576 Foedus
670 525 766 577 autem
786 516 865 576 istud
888 521 986 593 potest
1009 511 1120 573 attendi
1134 513 1165 572 in
1178 512 1272 572 tribus
1286 531 1347 572 mo·

132 555 320 659 ttresrpppfflu,
353 629 364 646 ·
401 597 516 656 mentis.
560 600 587 656 1.
609 597 734 656 Ratione
757 596 958 671 destinationis,
982 593 1099 673 quando
1122 594 1160 652 ab
1188 601 1296 652 aeterno
1317 593 1348 652 in

133 671 155 718 ¹·
170 672 200 716 ln
210 673 382 719 dannatione.
402 676 592 738 sanctissimae
614 677 766 737 Trinitatis
788 677 909 736 consilio
936 676 1065 754 Sponsor
1080 682 1110 732 et
1124 673 1270 732 Mediator
1291 673 1347 732 Ec-

134 758 232 818 elesiae
246 759 332 818 datus
347 767 408 835 est;
432 759 496 833 Quo
506 757 666 836 respiciunt
678 758 735 818 ista
749 777 871 818 summa
887 757 1052 834 Sapientia,
1067 754 1205 814 Proverb.
1220 753 1282 812 viii.
1298 755 1348 830 23,

134 858 200 915 quae
224 839 261 898 de
286 860 318 900 se
340 841 403 917 ipsa
416 838 571 916 loquendo,
587 841 623 897 ub
637 848 741 898 esterno
761 847 847 897 uncta
858 857 928 914 rana
944 837 1047 914 inquit,
1061 835 1100 894 id.
1115 855 1180 894 mea
1194 834 1348 911 Patrisque

132 919 292 996 voluntate,
308 941 374 998 quae
388 939 446 988 una
456 927 509 994 est,
535 917 680 978 destinata
692 918 731 978 ad
744 918 869 977 officium
883 917 1055 977 Mediatoris
1079 915 1109 974 in
1123 924 1251 992 tempore
1265 935 1347 992 pera·

133 998 279 1077 gendum;
303 1001 343 1060 Et
364 1001 421 1060 ista
436 999 524 1075 Petri,
538 999 640 1076 primae
655 1019 718 1077 cap.
732 999 752 1057 i.
768 1001 816 1074 20,
832 1019 921 1076 quum
937 998 1084 1056 Christum
1099 996 1170 1055 dicit
1185 999 1203 1028 “
1217 1015 1347 1074 praecog-

133 1079 228 1138 nitum
242 1079 331 1140 fuisse
346 1089 413 1139 ante
431 1081 512 1158 jacta
525 1079 627 1138 mundi
640 1079 828 1139 fundamenta
839 1080 867 1156 ;”
890 1079 931 1138 Et
945 1078 1053 1153 Psalm,
1069 1078 1098 1136 ii.
1111 1078 1140 1136 8.
1183 1078 1201 1108 “
1216 1075 1348 1136 Narrabo

133 1158 291 1237 decretum,
307 1161 424 1221 Jshora
437 1160 509 1218 mihi
523 1159 607 1234 dixit,
623 1159 667 1218 'l'u
682 1179 714 1219 es
729 1160 823 1218 Filius
836 1178 927 1235 meus,
938 1179 993 1236 ego
1007 1157 1094 1216 hodie
1108 1156 1197 1235 genui
1210 1165 1259 1233 to;
1280 1175 1347 1233 pos·

133 1240 198 1298 tula
219 1261 237 1298 a
250 1249 341 1300 meet
364 1240 440 1300 dabo
462 1239 517 1298 tibi
535 1247 639 1316 gentes
660 1240 691 1298 in
715 1240 943 1300 haereditatem.''
989 1239 1048 1298 Ubi
1064 1238 1196 1298 Christus
1210 1236 1349 1296 describit

134 1320 357 1380 destinationem
376 1329 522 1396 aternam,
538 1339 603 1397 quae
617 1319 695 1380 faeta
714 1329 759 1380 est
782 1321 814 1378 in
828 1321 885 1380 Dei
899 1319 1023 1395 decreto,
1050 1319 1104 1393 sui,
1130 1319 1181 1396 qui
1202 1318 1240 1376 sit
1254 1317 1348 1376 Filius

136 1401 193 1459 Dei
208 1401 245 1459 ab
259 1411 367 1462 aeterno
382 1401 506 1478 genitus,
522 1400 646 1477 ideoque
660 1400 740 1460 solus
753 1421 806 1479 par
819 1409 900 1460 tanto
914 1400 1026 1459 muneri
1047 1399 1174 1474 ferendo,
1189 1398 1221 1455 in
1235 1397 1348 1474 Regem

286 1541 291 1552 ,
319 1541 325 1552 ,
400 1481 491 1540 totius
516 1480 667 1540 Ecclesia.
709 1485 738 1540 2.
760 1481 885 1540 Ratione
895 1480 1098 1558 promissionis,
1114 1479 1183 1537 dum
1197 1497 1268 1537 mox
1281 1487 1348 1555 post

133 1539 156 1584 ²·
174 1539 204 1584 In
214 1555 380 1599 ¹³³⁰¹¹¹¹⁸⁸¹⁰¹¹⁰·
400 1561 515 1639 lapsum
529 1561 664 1636 hominis,
678 1561 741 1620 Deo
755 1577 807 1639 per
820 1571 971 1638 peecatum
983 1561 1046 1638 jam
1060 1560 1179 1633 offenso,
1196 1579 1227 1618 se
1241 1558 1348 1618 obtulit

134 1639 173 1698 ad
186 1659 222 1698 ea
235 1649 302 1700 actu
315 1641 487 1718 praestanda,
503 1660 568 1719 quae
583 1641 620 1700 ab
634 1649 742 1700 aeterno
751 1642 952 1718 spoponderat,
968 1649 1054 1717 atque
1068 1641 1110 1698 ita
1124 1648 1190 1698 actu
1202 1638 1348 1697 Mediator

136 1719 320 1795 constitutus,
344 1730 374 1780 et
397 1721 465 1780 talis
487 1721 652 1780 declaratus
666 1721 722 1780 fuit
741 1722 772 1779 in
787 1721 895 1796 Verbo,
916 1729 946 1780 et
955 1721 1043 1798 juxta
1057 1718 1137 1778 illam
1152 1719 1346 1795 sponsionem,

133 1799 227 1859 multa
249 1801 337 1879 coepit
360 1821 447 1879 agere
471 1821 536 1879 quse
557 1801 595 1860 ad
619 1801 792 1860 Mediatoris
814 1801 939 1859 officium
953 1799 1144 1876 pertinebant,
1160 1801 1223 1859 sive
1236 1799 1348 1856 ratione

135 1879 309 1958 Prophetise,
325 1881 485 1941 voluntatis
506 1881 614 1940 divina
638 1881 825 1958 interpretem
849 1880 971 1958 agendo,
994 1888 1056 1938 tum
1070 1898 1122 1955 per
1136 1899 1166 1938 se
1181 1877 1347 1938 immediate

135 1979 167 2020 se
182 1961 319 2021 Patribus
333 1961 541 2039 patefaciendo,
557 1970 591 2021 ut
604 1960 754 2039 Angelum
768 1960 893 2036 laederis,
916 1960 978 2019 sive
992 1959 1117 2018 mediate
1131 1979 1183 2037 per
1197 1959 1348 2018 Ministros

134 2059 212 2117 suos,
239 2062 313 2120 quos
337 2042 448 2120 Spiritu
471 2062 524 2102 suo
548 2041 662 2120 egebat,
691 2041 787 2100 lPet.
802 2041 822 2099 i.
838 2043 885 2115 10,
910 2043 956 2118 11,
981 2047 1012 2098 et
1025 2039 1066 2098 iii.
1084 2042 1130 2116 lt,
1153 2040 1215 2098 sive
1236 2039 1347 2098 ratione

136 2119 243 2199 Regni,
269 2142 301 2182 se
326 2122 474 2182 duetorem
499 2131 529 2182 et
550 2121 714 2198 Principem
728 2119 828 2200 populi
849 2119 986 2198 gerendo,
1004 2123 1019 2178 l
1037 2119 1102 2179 Gor.
1117 2140 1157 2195 x,
1173 2129 1203 2178 et
1216 2119 1302 2178 Josu.
1317 2139 1346 2178 v.

135 2205 184 2279 13,
200 2202 263 2262 sive
284 2203 396 2262 ratione
422 2201 590 2278 Sacerdoti,
612 2200 818 2260 intercedendo
831 2221 884 2279 pro
898 2201 1009 2260 Electis
1023 2200 1054 2258 vi
1068 2199 1220 2260 solutionis
1234 2199 1347 2275 futura,

396 2282 466 2342 Joh.
482 2282 588 2342 xxxiii.
608 2286 657 2342 24.
699 2285 727 2340 3.
740 2282 865 2340 Ratione
887 2281 1063 2358 memnones,
1087 2281 1119 2338 in
1139 2280 1345 2354 incarnatione,

370 2375 376 2388 ·
396 2381 449 2441 per
463 2383 550 2440 quam
564 2381 679 2422 earnem
693 2370 821 2421 nosuam
835 2361 1000 2440 assumpsit,
1021 2361 1096 2420 utin
1111 2381 1146 2421 ea
1159 2379 1232 2439 opns
1246 2360 1348 2419 salutis

134 2447 244 2500 nostras
257 2453 417 2520 perageret.
460 2443 525 2518 Quo
539 2451 671 2520 spectant
689 2442 755 2518 ista,
771 2442 849 2502 Heb.
864 2461 894 2500 x.
910 2445 938 2518 5,
964 2441 1070 2520 quibus
1084 2441 1250 2502 antithesim
1265 2441 1346 2500 insti·

135 2519 193 2580 tuit
206 2521 282 2580 iuter
295 2522 434 2582 sacrificia
454 2523 561 2600 legalia
585 2531 615 2582 et
637 2523 755 2582 unicum
778 2521 949 2581 sacrificium
971 2522 1211 2601 perfectissimum
1229 2521 1346 2598 Christi,

136 2603 155 2634 “
165 2599 346 2680 Quapropter
358 2603 526 2681 ingrediens
539 2603 570 2660 in
584 2603 732 2679 mundum,
755 2602 839 2678 dixit,
857 2603 1035 2662 Sacrificium
1050 2611 1079 2661 et
1100 2603 1275 2662 oblationem
1295 2620 1346 2661 no·

134 2680 225 2740 luisti.
268 2682 350 2742 Tunc
364 2683 435 2760 dixi,
452 2684 529 2742 Ecce
543 2684 629 2742 venio
643 2691 676 2742 ut
690 2683 794 2743 faciam
807 2683 988 2742 voluntatem
1002 2684 1111 2742 tuam.’'

176 2760 267 2820 XVI.
291 2763 333 2822 Ut
354 2783 425 2823 vero
450 2764 596 2823 Mediator
609 2763 722 2822 medius
745 2763 801 2823 fuit
824 2762 900 2822 iuter
920 2773 1017 2840 partes
1041 2762 1223 2837 dissidentes,
1246 2759 1348 2821 debuit

135 2861 201 2900 oum
215 2851 337 2920 utraque
351 2862 456 2921 agere5
478 2845 505 2902 A
525 2853 613 2920 par-te
636 2844 778 2902 hominum
800 2863 866 2902 eum
891 2842 955 2901 Deo
975 2863 1028 2920 per
1043 2843 1233 2920 Sponsionem
1247 2859 1347 2899 eorum

135 2921 273 2998 omnium,
289 2943 354 3000 qun
377 2925 415 2983 ab
437 2923 603 2983 hominibus
616 2923 815 2998 debebantur;
838 2923 878 2981 Et
891 2943 911 2981 a
919 2933 1007 2998 porte
1020 2923 1080 2981 Dei
1091 2942 1157 2981 cum
1171 2920 1346 2996 hominibus,

135 3019 187 3078 per
203 3001 394 3080 Sponsionem
416 3023 515 3063 eorum
537 3004 673 3080 omnium,
699 3023 765 3081 quse
785 3023 804 3061 a
818 3003 882 3061 Deo
895 3003 1110 3079 promittrmtnr,
1126 3002 1187 3060 fore
1200 3010 1234 3058 ut
1247 3000 1346 3058 certis-

135 3081 208 3142 sime
221 3083 370 3160 implenda
383 3084 450 3144 sint.
493 3085 566 3143 Cum
579 3087 644 3143 Deo
658 3085 761 3158 effosso
775 3102 862 3159 agere
875 3081 976 3140 debuit
989 3101 1042 3159 pro
1055 3079 1220 3140 hominibus
1234 3081 1346 3154 tabefa-

135 3162 234 3222 ciendo
248 3183 301 3241 pro
316 3164 443 3241 peccatis
456 3164 592 3242 ipsorum,
609 3173 639 3223 st
652 3165 846 3222 intercedendo
868 3181 921 3239 pro
934 3162 1006 3240 ipsis
1020 3161 1097 3239 apud
1113 3162 1229 3220 Patrem
1242 3158 1280 3217 ad
1295 3159 1346 3218 ob·

134 3241 285 3301 fluendum
301 3243 440 3322 Spiritum
451 3263 517 3303 curn
528 3245 591 3322 ejus
601 3243 694 3320 donis,
707 3242 884 3321 spondendo,
897 3245 993 3319 qaoud
1001 3243 1178 3318 praeter-itam
1190 3239 1347 3318 perlectam

134 3322 308 3381 solutionem
330 3325 459 3384 omnium
486 3323 658 3401 debitorum,
687 3332 717 3383 et
742 3323 839 3401 reipsa
858 3321 946 3404 ningo
965 3321 1039 3381 illnd
1060 3321 1225 3381 ohedientia
1244 3339 1297 3379 sua
1317 3327 1347 3379 et

134 3411 227 3462 morte
241 3403 415 3480 exhibendo,
430 3413 460 3464 et
473 3403 570 3481 quoad
574 3407 709 3479 flateram
723 3404 864 3464 naamam
878 3412 908 3463 et
922 3410 1101 3462 constantem
1115 3401 1233 3460 foederis
1247 3401 1345 3460 obser·

133 3481 281 3542 rationem
302 3483 333 3541 in
353 3493 509 3562 posterum,
533 3484 565 3542 in
578 3484 649 3562 ipsis
669 3505 722 3563 per
737 3483 862 3562 Spiritus
874 3483 1012 3543 virtutem
1026 3481 1249 3560 perficiendam
1273 3482 1346 3541 Cum

132 3561 286 3622 hmrtimhns
299 3582 369 3622 vero
383 3564 582 3639 offendentibus
595 3583 614 3622 a
627 3573 707 3641 perte
723 3563 780 3624 Dei
793 3573 930 3641 tanquam
956 3563 1085 3640 Legatus
1109 3562 1213 3637 Patris,
1238 3561 1345 3620 bonam

133 3643 197 3718 ejus
208 3643 388 3702 voluntatem
403 3644 479 3702 cirea
493 3663 593 3703 eorum
608 3643 730 3703 salutem
745 3643 928 3719 declarando,
943 3643 1110 3702 missionem
1124 3661 1207 3702 susm
1221 3641 1260 3701 ad
1272 3659 1346 3719 opus

135 3721 355 3799 Redemptionis
377 3722 577 3800 significando,
598 3722 685 3783 iidem
699 3723 938 3801 promissionibus
952 3731 981 3782 et
994 3721 1188 3784 obedientiam
1201 3721 1346 3782 mandatis

132 3809 271 3880 tanquam
285 3802 379 3862 officia
392 3811 422 3862 et
436 3803 616 3862 conditiones
630 3803 747 3862 foederis
760 3803 943 3881 postulando,
966 3811 995 3862 et
1008 3803 1138 3862 vicissim
1151 3801 1346 3881 promittendo

132 3882 230 3940 omnia
251 3882 391 3941 beneficia
412 3882 537 3959 foederis,
563 3892 594 3943 et
615 3883 784 3961 spondendo
801 3883 841 3942 'ea
856 3883 953 3942 omnia
969 3883 1127 3942 certissime
1148 3883 1285 3941 collatum
1300 3881 1345 3956 iri,

132 3981 191 4020 non
205 3961 292 4020 modo
307 3962 407 4021 Verbo
431 3963 588 4040 Evangelii
612 3971 642 4021 at
667 3963 869 4038 Sacramentis,
892 3963 944 4022 sad
965 3963 1109 4042 praecipue
1124 3961 1262 4020 effusione
1278 3979 1343 4018 san-

132 4041 229 4118 guinis
252 4042 306 4118 sui,
330 4061 388 4119 quo
409 4042 576 4120 obsignavit
596 4061 705 4102 novum
718 4044 774 4102 hoe
787 4043 882 4103 foedus
896 4061 992 4102 coram
1007 4043 1079 4119 Deo,
1094 4051 1124 4101 et
1137 4038 1265 4100 efficacia
1279 4040 1344 4118 Spi-

131 4121 204 4180 ritus
220 4121 260 4197 S,
276 4141 335 4199 qua
348 4121 423 4181 illud
446 4123 476 4180 in
490 4122 577 4181 nobis
589 4131 684 4181 ratum
698 4122 777 4182 feeit.
819 4124 867 4182 Ita
888 4123 998 4200 duplex
1022 4120 1202 4180 obstaculum
1227 4118 1344 4179 foederis

133 4202 276 4260 remorari
290 4201 410 4262 debuit:
440 4203 467 4260 A
486 4211 576 4279 parte
588 4203 654 4278 Dei,
669 4203 823 4262 Inimicitio
842 4206 900 4279 ejas
914 4209 1030 4280 propter
1043 4209 1192 4278 peceatum
1206 4198 1341 4276 hominis,

132 4288 160 4338 st
174 4301 194 4339 α
201 4289 291 4358 porte
305 4281 423 4340 hommes
436 4282 580 4340 inisnicitin
593 4283 711 4340 bominis
731 4289 848 4360 propter
865 4282 1009 4360 Justitiem
1025 4279 1097 4354 Dei;
1120 4279 1201 4337 Deus
1222 4277 1278 4336 fuit
1298 4297 1343 4337 re-

131 4359 330 4420 conciliandus
354 4360 473 4436 homini,
496 4370 527 4421 st
548 4361 646 4421 Homo
671 4362 744 4422 Deo.
786 4361 918 4422 Christm
946 4362 1026 4439 prius
1046 4359 1115 4418 feeit
1137 4377 1189 4436 per
1208 4357 1343 4416 meritum

131 4441 290 4518 sanguinis,
307 4459 367 4517 quo
381 4460 433 4517 pro
447 4440 531 4501 nohis
546 4441 694 4517 masicen,
710 4449 739 4500 et
754 4441 847 4500 Deum
862 4441 948 4501 nobis
961 4437 1177 4512 reconciliavit3
1199 4437 1343 4513 posterius

143 2339 167 2386 ³.
186 2339 216 2386 In
226 2341 368 2388 executione

2 4521 8 4530 '
131 4538 181 4598 per
194 4521 355 4581 efficaciam
382 4520 515 4598 Spiritus,
540 4539 599 4598 que
622 4541 676 4580 nos
700 4521 861 4580 sanctificat
885 4530 914 4581 et
938 4516 1088 4592 convertit,
1104 4523 1134 4576 et
1147 4516 1343 4574 convertendo

133 4599 196 4662 lieo
209 4599 392 4661 reconciliat.
433 4598 533 4676 Atque
552 4601 595 4660 ite
613 4601 740 4679 perfecte
753 4601 894 4679 implavit,
909 4619 974 4677 quse
987 4598 1036 4657 vel
1049 4617 1086 4658 ex
1100 4605 1181 4674 parte
1197 4594 1252 4652 Dei
1266 4594 1344 4672 apud
