<?xml version="1.0" encoding="UTF-8"?>
<!DOCTYPE html PUBLIC "-//W3C//DTD XHTML 1.0 Transitional//EN"
    "http://www.w3.org/TR/xhtml1/DTD/xhtml1-transitional.dtd">
<html xmlns="http://www.w3.org/1999/xhtml" xml:lang="en" lang="en">
 <head>
  <title>
</title>
<meta http-equiv="Content-Type" content="text/html;charset=utf-8" />
  <meta name='ocr-system' content='tesseract 3.04.00' />
  <meta name='ocr-capabilities' content='ocr_page ocr_carea ocr_par ocr_line ocrx_word'/>
</head>
<body>
  <div class='ocr_page' id='page_1' title='image "./francisciturret00pictgoog_0266.png"; bbox 0 0 3150 5206; ppageno 0'>
   <div class='ocr_carea' id='block_1_1' title="bbox 114 379 1343 472">
    <p class='ocr_par' dir='ltr' id='par_1_1' title="bbox 114 379 1343 472">
     <span class='ocr_line' id='line_1_1' title="bbox 114 379 1343 472; baseline -0.001 -25"><span class='ocrx_word' id='word_1_1' title='bbox 114 385 316 469; x_wconf 73' lang='lat' dir='ltr'>sussurim]</span> <span class='ocrx_word' id='word_1_2' title='bbox 489 379 506 410; x_wconf 73' lang='lat'>⁸</span> <span class='ocrx_word' id='word_1_3' title='bbox 561 403 601 442; x_wconf 86' lang='lat' dir='ltr'>ns</span> <span class='ocrx_word' id='word_1_4' title='bbox 616 403 742 446; x_wconf 77' lang='lat' dir='ltr'>amoses</span> <span class='ocrx_word' id='word_1_5' title='bbox 757 403 887 447; x_wconf 70' lang='lat' dir='ltr'>usaria.</span> <span class='ocrx_word' id='word_1_6' title='bbox 999 385 1008 398; x_wconf 88' lang='grc'><em>“</em></span> <span class='ocrx_word' id='word_1_7' title='bbox 1097 455 1106 468; x_wconf 41' lang='lat'><strong>·</strong></span> <span class='ocrx_word' id='word_1_8' title='bbox 1269 387 1343 472; x_wconf 30' lang='grc'>235.</span> 
     </span>
    </p>
   </div>
   <div class='ocr_carea' id='block_1_2' title="bbox 116 543 1415 4694">
    <p class='ocr_par' dir='ltr' id='par_1_2' title="bbox 116 543 1415 2217">
     <span class='ocr_line' id='line_1_2' title="bbox 116 543 1327 624; baseline 0.001 -18"><span class='ocrx_word' id='word_1_9' title='bbox 116 547 264 607; x_wconf 74' lang='lat' dir='ltr'>uodonem</span> <span class='ocrx_word' id='word_1_10' title='bbox 279 546 352 624; x_wconf 90' lang='lat' dir='ltr'>ejus,</span> <span class='ocrx_word' id='word_1_11' title='bbox 367 544 437 604; x_wconf 86' lang='lat' dir='ltr'>Job.</span> <span class='ocrx_word' id='word_1_12' title='bbox 452 544 503 603; x_wconf 88' lang='lat' dir='ltr'>vii.</span> <span class='ocrx_word' id='word_1_13' title='bbox 523 547 571 620; x_wconf 90' lang='grc'>22,</span> <span class='ocrx_word' id='word_1_14' title='bbox 588 547 635 621; x_wconf 89' lang='grc'>23,</span> <span class='ocrx_word' id='word_1_15' title='bbox 649 546 736 606; x_wconf 87' lang='lat' dir='ltr'>Dent.</span> <span class='ocrx_word' id='word_1_16' title='bbox 752 546 813 605; x_wconf 84' lang='lat' dir='ltr'>xvi.</span> <span class='ocrx_word' id='word_1_17' title='bbox 827 547 852 622; x_wconf 93' lang='lat'>1,</span> <span class='ocrx_word' id='word_1_18' title='bbox 875 549 903 622; x_wconf 91' lang='grc'>2,</span> <span class='ocrx_word' id='word_1_19' title='bbox 920 543 984 621; x_wconf 73' lang='lat' dir='ltr'>dc,</span> <span class='ocrx_word' id='word_1_20' title='bbox 1000 545 1080 622; x_wconf 93' lang='lat' dir='ltr'>quod</span> <span class='ocrx_word' id='word_1_21' title='bbox 1093 544 1156 604; x_wconf 87' lang='lat' dir='ltr'>lieri</span> <span class='ocrx_word' id='word_1_22' title='bbox 1170 565 1229 604; x_wconf 90' lang='lat' dir='ltr'>non</span> <span class='ocrx_word' id='word_1_23' title='bbox 1243 557 1327 624; x_wconf 92' lang='lat' dir='ltr'>potu·</span> 
     </span>
     <span class='ocr_line' id='line_1_3' title="bbox 116 623 1330 705; baseline -0.001 -18"><span class='ocrx_word' id='word_1_24' title='bbox 116 628 198 702; x_wconf 88' lang='lat' dir='ltr'>isset,</span> <span class='ocrx_word' id='word_1_25' title='bbox 215 627 240 686; x_wconf 89' lang='lat' dir='ltr'>si</span> <span class='ocrx_word' id='word_1_26' title='bbox 253 627 356 685; x_wconf 86' lang='lat' dir='ltr'>fuisset</span> <span class='ocrx_word' id='word_1_27' title='bbox 369 625 486 688; x_wconf 88' lang='lat' dir='ltr'>tertium</span> <span class='ocrx_word' id='word_1_28' title='bbox 500 623 595 684; x_wconf 85' lang='lat' dir='ltr'>foedus</span> <span class='ocrx_word' id='word_1_29' title='bbox 608 645 717 684; x_wconf 84' lang='lat' dir='ltr'>novum</span> <span class='ocrx_word' id='word_1_30' title='bbox 737 634 799 686; x_wconf 91' lang='lat' dir='ltr'>tota</span> <span class='ocrx_word' id='word_1_31' title='bbox 821 626 916 705; x_wconf 89' lang='lat' dir='ltr'>specie</span> <span class='ocrx_word' id='word_1_32' title='bbox 930 645 948 684; x_wconf 91' lang='lat' dir='ltr'>a</span> <span class='ocrx_word' id='word_1_33' title='bbox 968 625 1075 686; x_wconf 88' lang='lat' dir='ltr'>foedere</span> <span class='ocrx_word' id='word_1_34' title='bbox 1094 626 1195 703; x_wconf 84' lang='lat' dir='ltr'>gratiae</span> <span class='ocrx_word' id='word_1_35' title='bbox 1210 625 1330 686; x_wconf 88' lang='lat' dir='ltr'>distinc-</span> 
     </span>
     <span class='ocr_line' id='line_1_4' title="bbox 117 703 1330 783; baseline 0 -17"><span class='ocrx_word' id='word_1_36' title='bbox 117 715 191 766; x_wconf 91' lang='lat' dir='ltr'>tum.</span> <span class='ocrx_word' id='word_1_37' title='bbox 227 706 397 766; x_wconf 86' lang='lat' dir='ltr'>Absurdnm</span> <span class='ocrx_word' id='word_1_38' title='bbox 411 705 517 782; x_wconf 92' lang='lat' dir='ltr'>quippe</span> <span class='ocrx_word' id='word_1_39' title='bbox 531 712 576 763; x_wconf 89' lang='lat' dir='ltr'>est</span> <span class='ocrx_word' id='word_1_40' title='bbox 594 705 700 765; x_wconf 87' lang='lat' dir='ltr'>addere</span> <span class='ocrx_word' id='word_1_41' title='bbox 716 706 902 766; x_wconf 79' lang='lat' dir='ltr'>Sacramenta</span> <span class='ocrx_word' id='word_1_42' title='bbox 916 703 1032 764; x_wconf 87' lang='lat' dir='ltr'>foederis</span> <span class='ocrx_word' id='word_1_43' title='bbox 1047 705 1148 783; x_wconf 74' lang='lat' dir='ltr'>gretia</span> <span class='ocrx_word' id='word_1_44' title='bbox 1172 705 1255 764; x_wconf 87' lang='lat' dir='ltr'>alteri</span> <span class='ocrx_word' id='word_1_45' title='bbox 1270 707 1330 766; x_wconf 91' lang='lat' dir='ltr'>cui·</span> 
     </span>
     <span class='ocr_line' id='line_1_5' title="bbox 117 784 956 865; baseline 0 -21"><span class='ocrx_word' id='word_1_46' title='bbox 117 787 198 865; x_wconf 88' lang='lat' dir='ltr'>piam</span> <span class='ocrx_word' id='word_1_47' title='bbox 212 785 322 861; x_wconf 85' lang='lat' dir='ltr'>foederi,</span> <span class='ocrx_word' id='word_1_48' title='bbox 339 785 400 845; x_wconf 88' lang='lat' dir='ltr'>sive</span> <span class='ocrx_word' id='word_1_49' title='bbox 415 784 528 843; x_wconf 89' lang='lat' dir='ltr'>dicatur</span> <span class='ocrx_word' id='word_1_50' title='bbox 541 804 668 862; x_wconf 90' lang='lat' dir='ltr'>operum,</span> <span class='ocrx_word' id='word_1_51' title='bbox 685 787 747 844; x_wconf 90' lang='lat' dir='ltr'>sive</span> <span class='ocrx_word' id='word_1_52' title='bbox 761 786 956 845; x_wconf 77' lang='lat' dir='ltr'>subserviens.</span> 
     </span>
     <span class='ocr_line' id='line_1_6' title="bbox 118 863 1392 951; baseline 0.002 -30"><span class='ocrx_word' id='word_1_53' title='bbox 118 903 134 950; x_wconf 81' lang='lat'><strong>6</strong></span> <span class='ocrx_word' id='word_1_54' title='bbox 163 906 205 951; x_wconf 81' lang='lat' dir='ltr'>Ab</span> <span class='ocrx_word' id='word_1_55' title='bbox 244 903 362 950; x_wconf 72' lang='lat' dir='ltr'>amardo·</span> <span class='ocrx_word' id='word_1_56' title='bbox 423 863 531 924; x_wconf 90' lang='lat' dir='ltr'><strong>XVII.</strong></span> <span class='ocrx_word' id='word_1_57' title='bbox 554 867 581 924; x_wconf 89' lang='grc'>6.</span> <span class='ocrx_word' id='word_1_58' title='bbox 607 865 638 924; x_wconf 84' lang='lat' dir='ltr'>Si</span> <span class='ocrx_word' id='word_1_59' title='bbox 659 866 769 924; x_wconf 86' lang='lat' dir='ltr'>Foedus</span> <span class='ocrx_word' id='word_1_60' title='bbox 792 865 964 925; x_wconf 87' lang='lat' dir='ltr'>Sinaiticum</span> <span class='ocrx_word' id='word_1_61' title='bbox 983 864 1038 924; x_wconf 84' lang='lat' dir='ltr'>fuit</span> <span class='ocrx_word' id='word_1_62' title='bbox 1054 884 1125 943; x_wconf 90' lang='lat' dir='ltr'>pure</span> <span class='ocrx_word' id='word_1_63' title='bbox 1147 864 1265 942; x_wconf 88' lang='lat' dir='ltr'>Legale,</span> <span class='ocrx_word' id='word_1_64' title='bbox 1286 885 1330 924; x_wconf 90' lang='lat' dir='ltr'>se·</span> <span class='ocrx_word' id='word_1_65' title='bbox 1389 896 1392 902; x_wconf 95' lang='lat'>·</span> 
     </span>
     <span class='ocr_line' id='line_1_7' title="bbox 135 939 1328 1025; baseline -0.003 -18"><span class='ocrx_word' id='word_1_66' title='bbox 135 939 205 1020; x_wconf 75' lang='lat' dir='ltr'>&#39;quta</span> <span class='ocrx_word' id='word_1_67' title='bbox 219 963 252 1007; x_wconf 78' lang='lat' dir='ltr'>sic</span> <span class='ocrx_word' id='word_1_68' title='bbox 266 939 364 1016; x_wconf 62' lang='lat' dir='ltr'>derogal</span> <span class='ocrx_word' id='word_1_69' title='bbox 383 944 482 1022; x_wconf 81' lang='lat' dir='ltr'>quittrr</span> <span class='ocrx_word' id='word_1_70' title='bbox 495 944 591 1004; x_wconf 90' lang='lat' dir='ltr'>Deum</span> <span class='ocrx_word' id='word_1_71' title='bbox 603 963 656 1023; x_wconf 89' lang='lat' dir='ltr'>per</span> <span class='ocrx_word' id='word_1_72' title='bbox 666 946 721 1004; x_wconf 91' lang='lat' dir='ltr'>hoc</span> <span class='ocrx_word' id='word_1_73' title='bbox 731 945 826 1004; x_wconf 87' lang='lat' dir='ltr'>foedus</span> <span class='ocrx_word' id='word_1_74' title='bbox 840 945 995 1022; x_wconf 79' lang='lat' dir='ltr'>derogasse</span> <span class='ocrx_word' id='word_1_75' title='bbox 1007 945 1109 1004; x_wconf 88' lang='lat' dir='ltr'>foederl</span> <span class='ocrx_word' id='word_1_76' title='bbox 1124 944 1328 1025; x_wconf 86' lang='lat' dir='ltr'>Abrahamico,</span> 
     </span>
     <span class='ocr_line' id='line_1_8' title="bbox 149 1021 1332 1103; baseline 0.002 -21"><span class='ocrx_word' id='word_1_77' title='bbox 149 1021 308 1090; x_wconf 62' lang='lat' dir='ltr'>recurrerat</span> <span class='ocrx_word' id='word_1_78' title='bbox 317 1022 369 1067; x_wconf 52' lang='lat' dir='ltr'>Al*</span> <span class='ocrx_word' id='word_1_79' title='bbox 389 1025 458 1101; x_wconf 92' lang='lat' dir='ltr'>quia</span> <span class='ocrx_word' id='word_1_80' title='bbox 470 1022 565 1084; x_wconf 82' lang='lat' dir='ltr'>foedus</span> <span class='ocrx_word' id='word_1_81' title='bbox 583 1025 726 1102; x_wconf 82' lang='lat' dir='ltr'>posterius</span> <span class='ocrx_word' id='word_1_82' title='bbox 743 1024 864 1103; x_wconf 88' lang='lat' dir='ltr'>derogat</span> <span class='ocrx_word' id='word_1_83' title='bbox 879 1025 977 1102; x_wconf 86' lang='lat' dir='ltr'>priori.</span> <span class='ocrx_word' id='word_1_84' title='bbox 1019 1025 1082 1083; x_wconf 88' lang='lat' dir='ltr'>Nec</span> <span class='ocrx_word' id='word_1_85' title='bbox 1095 1025 1236 1102; x_wconf 89' lang='lat' dir='ltr'>potuisset</span> <span class='ocrx_word' id='word_1_86' title='bbox 1250 1026 1332 1086; x_wconf 90' lang='lat' dir='ltr'>locus</span> 
     </span>
     <span class='ocr_line' id='line_1_9' title="bbox 149 1079 1331 1183; baseline 0.002 -22"><span class='ocrx_word' id='word_1_87' title='bbox 149 1079 280 1124; x_wconf 75' lang='lat' dir='ltr'>mhsmrco.</span> <span class='ocrx_word' id='word_1_88' title='bbox 386 1103 450 1162; x_wconf 90' lang='lat' dir='ltr'>dari</span> <span class='ocrx_word' id='word_1_89' title='bbox 463 1103 546 1163; x_wconf 85' lang='lat' dir='ltr'>elteri</span> <span class='ocrx_word' id='word_1_90' title='bbox 560 1104 670 1180; x_wconf 82' lang='lat' dir='ltr'>foederi,</span> <span class='ocrx_word' id='word_1_91' title='bbox 687 1105 712 1164; x_wconf 87' lang='lat' dir='ltr'>si</span> <span class='ocrx_word' id='word_1_92' title='bbox 725 1105 805 1183; x_wconf 90' lang='lat' dir='ltr'>prius</span> <span class='ocrx_word' id='word_1_93' title='bbox 823 1105 898 1163; x_wconf 89' lang='lat' dir='ltr'>illud</span> <span class='ocrx_word' id='word_1_94' title='bbox 917 1123 1030 1181; x_wconf 88' lang='lat' dir='ltr'>semper</span> <span class='ocrx_word' id='word_1_95' title='bbox 1043 1105 1180 1165; x_wconf 77' lang='lat' dir='ltr'>stetisset.</span> <span class='ocrx_word' id='word_1_96' title='bbox 1213 1105 1256 1163; x_wconf 87' lang='lat' dir='ltr'>At</span> <span class='ocrx_word' id='word_1_97' title='bbox 1267 1113 1331 1164; x_wconf 90' lang='lat' dir='ltr'>tan·</span> 
     </span>
     <span class='ocr_line' id='line_1_10' title="bbox 119 1180 1331 1262; baseline 0.002 -22"><span class='ocrx_word' id='word_1_98' title='bbox 119 1185 182 1240; x_wconf 87' lang='lat' dir='ltr'>tum</span> <span class='ocrx_word' id='word_1_99' title='bbox 197 1180 288 1256; x_wconf 88' lang='lat' dir='ltr'>abest,</span> <span class='ocrx_word' id='word_1_100' title='bbox 303 1188 336 1241; x_wconf 89' lang='lat' dir='ltr'>ut</span> <span class='ocrx_word' id='word_1_101' title='bbox 350 1181 535 1261; x_wconf 82' lang='lat' dir='ltr'>derogaverit</span> <span class='ocrx_word' id='word_1_102' title='bbox 554 1183 656 1244; x_wconf 84' lang='lat' dir='ltr'>foederi</span> <span class='ocrx_word' id='word_1_103' title='bbox 669 1185 766 1262; x_wconf 82' lang='lat' dir='ltr'>priori,</span> <span class='ocrx_word' id='word_1_104' title='bbox 781 1193 815 1243; x_wconf 91' lang='lat' dir='ltr'>ut</span> <span class='ocrx_word' id='word_1_105' title='bbox 827 1185 925 1262; x_wconf 89' lang='lat' dir='ltr'>potius</span> <span class='ocrx_word' id='word_1_106' title='bbox 943 1184 982 1243; x_wconf 90' lang='lat' dir='ltr'>ad</span> <span class='ocrx_word' id='word_1_107' title='bbox 1000 1185 1065 1262; x_wconf 89' lang='lat' dir='ltr'>ejus</span> <span class='ocrx_word' id='word_1_108' title='bbox 1085 1184 1331 1244; x_wconf 85' lang='lat' dir='ltr'>confirmationem</span> 
     </span>
     <span class='ocr_line' id='line_1_11' title="bbox 120 1259 1331 1342; baseline 0.004 -24"><span class='ocrx_word' id='word_1_109' title='bbox 120 1259 230 1319; x_wconf 85' lang='lat' dir='ltr'>sactum</span> <span class='ocrx_word' id='word_1_110' title='bbox 244 1261 290 1335; x_wconf 89' lang='lat' dir='ltr'>sit,</span> <span class='ocrx_word' id='word_1_111' title='bbox 304 1263 382 1322; x_wconf 90' lang='lat' dir='ltr'>unde</span> <span class='ocrx_word' id='word_1_112' title='bbox 397 1264 566 1341; x_wconf 86' lang='lat' dir='ltr'>Apostolus,</span> <span class='ocrx_word' id='word_1_113' title='bbox 589 1264 654 1323; x_wconf 84' lang='lat' dir='ltr'>Gal.</span> <span class='ocrx_word' id='word_1_114' title='bbox 670 1265 710 1323; x_wconf 91' lang='lat' dir='ltr'>iii.</span> <span class='ocrx_word' id='word_1_115' title='bbox 732 1267 779 1340; x_wconf 76' lang='lat'>17,</span> <span class='ocrx_word' id='word_1_116' title='bbox 796 1264 922 1324; x_wconf 85' lang='lat' dir='ltr'>ostendit</span> <span class='ocrx_word' id='word_1_117' title='bbox 942 1264 1052 1341; x_wconf 86' lang='lat' dir='ltr'>Legem</span> <span class='ocrx_word' id='word_1_118' title='bbox 1076 1265 1174 1324; x_wconf 85' lang='lat' dir='ltr'>datam</span> <span class='ocrx_word' id='word_1_119' title='bbox 1196 1265 1331 1342; x_wconf 88' lang='lat' dir='ltr'>quadrin-</span> 
     </span>
     <span class='ocr_line' id='line_1_12' title="bbox 121 1341 1332 1422; baseline 0.005 -24"><span class='ocrx_word' id='word_1_120' title='bbox 121 1341 219 1418; x_wconf 85' lang='lat' dir='ltr'>gentis</span> <span class='ocrx_word' id='word_1_121' title='bbox 242 1349 272 1399; x_wconf 91' lang='lat' dir='ltr'>et</span> <span class='ocrx_word' id='word_1_122' title='bbox 285 1342 405 1419; x_wconf 90' lang='lat' dir='ltr'>triginta</span> <span class='ocrx_word' id='word_1_123' title='bbox 419 1344 502 1402; x_wconf 90' lang='lat' dir='ltr'>annis</span> <span class='ocrx_word' id='word_1_124' title='bbox 516 1352 583 1421; x_wconf 91' lang='lat' dir='ltr'>post</span> <span class='ocrx_word' id='word_1_125' title='bbox 595 1345 815 1422; x_wconf 89' lang='lat' dir='ltr'>promissionem</span> <span class='ocrx_word' id='word_1_126' title='bbox 829 1343 926 1404; x_wconf 76' lang='lat' dir='ltr'>datm</span> <span class='ocrx_word' id='word_1_127' title='bbox 941 1343 1118 1421; x_wconf 86' lang='lat' dir='ltr'>Abrahamo,</span> <span class='ocrx_word' id='word_1_128' title='bbox 1135 1365 1192 1403; x_wconf 91' lang='lat' dir='ltr'>non</span> <span class='ocrx_word' id='word_1_129' title='bbox 1203 1347 1332 1422; x_wconf 75' lang='lat' dir='ltr'>pontisse</span> 
     </span>
     <span class='ocr_line' id='line_1_13' title="bbox 122 1420 1330 1502; baseline 0.005 -24"><span class='ocrx_word' id='word_1_130' title='bbox 122 1420 204 1479; x_wconf 90' lang='lat' dir='ltr'>illam</span> <span class='ocrx_word' id='word_1_131' title='bbox 218 1420 329 1480; x_wconf 87' lang='lat' dir='ltr'>irritam</span> <span class='ocrx_word' id='word_1_132' title='bbox 342 1423 472 1499; x_wconf 85' lang='lat' dir='ltr'>reddere,</span> <span class='ocrx_word' id='word_1_133' title='bbox 490 1431 520 1482; x_wconf 91' lang='lat' dir='ltr'>et</span> <span class='ocrx_word' id='word_1_134' title='bbox 540 1423 668 1482; x_wconf 76' lang='lat' dir='ltr'>additam</span> <span class='ocrx_word' id='word_1_135' title='bbox 690 1433 802 1484; x_wconf 85' lang='lat' dir='ltr'>tanturn</span> <span class='ocrx_word' id='word_1_136' title='bbox 827 1423 916 1484; x_wconf 81' lang='lat' dir='ltr'>luisse</span> <span class='ocrx_word' id='word_1_137' title='bbox 938 1434 1055 1502; x_wconf 88' lang='lat' dir='ltr'>propter</span> <span class='ocrx_word' id='word_1_138' title='bbox 1078 1425 1330 1502; x_wconf 86' lang='lat' dir='ltr'>transgressiones,</span> 
     </span>
     <span class='ocr_line' id='line_1_14' title="bbox 121 1500 1415 1584; baseline 0.005 -26"><span class='ocrx_word' id='word_1_139' title='bbox 121 1500 215 1559; x_wconf 86' lang='lat' dir='ltr'>donec</span> <span class='ocrx_word' id='word_1_140' title='bbox 229 1500 342 1561; x_wconf 89' lang='lat' dir='ltr'>veniret</span> <span class='ocrx_word' id='word_1_141' title='bbox 357 1503 470 1577; x_wconf 83' lang='lat' dir='ltr'>Semen,</span> <span class='ocrx_word' id='word_1_142' title='bbox 487 1503 534 1562; x_wconf 91' lang='lat' dir='ltr'>cui</span> <span class='ocrx_word' id='word_1_143' title='bbox 547 1504 688 1580; x_wconf 87' lang='lat' dir='ltr'>promisso</span> <span class='ocrx_word' id='word_1_144' title='bbox 699 1503 775 1563; x_wconf 85' lang='lat' dir='ltr'>facta</span> <span class='ocrx_word' id='word_1_145' title='bbox 789 1503 890 1580; x_wconf 86' lang='lat' dir='ltr'>fuerat,</span> <span class='ocrx_word' id='word_1_146' title='bbox 902 1523 931 1563; x_wconf 90' lang='lat' dir='ltr'>v.</span> <span class='ocrx_word' id='word_1_147' title='bbox 949 1507 995 1580; x_wconf 82' lang='lat'>19,</span> <span class='ocrx_word' id='word_1_148' title='bbox 1010 1504 1089 1581; x_wconf 92' lang='lat' dir='ltr'>quod</span> <span class='ocrx_word' id='word_1_149' title='bbox 1103 1505 1212 1564; x_wconf 90' lang='lat' dir='ltr'>evincit</span> <span class='ocrx_word' id='word_1_150' title='bbox 1223 1505 1333 1584; x_wconf 87' lang='lat' dir='ltr'>Legem</span> <span class='ocrx_word' id='word_1_151' title='bbox 1411 1537 1415 1544; x_wconf 89' lang='lat'>·</span> 
     </span>
     <span class='ocr_line' id='line_1_15' title="bbox 121 1579 1334 1661; baseline 0.006 -23"><span class='ocrx_word' id='word_1_152' title='bbox 121 1579 293 1638; x_wconf 88' lang='lat' dir='ltr'>amandasse</span> <span class='ocrx_word' id='word_1_153' title='bbox 314 1583 352 1641; x_wconf 91' lang='lat' dir='ltr'>ad</span> <span class='ocrx_word' id='word_1_154' title='bbox 366 1583 521 1659; x_wconf 85' lang='lat' dir='ltr'>Christum,</span> <span class='ocrx_word' id='word_1_155' title='bbox 537 1591 674 1660; x_wconf 87' lang='lat' dir='ltr'>tanquam</span> <span class='ocrx_word' id='word_1_156' title='bbox 687 1583 774 1642; x_wconf 89' lang='lat' dir='ltr'>finem</span> <span class='ocrx_word' id='word_1_157' title='bbox 789 1603 875 1660; x_wconf 88' lang='lat' dir='ltr'>quem</span> <span class='ocrx_word' id='word_1_158' title='bbox 889 1584 1070 1661; x_wconf 84' lang='lat' dir='ltr'>respiciebat,</span> <span class='ocrx_word' id='word_1_159' title='bbox 1083 1585 1108 1642; x_wconf 89' lang='lat' dir='ltr'>si</span> <span class='ocrx_word' id='word_1_160' title='bbox 1122 1604 1179 1641; x_wconf 92' lang='lat' dir='ltr'>non</span> <span class='ocrx_word' id='word_1_161' title='bbox 1193 1604 1245 1660; x_wconf 95' lang='lat' dir='ltr'>per</span> <span class='ocrx_word' id='word_1_162' title='bbox 1259 1605 1290 1644; x_wconf 88' lang='lat' dir='ltr'>se</span> <span class='ocrx_word' id='word_1_163' title='bbox 1305 1594 1334 1645; x_wconf 90' lang='lat' dir='ltr'>et</span> 
     </span>
     <span class='ocr_line' id='line_1_16' title="bbox 120 1662 1334 1740; baseline 0.005 -23"><span class='ocrx_word' id='word_1_164' title='bbox 120 1667 226 1718; x_wconf 90' lang='lat' dir='ltr'>natura</span> <span class='ocrx_word' id='word_1_165' title='bbox 240 1679 299 1736; x_wconf 88' lang='lat' dir='ltr'>sua,</span> <span class='ocrx_word' id='word_1_166' title='bbox 313 1663 414 1722; x_wconf 86' lang='lat' dir='ltr'>saltem</span> <span class='ocrx_word' id='word_1_167' title='bbox 425 1663 455 1720; x_wconf 92' lang='lat' dir='ltr'>in</span> <span class='ocrx_word' id='word_1_168' title='bbox 466 1662 624 1722; x_wconf 88' lang='lat' dir='ltr'>intentione</span> <span class='ocrx_word' id='word_1_169' title='bbox 639 1672 668 1722; x_wconf 89' lang='lat' dir='ltr'>et</span> <span class='ocrx_word' id='word_1_170' title='bbox 682 1663 802 1723; x_wconf 91' lang='lat' dir='ltr'>consilio</span> <span class='ocrx_word' id='word_1_171' title='bbox 814 1663 1011 1740; x_wconf 88' lang='lat' dir='ltr'>Legislatoris.</span> <span class='ocrx_word' id='word_1_172' title='bbox 1055 1664 1158 1722; x_wconf 87' lang='lat' dir='ltr'>Dicere</span> <span class='ocrx_word' id='word_1_173' title='bbox 1173 1663 1267 1722; x_wconf 85' lang='lat' dir='ltr'>foedus</span> <span class='ocrx_word' id='word_1_174' title='bbox 1278 1664 1334 1724; x_wconf 94' lang='lat' dir='ltr'>hoc</span> 
     </span>
     <span class='ocr_line' id='line_1_17' title="bbox 121 1740 1332 1819; baseline 0.003 -22"><span class='ocrx_word' id='word_1_175' title='bbox 121 1740 313 1799; x_wconf 88' lang='lat' dir='ltr'>subserviisse</span> <span class='ocrx_word' id='word_1_176' title='bbox 327 1741 428 1800; x_wconf 85' lang='lat' dir='ltr'>foederi</span> <span class='ocrx_word' id='word_1_177' title='bbox 443 1743 552 1819; x_wconf 86' lang='lat' dir='ltr'>gratiae,</span> <span class='ocrx_word' id='word_1_178' title='bbox 569 1751 613 1801; x_wconf 91' lang='lat' dir='ltr'>est</span> <span class='ocrx_word' id='word_1_179' title='bbox 627 1763 728 1801; x_wconf 82' lang='lat' dir='ltr'>revera</span> <span class='ocrx_word' id='word_1_180' title='bbox 741 1743 836 1802; x_wconf 91' lang='lat' dir='ltr'>dicere</span> <span class='ocrx_word' id='word_1_181' title='bbox 851 1761 910 1801; x_wconf 89' lang='lat' dir='ltr'>non</span> <span class='ocrx_word' id='word_1_182' title='bbox 929 1742 1018 1802; x_wconf 90' lang='lat' dir='ltr'>fuisse</span> <span class='ocrx_word' id='word_1_183' title='bbox 1034 1743 1138 1819; x_wconf 83' lang='lat' dir='ltr'>foedus,</span> <span class='ocrx_word' id='word_1_184' title='bbox 1154 1742 1206 1801; x_wconf 89' lang='lat' dir='ltr'>sed</span> <span class='ocrx_word' id='word_1_185' title='bbox 1219 1751 1332 1803; x_wconf 84' lang='lat' dir='ltr'>tantum</span> 
     </span>
     <span class='ocr_line' id='line_1_18' title="bbox 121 1819 1333 1902; baseline 0.005 -25"><span class='ocrx_word' id='word_1_186' title='bbox 121 1819 386 1896; x_wconf 88' lang='lat' dir='ltr'>dispensationem:</span> <span class='ocrx_word' id='word_1_187' title='bbox 408 1842 475 1881; x_wconf 87' lang='lat' dir='ltr'>nam</span> <span class='ocrx_word' id='word_1_188' title='bbox 488 1822 584 1881; x_wconf 84' lang='lat' dir='ltr'>soedns</span> <span class='ocrx_word' id='word_1_189' title='bbox 602 1823 716 1900; x_wconf 90' lang='lat' dir='ltr'>proprie</span> <span class='ocrx_word' id='word_1_190' title='bbox 731 1822 839 1882; x_wconf 87' lang='lat' dir='ltr'>dictum</span> <span class='ocrx_word' id='word_1_191' title='bbox 864 1823 952 1882; x_wconf 88' lang='lat' dir='ltr'>babet</span> <span class='ocrx_word' id='word_1_192' title='bbox 973 1821 1033 1880; x_wconf 88' lang='lat' dir='ltr'>vim</span> <span class='ocrx_word' id='word_1_193' title='bbox 1056 1821 1205 1899; x_wconf 87' lang='lat' dir='ltr'>obligandi</span> <span class='ocrx_word' id='word_1_194' title='bbox 1228 1843 1280 1902; x_wconf 91' lang='lat' dir='ltr'>per</span> <span class='ocrx_word' id='word_1_195' title='bbox 1302 1843 1333 1883; x_wconf 92' lang='lat' dir='ltr'>se</span> 
     </span>
     <span class='ocr_line' id='line_1_19' title="bbox 119 1902 1333 1981; baseline 0.004 -23"><span class='ocrx_word' id='word_1_196' title='bbox 119 1909 220 1977; x_wconf 86' lang='lat' dir='ltr'>partes</span> <span class='ocrx_word' id='word_1_197' title='bbox 240 1903 449 1978; x_wconf 81' lang='lat' dir='ltr'>contrahentes,</span> <span class='ocrx_word' id='word_1_198' title='bbox 465 1921 519 1962; x_wconf 89' lang='lat' dir='ltr'>nec</span> <span class='ocrx_word' id='word_1_199' title='bbox 537 1903 595 1962; x_wconf 86' lang='lat' dir='ltr'>slio</span> <span class='ocrx_word' id='word_1_200' title='bbox 615 1902 758 1980; x_wconf 86' lang='lat' dir='ltr'>dirigitur.</span> <span class='ocrx_word' id='word_1_201' title='bbox 803 1903 834 1962; x_wconf 85' lang='lat' dir='ltr'>Si</span> <span class='ocrx_word' id='word_1_202' title='bbox 855 1922 925 1980; x_wconf 92' lang='lat' dir='ltr'>ergo</span> <span class='ocrx_word' id='word_1_203' title='bbox 938 1902 996 1960; x_wconf 88' lang='lat' dir='ltr'>alio</span> <span class='ocrx_word' id='word_1_204' title='bbox 1014 1902 1186 1981; x_wconf 86' lang='lat' dir='ltr'>respiciebat</span> <span class='ocrx_word' id='word_1_205' title='bbox 1205 1903 1261 1962; x_wconf 89' lang='lat' dir='ltr'>ista</span> <span class='ocrx_word' id='word_1_206' title='bbox 1274 1902 1333 1963; x_wconf 89' lang='lat' dir='ltr'>dis·</span> 
     </span>
     <span class='ocr_line' id='line_1_20' title="bbox 120 1980 1333 2060; baseline 0.003 -22"><span class='ocrx_word' id='word_1_207' title='bbox 120 1980 262 2057; x_wconf 87' lang='lat' dir='ltr'>pensatio,</span> <span class='ocrx_word' id='word_1_208' title='bbox 278 1987 310 2040; x_wconf 91' lang='lat' dir='ltr'>ut</span> <span class='ocrx_word' id='word_1_209' title='bbox 329 2001 430 2042; x_wconf 87' lang='lat' dir='ltr'>revera</span> <span class='ocrx_word' id='word_1_210' title='bbox 451 1983 587 2060; x_wconf 81' lang='lat' dir='ltr'>respexit,</span> <span class='ocrx_word' id='word_1_211' title='bbox 603 1991 804 2060; x_wconf 90' lang='lat' dir='ltr'>argumentum</span> <span class='ocrx_word' id='word_1_212' title='bbox 819 1991 864 2042; x_wconf 88' lang='lat' dir='ltr'>est</span> <span class='ocrx_word' id='word_1_213' title='bbox 883 2001 941 2041; x_wconf 91' lang='lat' dir='ltr'>non</span> <span class='ocrx_word' id='word_1_214' title='bbox 962 1981 1051 2042; x_wconf 83' lang='lat' dir='ltr'>fnisse</span> <span class='ocrx_word' id='word_1_215' title='bbox 1072 1981 1167 2041; x_wconf 84' lang='lat' dir='ltr'>foedus</span> <span class='ocrx_word' id='word_1_216' title='bbox 1186 1981 1333 2043; x_wconf 88' lang='lat' dir='ltr'>diversum</span> 
     </span>
     <span class='ocr_line' id='line_1_21' title="bbox 121 2059 1333 2141; baseline 0.004 -23"><span class='ocrx_word' id='word_1_217' title='bbox 121 2059 228 2136; x_wconf 86' lang='lat' dir='ltr'>specie,</span> <span class='ocrx_word' id='word_1_218' title='bbox 245 2060 296 2119; x_wconf 88' lang='lat' dir='ltr'>sed</span> <span class='ocrx_word' id='word_1_219' title='bbox 317 2069 429 2121; x_wconf 88' lang='lat' dir='ltr'>tantum</span> <span class='ocrx_word' id='word_1_220' title='bbox 449 2062 567 2122; x_wconf 92' lang='lat' dir='ltr'>modum</span> <span class='ocrx_word' id='word_1_221' title='bbox 588 2063 756 2122; x_wconf 78' lang='lat' dir='ltr'>oeconomice</span> <span class='ocrx_word' id='word_1_222' title='bbox 775 2063 931 2140; x_wconf 90' lang='lat' dir='ltr'>diversum,</span> <span class='ocrx_word' id='word_1_223' title='bbox 947 2063 1078 2141; x_wconf 88' lang='lat' dir='ltr'>tempori,</span> <span class='ocrx_word' id='word_1_224' title='bbox 1096 2062 1169 2139; x_wconf 93' lang='lat' dir='ltr'>loco,</span> <span class='ocrx_word' id='word_1_225' title='bbox 1192 2071 1221 2122; x_wconf 91' lang='lat' dir='ltr'>et</span> <span class='ocrx_word' id='word_1_226' title='bbox 1245 2063 1333 2123; x_wconf 82' lang='lat' dir='ltr'>statrri</span> 
     </span>
     <span class='ocr_line' id='line_1_22' title="bbox 122 2143 582 2217; baseline 0.011 -19"><span class='ocrx_word' id='word_1_227' title='bbox 122 2159 311 2217; x_wconf 88' lang='lat' dir='ltr'>personarum</span> <span class='ocrx_word' id='word_1_228' title='bbox 325 2143 582 2203; x_wconf 87' lang='lat' dir='ltr'>accommodatum.</span> 
     </span>
    </p>

    <p class='ocr_par' dir='ltr' id='par_1_3' title="bbox 123 2220 1335 2938">
     <span class='ocr_line' id='line_1_23' title="bbox 428 2220 1334 2300; baseline 0 -19"><span class='ocrx_word' id='word_1_229' title='bbox 428 2222 553 2282; x_wconf 84' lang='lat' dir='ltr'>XVIII.</span> <span class='ocrx_word' id='word_1_230' title='bbox 575 2224 680 2282; x_wconf 72' lang='lat' dir='ltr'>Foedus</span> <span class='ocrx_word' id='word_1_231' title='bbox 698 2223 860 2282; x_wconf 76' lang='lat' dir='ltr'>Moaatcsm</span> <span class='ocrx_word' id='word_1_232' title='bbox 877 2229 974 2300; x_wconf 89' lang='lat' dir='ltr'>potest</span> <span class='ocrx_word' id='word_1_233' title='bbox 991 2220 1123 2279; x_wconf 87' lang='lat' dir='ltr'>bifariam</span> <span class='ocrx_word' id='word_1_234' title='bbox 1138 2221 1270 2299; x_wconf 85' lang='lat' dir='ltr'>spectari,</span> <span class='ocrx_word' id='word_1_235' title='bbox 1285 2223 1334 2282; x_wconf 92' lang='lat' dir='ltr'>vel</span> 
     </span>
     <span class='ocr_line' id='line_1_24' title="bbox 387 2299 1333 2378; baseline -0.002 -16"><span class='ocrx_word' id='word_1_236' title='bbox 387 2302 545 2362; x_wconf 90' lang='lat' dir='ltr'>secundum</span> <span class='ocrx_word' id='word_1_237' title='bbox 556 2303 743 2362; x_wconf 87' lang='lat' dir='ltr'>intentionem</span> <span class='ocrx_word' id='word_1_238' title='bbox 755 2310 784 2361; x_wconf 91' lang='lat' dir='ltr'>et</span> <span class='ocrx_word' id='word_1_239' title='bbox 795 2321 913 2378; x_wconf 89' lang='lat' dir='ltr'>scopum</span> <span class='ocrx_word' id='word_1_240' title='bbox 925 2301 982 2359; x_wconf 89' lang='lat' dir='ltr'>Dei</span> <span class='ocrx_word' id='word_1_241' title='bbox 996 2307 1025 2360; x_wconf 89' lang='lat' dir='ltr'>et</span> <span class='ocrx_word' id='word_1_242' title='bbox 1035 2300 1066 2358; x_wconf 90' lang='lat' dir='ltr'>in</span> <span class='ocrx_word' id='word_1_243' title='bbox 1077 2299 1176 2360; x_wconf 90' lang='lat' dir='ltr'>ordine</span> <span class='ocrx_word' id='word_1_244' title='bbox 1188 2302 1224 2359; x_wconf 90' lang='lat' dir='ltr'>ad</span> <span class='ocrx_word' id='word_1_245' title='bbox 1236 2303 1333 2360; x_wconf 86' lang='lat' dir='ltr'>Chris·</span> 
     </span>
     <span class='ocr_line' id='line_1_25' title="bbox 384 2381 1332 2458; baseline -0.001 -17"><span class='ocrx_word' id='word_1_246' title='bbox 384 2391 455 2458; x_wconf 92' lang='lat' dir='ltr'>tum,</span> <span class='ocrx_word' id='word_1_247' title='bbox 471 2382 519 2440; x_wconf 90' lang='lat' dir='ltr'>vel</span> <span class='ocrx_word' id='word_1_248' title='bbox 534 2383 653 2442; x_wconf 90' lang='lat' dir='ltr'>seorsim</span> <span class='ocrx_word' id='word_1_249' title='bbox 667 2391 697 2442; x_wconf 86' lang='lat' dir='ltr'>et</span> <span class='ocrx_word' id='word_1_250' title='bbox 713 2383 856 2442; x_wconf 76' lang='lat' dir='ltr'>abstracte</span> <span class='ocrx_word' id='word_1_251' title='bbox 871 2381 907 2439; x_wconf 90' lang='lat' dir='ltr'>ab</span> <span class='ocrx_word' id='word_1_252' title='bbox 926 2381 997 2440; x_wconf 88' lang='lat' dir='ltr'>illo:</span> <span class='ocrx_word' id='word_1_253' title='bbox 1019 2381 1170 2458; x_wconf 90' lang='lat' dir='ltr'>posteriori</span> <span class='ocrx_word' id='word_1_254' title='bbox 1183 2381 1270 2440; x_wconf 87' lang='lat' dir='ltr'>modo</span> <span class='ocrx_word' id='word_1_255' title='bbox 1289 2401 1332 2440; x_wconf 68' lang='lat' dir='ltr'>ren</span> 
     </span>
     <span class='ocr_line' id='line_1_26' title="bbox 124 2457 1335 2540; baseline 0.004 -24"><span class='ocrx_word' id='word_1_256' title='bbox 124 2457 211 2517; x_wconf 87' lang='lat' dir='ltr'>aliter</span> <span class='ocrx_word' id='word_1_257' title='bbox 224 2459 412 2538; x_wconf 84' lang='lat' dir='ltr'>distinguitur</span> <span class='ocrx_word' id='word_1_258' title='bbox 427 2483 446 2520; x_wconf 87' lang='lat' dir='ltr'>a</span> <span class='ocrx_word' id='word_1_259' title='bbox 465 2461 572 2522; x_wconf 85' lang='lat' dir='ltr'>foedere</span> <span class='ocrx_word' id='word_1_260' title='bbox 593 2463 703 2540; x_wconf 77' lang='lat' dir='ltr'>gratiae,</span> <span class='ocrx_word' id='word_1_261' title='bbox 718 2462 787 2539; x_wconf 92' lang='lat' dir='ltr'>quia</span> <span class='ocrx_word' id='word_1_262' title='bbox 800 2461 937 2520; x_wconf 89' lang='lat' dir='ltr'>coincidit</span> <span class='ocrx_word' id='word_1_263' title='bbox 954 2480 1019 2520; x_wconf 90' lang='lat' dir='ltr'>cum</span> <span class='ocrx_word' id='word_1_264' title='bbox 1040 2459 1147 2520; x_wconf 85' lang='lat' dir='ltr'>foederc</span> <span class='ocrx_word' id='word_1_265' title='bbox 1162 2481 1288 2539; x_wconf 90' lang='lat' dir='ltr'>operum,</span> <span class='ocrx_word' id='word_1_266' title='bbox 1305 2470 1335 2522; x_wconf 89' lang='lat' dir='ltr'>et</span> 
     </span>
     <span class='ocr_line' id='line_1_27' title="bbox 124 2540 1334 2618; baseline 0.004 -22"><span class='ocrx_word' id='word_1_267' title='bbox 124 2557 161 2597; x_wconf 91' lang='lat' dir='ltr'>eo</span> <span class='ocrx_word' id='word_1_268' title='bbox 176 2557 263 2599; x_wconf 87' lang='lat' dir='ltr'>sensu</span> <span class='ocrx_word' id='word_1_269' title='bbox 276 2550 397 2600; x_wconf 86' lang='lat' dir='ltr'>vocatur</span> <span class='ocrx_word' id='word_1_270' title='bbox 412 2542 496 2601; x_wconf 89' lang='lat' dir='ltr'>litera</span> <span class='ocrx_word' id='word_1_271' title='bbox 516 2542 650 2601; x_wconf 91' lang='lat' dir='ltr'>occidens</span> <span class='ocrx_word' id='word_1_272' title='bbox 664 2551 693 2602; x_wconf 92' lang='lat' dir='ltr'>et</span> <span class='ocrx_word' id='word_1_273' title='bbox 715 2541 906 2601; x_wconf 88' lang='lat' dir='ltr'>ministerium</span> <span class='ocrx_word' id='word_1_274' title='bbox 925 2540 1181 2616; x_wconf 88' lang='lat' dir='ltr'>condemnationis,</span> <span class='ocrx_word' id='word_1_275' title='bbox 1194 2561 1282 2618; x_wconf 89' lang='lat' dir='ltr'>quum</span> <span class='ocrx_word' id='word_1_276' title='bbox 1297 2542 1334 2601; x_wconf 90' lang='lat' dir='ltr'>de</span> 
     </span>
     <span class='ocr_line' id='line_1_28' title="bbox 124 2618 1335 2699; baseline 0.004 -23"><span class='ocrx_word' id='word_1_277' title='bbox 124 2618 191 2695; x_wconf 88' lang='lat' dir='ltr'>ejus</span> <span class='ocrx_word' id='word_1_278' title='bbox 214 2629 317 2680; x_wconf 88' lang='lat' dir='ltr'>natura</span> <span class='ocrx_word' id='word_1_279' title='bbox 335 2621 439 2699; x_wconf 85' lang='lat' dir='ltr'>agitur,</span> <span class='ocrx_word' id='word_1_280' title='bbox 461 2626 479 2680; x_wconf 94' lang='grc'>2</span> <span class='ocrx_word' id='word_1_281' title='bbox 498 2623 563 2681; x_wconf 89' lang='lat' dir='ltr'>Cor.</span> <span class='ocrx_word' id='word_1_282' title='bbox 582 2622 622 2680; x_wconf 91' lang='lat' dir='ltr'>iii.</span> <span class='ocrx_word' id='word_1_283' title='bbox 638 2625 666 2697; x_wconf 86' lang='grc'>6,</span> <span class='ocrx_word' id='word_1_284' title='bbox 687 2626 714 2681; x_wconf 84' lang='grc'>7.</span> <span class='ocrx_word' id='word_1_285' title='bbox 759 2621 817 2681; x_wconf 85' lang='lat' dir='ltr'>Sed</span> <span class='ocrx_word' id='word_1_286' title='bbox 827 2641 976 2699; x_wconf 88' lang='lat' dir='ltr'>perperam</span> <span class='ocrx_word' id='word_1_287' title='bbox 998 2621 1046 2680; x_wconf 90' lang='lat' dir='ltr'>hic</span> <span class='ocrx_word' id='word_1_288' title='bbox 1065 2621 1249 2696; x_wconf 84' lang='lat' dir='ltr'>abstrahitur,</span> <span class='ocrx_word' id='word_1_289' title='bbox 1266 2623 1335 2698; x_wconf 89' lang='lat' dir='ltr'>quia</span> 
     </span>
     <span class='ocr_line' id='line_1_29' title="bbox 124 2698 1334 2779; baseline 0.002 -22"><span class='ocrx_word' id='word_1_290' title='bbox 124 2698 366 2759; x_wconf 86' lang='lat' dir='ltr'>considerandum</span> <span class='ocrx_word' id='word_1_291' title='bbox 385 2721 498 2779; x_wconf 87' lang='lat' dir='ltr'>semper</span> <span class='ocrx_word' id='word_1_292' title='bbox 512 2710 557 2761; x_wconf 87' lang='lat' dir='ltr'>est</span> <span class='ocrx_word' id='word_1_293' title='bbox 570 2720 636 2761; x_wconf 90' lang='lat' dir='ltr'>cum</span> <span class='ocrx_word' id='word_1_294' title='bbox 655 2701 814 2761; x_wconf 90' lang='lat' dir='ltr'>intentione</span> <span class='ocrx_word' id='word_1_295' title='bbox 829 2701 893 2776; x_wconf 92' lang='lat' dir='ltr'>Dei,</span> <span class='ocrx_word' id='word_1_296' title='bbox 916 2720 981 2778; x_wconf 88' lang='lat' dir='ltr'>quae</span> <span class='ocrx_word' id='word_1_297' title='bbox 995 2700 1057 2775; x_wconf 85' lang='lat' dir='ltr'>fuit,</span> <span class='ocrx_word' id='word_1_298' title='bbox 1073 2720 1131 2758; x_wconf 91' lang='lat' dir='ltr'>nou</span> <span class='ocrx_word' id='word_1_299' title='bbox 1145 2709 1178 2759; x_wconf 89' lang='lat' dir='ltr'>ut</span> <span class='ocrx_word' id='word_1_300' title='bbox 1191 2701 1281 2759; x_wconf 83' lang='lat' dir='ltr'>vitam</span> <span class='ocrx_word' id='word_1_301' title='bbox 1296 2721 1334 2760; x_wconf 87' lang='lat' dir='ltr'>ex</span> 
     </span>
     <span class='ocr_line' id='line_1_30' title="bbox 125 2777 1333 2859; baseline 0.002 -23"><span class='ocrx_word' id='word_1_302' title='bbox 125 2777 208 2854; x_wconf 84' lang='lat' dir='ltr'>Lege</span> <span class='ocrx_word' id='word_1_303' title='bbox 231 2779 337 2840; x_wconf 86' lang='lat' dir='ltr'>babeat</span> <span class='ocrx_word' id='word_1_304' title='bbox 350 2781 445 2857; x_wconf 92' lang='lat' dir='ltr'>homo,</span> <span class='ocrx_word' id='word_1_305' title='bbox 460 2780 508 2840; x_wconf 92' lang='lat' dir='ltr'>vel</span> <span class='ocrx_word' id='word_1_306' title='bbox 522 2790 556 2840; x_wconf 94' lang='lat' dir='ltr'>ut</span> <span class='ocrx_word' id='word_1_307' title='bbox 573 2791 707 2859; x_wconf 83' lang='lat' dir='ltr'>peccator</span> <span class='ocrx_word' id='word_1_308' title='bbox 723 2781 891 2858; x_wconf 88' lang='lat' dir='ltr'>simpliciter</span> <span class='ocrx_word' id='word_1_309' title='bbox 907 2781 1067 2854; x_wconf 74' lang='lat' dir='ltr'>damnetur,</span> <span class='ocrx_word' id='word_1_310' title='bbox 1083 2779 1135 2838; x_wconf 89' lang='lat' dir='ltr'>sed</span> <span class='ocrx_word' id='word_1_311' title='bbox 1148 2789 1181 2838; x_wconf 89' lang='lat' dir='ltr'>ut</span> <span class='ocrx_word' id='word_1_312' title='bbox 1195 2799 1232 2838; x_wconf 85' lang='lat' dir='ltr'>ex</span> <span class='ocrx_word' id='word_1_313' title='bbox 1251 2782 1333 2858; x_wconf 88' lang='lat' dir='ltr'>agni·</span> 
     </span>
     <span class='ocr_line' id='line_1_31' title="bbox 123 2857 1194 2938; baseline -0.002 -20"><span class='ocrx_word' id='word_1_314' title='bbox 123 2857 205 2918; x_wconf 85' lang='lat' dir='ltr'>tione</span> <span class='ocrx_word' id='word_1_315' title='bbox 219 2860 341 2920; x_wconf 87' lang='lat' dir='ltr'>miseriae</span> <span class='ocrx_word' id='word_1_316' title='bbox 355 2880 414 2920; x_wconf 83' lang='lat' dir='ltr'>suae</span> <span class='ocrx_word' id='word_1_317' title='bbox 426 2869 455 2920; x_wconf 93' lang='lat' dir='ltr'>et</span> <span class='ocrx_word' id='word_1_318' title='bbox 468 2861 590 2938; x_wconf 81' lang='lat' dir='ltr'>propriae</span> <span class='ocrx_word' id='word_1_319' title='bbox 604 2861 811 2920; x_wconf 88' lang='lat' dir='ltr'>imbecillitatis</span> <span class='ocrx_word' id='word_1_320' title='bbox 825 2858 973 2937; x_wconf 86' lang='lat' dir='ltr'>confugiat</span> <span class='ocrx_word' id='word_1_321' title='bbox 986 2858 1024 2917; x_wconf 88' lang='lat' dir='ltr'>ad</span> <span class='ocrx_word' id='word_1_322' title='bbox 1039 2859 1194 2918; x_wconf 83' lang='lat' dir='ltr'>Christum.</span> 
     </span>
    </p>

    <p class='ocr_par' dir='ltr' id='par_1_4' title="bbox 123 2937 1336 3896">
     <span class='ocr_line' id='line_1_32' title="bbox 168 2937 1333 3017; baseline 0.003 -22"><span class='ocrx_word' id='word_1_323' title='bbox 168 2937 263 2999; x_wconf 85' lang='lat' dir='ltr'>XIX.</span> <span class='ocrx_word' id='word_1_324' title='bbox 286 2939 368 3000; x_wconf 89' lang='lat' dir='ltr'>Licet</span> <span class='ocrx_word' id='word_1_325' title='bbox 384 2939 492 3000; x_wconf 79' lang='lat' dir='ltr'>Foedus</span> <span class='ocrx_word' id='word_1_326' title='bbox 508 2940 680 3001; x_wconf 87' lang='lat' dir='ltr'>Sinaiticum</span> <span class='ocrx_word' id='word_1_327' title='bbox 702 2949 731 3000; x_wconf 90' lang='lat' dir='ltr'>ct</span> <span class='ocrx_word' id='word_1_328' title='bbox 753 2940 860 3017; x_wconf 85' lang='lat' dir='ltr'>Legale</span> <span class='ocrx_word' id='word_1_329' title='bbox 883 2947 1044 3016; x_wconf 88' lang='lat' dir='ltr'>opponatur</span> <span class='ocrx_word' id='word_1_330' title='bbox 1067 2937 1144 3015; x_wconf 89' lang='lat' dir='ltr'>apud</span> <span class='ocrx_word' id='word_1_331' title='bbox 1171 2939 1234 2998; x_wconf 86' lang='lat' dir='ltr'>Jer.</span> <span class='ocrx_word' id='word_1_332' title='bbox 1249 2939 1333 2999; x_wconf 81' lang='lat' dir='ltr'>xxxi.</span> 
     </span>
     <span class='ocr_line' id='line_1_33' title="bbox 125 3017 1334 3099; baseline 0.002 -23"><span class='ocrx_word' id='word_1_333' title='bbox 125 3018 151 3076; x_wconf 91' lang='lat' dir='ltr'>F</span> <span class='ocrx_word' id='word_1_334' title='bbox 154 3017 244 3078; x_wconf 88' lang='lat' dir='ltr'>cederi</span> <span class='ocrx_word' id='word_1_335' title='bbox 258 3039 355 3096; x_wconf 87' lang='lat' dir='ltr'>ncvo;</span> <span class='ocrx_word' id='word_1_336' title='bbox 376 3040 435 3080; x_wconf 89' lang='lat' dir='ltr'>non</span> <span class='ocrx_word' id='word_1_337' title='bbox 449 3041 566 3080; x_wconf 89' lang='lat' dir='ltr'>necesse</span> <span class='ocrx_word' id='word_1_338' title='bbox 580 3029 625 3080; x_wconf 91' lang='lat' dir='ltr'>est</span> <span class='ocrx_word' id='word_1_339' title='bbox 638 3028 671 3079; x_wconf 91' lang='lat' dir='ltr'>ut</span> <span class='ocrx_word' id='word_1_340' title='bbox 690 3020 832 3099; x_wconf 87' lang='lat' dir='ltr'>oppositio</span> <span class='ocrx_word' id='word_1_341' title='bbox 852 3019 904 3077; x_wconf 91' lang='lat' dir='ltr'>illa</span> <span class='ocrx_word' id='word_1_342' title='bbox 918 3019 956 3077; x_wconf 89' lang='lat' dir='ltr'>sit</span> <span class='ocrx_word' id='word_1_343' title='bbox 969 3017 1066 3095; x_wconf 87' lang='lat' dir='ltr'>quoad</span> <span class='ocrx_word' id='word_1_344' title='bbox 1079 3019 1251 3092; x_wconf 67' lang='lat' dir='ltr'>essentiam</span> <span class='ocrx_word' id='word_1_345' title='bbox 1275 3019 1334 3078; x_wconf 81' lang='lat' dir='ltr'>Sed</span> 
     </span>
     <span class='ocr_line' id='line_1_34' title="bbox 123 3097 1335 3178; baseline 0.001 -22"><span class='ocrx_word' id='word_1_346' title='bbox 123 3104 223 3176; x_wconf 85' lang='lat' dir='ltr'>potest</span> <span class='ocrx_word' id='word_1_347' title='bbox 243 3119 306 3160; x_wconf 89' lang='lat' dir='ltr'>esse</span> <span class='ocrx_word' id='word_1_348' title='bbox 328 3100 424 3178; x_wconf 87' lang='lat' dir='ltr'>quoad</span> <span class='ocrx_word' id='word_1_349' title='bbox 444 3100 612 3176; x_wconf 86' lang='lat' dir='ltr'>accidentia,</span> <span class='ocrx_word' id='word_1_350' title='bbox 628 3100 691 3159; x_wconf 88' lang='lat' dir='ltr'>sive</span> <span class='ocrx_word' id='word_1_351' title='bbox 713 3099 909 3157; x_wconf 85' lang='lat' dir='ltr'>diversitatem</span> <span class='ocrx_word' id='word_1_352' title='bbox 932 3098 1107 3171; x_wconf 72' lang='lat' dir='ltr'>oeconomis,</span> <span class='ocrx_word' id='word_1_353' title='bbox 1123 3105 1156 3156; x_wconf 87' lang='lat' dir='ltr'>ut</span> <span class='ocrx_word' id='word_1_354' title='bbox 1169 3098 1255 3155; x_wconf 90' lang='lat' dir='ltr'>homo</span> <span class='ocrx_word' id='word_1_355' title='bbox 1278 3097 1335 3157; x_wconf 90' lang='lat' dir='ltr'>sibi</span> 
     </span>
     <span class='ocr_line' id='line_1_35' title="bbox 124 3175 1334 3256; baseline 0.002 -21"><span class='ocrx_word' id='word_1_356' title='bbox 124 3179 289 3256; x_wconf 88' lang='lat' dir='ltr'>opponitur,</span> <span class='ocrx_word' id='word_1_357' title='bbox 315 3191 348 3240; x_wconf 93' lang='lat' dir='ltr'>ut</span> <span class='ocrx_word' id='word_1_358' title='bbox 372 3188 452 3239; x_wconf 87' lang='lat' dir='ltr'>stans</span> <span class='ocrx_word' id='word_1_359' title='bbox 476 3189 505 3239; x_wconf 93' lang='lat' dir='ltr'>et</span> <span class='ocrx_word' id='word_1_360' title='bbox 529 3181 641 3240; x_wconf 89' lang='lat' dir='ltr'>sedens.</span> <span class='ocrx_word' id='word_1_361' title='bbox 684 3179 745 3239; x_wconf 89' lang='lat' dir='ltr'>Neo</span> <span class='ocrx_word' id='word_1_362' title='bbox 767 3178 791 3237; x_wconf 91' lang='lat' dir='ltr'>si</span> <span class='ocrx_word' id='word_1_363' title='bbox 814 3177 946 3236; x_wconf 89' lang='lat' dir='ltr'>remissio</span> <span class='ocrx_word' id='word_1_364' title='bbox 969 3175 1146 3254; x_wconf 88' lang='lat' dir='ltr'>promittitur</span> <span class='ocrx_word' id='word_1_365' title='bbox 1170 3177 1223 3236; x_wconf 88' lang='lat' dir='ltr'>sub</span> <span class='ocrx_word' id='word_1_366' title='bbox 1248 3177 1334 3237; x_wconf 89' lang='lat' dir='ltr'>Novo</span> 
     </span>
     <span class='ocr_line' id='line_1_36' title="bbox 127 3257 1334 3338; baseline 0.002 -22"><span class='ocrx_word' id='word_1_367' title='bbox 127 3257 261 3334; x_wconf 86' lang='lat' dir='ltr'>Foedere,</span> <span class='ocrx_word' id='word_1_368' title='bbox 277 3261 407 3338; x_wconf 86' lang='lat' dir='ltr'>sequitur</span> <span class='ocrx_word' id='word_1_369' title='bbox 428 3261 481 3320; x_wconf 91' lang='lat' dir='ltr'>sub</span> <span class='ocrx_word' id='word_1_370' title='bbox 495 3259 597 3320; x_wconf 82' lang='lat' dir='ltr'>Veteri</span> <span class='ocrx_word' id='word_1_371' title='bbox 611 3259 713 3318; x_wconf 88' lang='lat' dir='ltr'>Patres</span> <span class='ocrx_word' id='word_1_372' title='bbox 734 3279 769 3318; x_wconf 87' lang='lat' dir='ltr'>ea</span> <span class='ocrx_word' id='word_1_373' title='bbox 782 3257 917 3332; x_wconf 86' lang='lat' dir='ltr'>caruisse,</span> <span class='ocrx_word' id='word_1_374' title='bbox 939 3276 998 3315; x_wconf 89' lang='lat' dir='ltr'>non</span> <span class='ocrx_word' id='word_1_375' title='bbox 1017 3257 1119 3334; x_wconf 90' lang='lat' dir='ltr'>magis,</span> <span class='ocrx_word' id='word_1_376' title='bbox 1135 3275 1221 3333; x_wconf 90' lang='lat' dir='ltr'>quam</span> <span class='ocrx_word' id='word_1_377' title='bbox 1242 3277 1280 3315; x_wconf 81' lang='lat' dir='ltr'>ex</span> <span class='ocrx_word' id='word_1_378' title='bbox 1300 3277 1334 3318; x_wconf 94' lang='lat' dir='ltr'>eo</span> 
     </span>
     <span class='ocr_line' id='line_1_37' title="bbox 124 3335 1331 3418; baseline 0.003 -24"><span class='ocrx_word' id='word_1_379' title='bbox 124 3336 206 3414; x_wconf 90' lang='lat' dir='ltr'>qnod</span> <span class='ocrx_word' id='word_1_380' title='bbox 226 3340 306 3398; x_wconf 91' lang='lat' dir='ltr'>Deus</span> <span class='ocrx_word' id='word_1_381' title='bbox 327 3340 488 3418; x_wconf 89' lang='lat' dir='ltr'>pollicetur,</span> <span class='ocrx_word' id='word_1_382' title='bbox 505 3359 536 3398; x_wconf 92' lang='lat' dir='ltr'>se</span> <span class='ocrx_word' id='word_1_383' title='bbox 558 3339 654 3399; x_wconf 90' lang='lat' dir='ltr'>Deum</span> <span class='ocrx_word' id='word_1_384' title='bbox 669 3339 798 3397; x_wconf 88' lang='lat' dir='ltr'>futurum</span> <span class='ocrx_word' id='word_1_385' title='bbox 820 3337 949 3396; x_wconf 86' lang='lat' dir='ltr'>fidelium</span> <span class='ocrx_word' id='word_1_386' title='bbox 969 3335 1023 3396; x_wconf 88' lang='lat' dir='ltr'>sub</span> <span class='ocrx_word' id='word_1_387' title='bbox 1035 3337 1120 3394; x_wconf 90' lang='lat' dir='ltr'>Novo</span> <span class='ocrx_word' id='word_1_388' title='bbox 1137 3337 1331 3415; x_wconf 85' lang='lat' dir='ltr'>Testamento,</span> 
     </span>
     <span class='ocr_line' id='line_1_38' title="bbox 126 3417 1334 3498; baseline 0.001 -22"><span class='ocrx_word' id='word_1_389' title='bbox 126 3426 225 3495; x_wconf 89' lang='lat' dir='ltr'>potest</span> <span class='ocrx_word' id='word_1_390' title='bbox 237 3419 366 3496; x_wconf 89' lang='lat' dir='ltr'>legitime</span> <span class='ocrx_word' id='word_1_391' title='bbox 385 3420 485 3498; x_wconf 88' lang='lat' dir='ltr'>colligi</span> <span class='ocrx_word' id='word_1_392' title='bbox 503 3439 561 3478; x_wconf 92' lang='lat' dir='ltr'>non</span> <span class='ocrx_word' id='word_1_393' title='bbox 575 3419 663 3478; x_wconf 86' lang='lat' dir='ltr'>fuisse</span> <span class='ocrx_word' id='word_1_394' title='bbox 679 3419 774 3477; x_wconf 91' lang='lat' dir='ltr'>Deum</span> <span class='ocrx_word' id='word_1_395' title='bbox 789 3418 928 3494; x_wconf 71' lang='lat' dir='ltr'>Petrum,</span> <span class='ocrx_word' id='word_1_396' title='bbox 950 3417 1014 3476; x_wconf 80' lang='lat' dir='ltr'>istae</span> <span class='ocrx_word' id='word_1_397' title='bbox 1028 3417 1104 3475; x_wconf 91' lang='lat' dir='ltr'>enim</span> <span class='ocrx_word' id='word_1_398' title='bbox 1128 3417 1334 3494; x_wconf 88' lang='lat' dir='ltr'>promissiones</span> 
     </span>
     <span class='ocr_line' id='line_1_39' title="bbox 126 3495 1334 3577; baseline 0.001 -22"><span class='ocrx_word' id='word_1_399' title='bbox 126 3517 188 3556; x_wconf 90' lang='lat' dir='ltr'>non</span> <span class='ocrx_word' id='word_1_400' title='bbox 202 3507 269 3558; x_wconf 89' lang='lat' dir='ltr'>sunt</span> <span class='ocrx_word' id='word_1_401' title='bbox 283 3500 414 3559; x_wconf 88' lang='lat' dir='ltr'>absolute</span> <span class='ocrx_word' id='word_1_402' title='bbox 428 3508 458 3559; x_wconf 88' lang='lat' dir='ltr'>et</span> <span class='ocrx_word' id='word_1_403' title='bbox 474 3499 642 3577; x_wconf 86' lang='lat' dir='ltr'>simpliciter</span> <span class='ocrx_word' id='word_1_404' title='bbox 655 3498 869 3576; x_wconf 72' lang='lat' dir='ltr'>intelligenda,</span> <span class='ocrx_word' id='word_1_405' title='bbox 891 3496 943 3556; x_wconf 86' lang='lat' dir='ltr'>sed</span> <span class='ocrx_word' id='word_1_406' title='bbox 957 3495 1114 3555; x_wconf 90' lang='lat' dir='ltr'>secundum</span> <span class='ocrx_word' id='word_1_407' title='bbox 1129 3497 1199 3574; x_wconf 89' lang='lat' dir='ltr'>quid</span> <span class='ocrx_word' id='word_1_408' title='bbox 1213 3506 1243 3556; x_wconf 89' lang='lat' dir='ltr'>et</span> <span class='ocrx_word' id='word_1_409' title='bbox 1256 3519 1334 3556; x_wconf 92' lang='lat' dir='ltr'>com-</span> 
     </span>
     <span class='ocr_line' id='line_1_40' title="bbox 126 3575 1336 3657; baseline 0.002 -23"><span class='ocrx_word' id='word_1_410' title='bbox 126 3585 227 3654; x_wconf 88' lang='lat' dir='ltr'>parate</span> <span class='ocrx_word' id='word_1_411' title='bbox 241 3579 351 3638; x_wconf 88' lang='lat' dir='ltr'>ratione</span> <span class='ocrx_word' id='word_1_412' title='bbox 362 3579 481 3657; x_wconf 88' lang='lat' dir='ltr'>majoris</span> <span class='ocrx_word' id='word_1_413' title='bbox 495 3579 633 3639; x_wconf 79' lang='lat' dir='ltr'>claritatis</span> <span class='ocrx_word' id='word_1_414' title='bbox 647 3587 677 3638; x_wconf 90' lang='lat' dir='ltr'>et</span> <span class='ocrx_word' id='word_1_415' title='bbox 690 3578 832 3637; x_wconf 78' lang='lat' dir='ltr'>efficacia.</span> <span class='ocrx_word' id='word_1_416' title='bbox 876 3576 988 3636; x_wconf 85' lang='lat' dir='ltr'>Deinde</span> <span class='ocrx_word' id='word_1_417' title='bbox 1003 3575 1028 3634; x_wconf 89' lang='lat' dir='ltr'>si</span> <span class='ocrx_word' id='word_1_418' title='bbox 1045 3577 1187 3654; x_wconf 89' lang='lat' dir='ltr'>oppositio</span> <span class='ocrx_word' id='word_1_419' title='bbox 1202 3577 1336 3655; x_wconf 88' lang='lat' dir='ltr'>specifica</span> 
     </span>
     <span class='ocr_line' id='line_1_41' title="bbox 125 3655 1336 3756; baseline 0.002 -41"><span class='ocrx_word' id='word_1_420' title='bbox 125 3665 256 3756; x_wconf 83' lang='lat' dir='ltr'>urgetur,</span> <span class='ocrx_word' id='word_1_421' title='bbox 265 3668 335 3718; x_wconf 91' lang='lat' dir='ltr'>tunc</span> <span class='ocrx_word' id='word_1_422' title='bbox 346 3669 492 3736; x_wconf 90' lang='lat' dir='ltr'>spectatur</span> <span class='ocrx_word' id='word_1_423' title='bbox 503 3659 621 3734; x_wconf 85' lang='lat' dir='ltr'>Foedus,</span> <span class='ocrx_word' id='word_1_424' title='bbox 632 3679 691 3717; x_wconf 91' lang='lat' dir='ltr'>non</span> <span class='ocrx_word' id='word_1_425' title='bbox 702 3658 732 3716; x_wconf 93' lang='lat' dir='ltr'>in</span> <span class='ocrx_word' id='word_1_426' title='bbox 742 3665 803 3717; x_wconf 86' lang='lat' dir='ltr'>tota</span> <span class='ocrx_word' id='word_1_427' title='bbox 814 3677 866 3717; x_wconf 90' lang='lat' dir='ltr'>sua</span> <span class='ocrx_word' id='word_1_428' title='bbox 874 3656 1040 3732; x_wconf 87' lang='lat' dir='ltr'>latitudine;</span> <span class='ocrx_word' id='word_1_429' title='bbox 1057 3655 1108 3714; x_wconf 91' lang='lat' dir='ltr'>scd</span> <span class='ocrx_word' id='word_1_430' title='bbox 1116 3665 1228 3716; x_wconf 86' lang='lat' dir='ltr'>tantum</span> <span class='ocrx_word' id='word_1_431' title='bbox 1240 3658 1336 3735; x_wconf 87' lang='lat' dir='ltr'>quoad</span> 
     </span>
     <span class='ocr_line' id='line_1_42' title="bbox 127 3735 1335 3815; baseline 0.002 -23"><span class='ocrx_word' id='word_1_432' title='bbox 127 3759 212 3813; x_wconf 71' lang='grc' dir='ltr'>σχιω</span> <span class='ocrx_word' id='word_1_433' title='bbox 226 3737 373 3815; x_wconf 88' lang='lat' dir='ltr'>Legalern,</span> <span class='ocrx_word' id='word_1_434' title='bbox 389 3749 417 3799; x_wconf 90' lang='lat' dir='ltr'>et</span> <span class='ocrx_word' id='word_1_435' title='bbox 431 3739 666 3798; x_wconf 79' lang='lat' dir='ltr'>contradictincte</span> <span class='ocrx_word' id='word_1_436' title='bbox 680 3737 718 3797; x_wconf 85' lang='lat' dir='ltr'>ad</span> <span class='ocrx_word' id='word_1_437' title='bbox 732 3735 943 3815; x_wconf 88' lang='lat' dir='ltr'>Evangelium;</span> <span class='ocrx_word' id='word_1_438' title='bbox 957 3745 991 3795; x_wconf 89' lang='lat' dir='ltr'>nt</span> <span class='ocrx_word' id='word_1_439' title='bbox 1004 3735 1172 3813; x_wconf 88' lang='lat' dir='ltr'>designetur</span> <span class='ocrx_word' id='word_1_440' title='bbox 1186 3737 1257 3815; x_wconf 89' lang='lat' dir='ltr'>quid</span> <span class='ocrx_word' id='word_1_441' title='bbox 1271 3737 1335 3797; x_wconf 84' lang='lat' dir='ltr'>Lex</span> 
     </span>
     <span class='ocr_line' id='line_1_43' title="bbox 126 3817 1103 3896; baseline -0.002 -20"><span class='ocrx_word' id='word_1_442' title='bbox 126 3817 222 3896; x_wconf 87' lang='lat' dir='ltr'>possit</span> <span class='ocrx_word' id='word_1_443' title='bbox 232 3819 280 3885; x_wconf 88' lang='lat' dir='ltr'>vel</span> <span class='ocrx_word' id='word_1_444' title='bbox 293 3837 351 3876; x_wconf 92' lang='lat' dir='ltr'>non</span> <span class='ocrx_word' id='word_1_445' title='bbox 365 3819 458 3896; x_wconf 87' lang='lat' dir='ltr'>possit</span> <span class='ocrx_word' id='word_1_446' title='bbox 470 3819 589 3896; x_wconf 86' lang='lat' dir='ltr'>praecise</span> <span class='ocrx_word' id='word_1_447' title='bbox 603 3826 632 3877; x_wconf 89' lang='lat' dir='ltr'>et</span> <span class='ocrx_word' id='word_1_448' title='bbox 646 3817 676 3876; x_wconf 89' lang='lat' dir='ltr'>in</span> <span class='ocrx_word' id='word_1_449' title='bbox 690 3837 721 3876; x_wconf 89' lang='lat' dir='ltr'>se</span> <span class='ocrx_word' id='word_1_450' title='bbox 735 3825 866 3894; x_wconf 89' lang='lat' dir='ltr'>separata</span> <span class='ocrx_word' id='word_1_451' title='bbox 880 3817 917 3875; x_wconf 87' lang='lat' dir='ltr'>ab</span> <span class='ocrx_word' id='word_1_452' title='bbox 932 3817 1103 3894; x_wconf 86' lang='lat' dir='ltr'>Evangelio.</span> 
     </span>
    </p>

    <p class='ocr_par' dir='ltr' id='par_1_5' title="bbox 128 3895 1336 4694">
     <span class='ocr_line' id='line_1_44' title="bbox 172 3895 1334 3973; baseline 0 -19"><span class='ocrx_word' id='word_1_453' title='bbox 172 3895 250 3954; x_wconf 85' lang='lat' dir='ltr'>XX.</span> <span class='ocrx_word' id='word_1_454' title='bbox 273 3898 382 3957; x_wconf 85' lang='lat' dir='ltr'>Foedus</span> <span class='ocrx_word' id='word_1_455' title='bbox 394 3898 565 3957; x_wconf 81' lang='lat' dir='ltr'>Sinaiticum</span> <span class='ocrx_word' id='word_1_456' title='bbox 575 3917 634 3956; x_wconf 90' lang='lat' dir='ltr'>non</span> <span class='ocrx_word' id='word_1_457' title='bbox 644 3897 699 3956; x_wconf 85' lang='lat' dir='ltr'>fuit</span> <span class='ocrx_word' id='word_1_458' title='bbox 708 3897 769 3956; x_wconf 89' lang='lat' dir='ltr'>sine</span> <span class='ocrx_word' id='word_1_459' title='bbox 781 3897 906 3970; x_wconf 88' lang='lat' dir='ltr'>Christo,</span> <span class='ocrx_word' id='word_1_460' title='bbox 917 3897 986 3973; x_wconf 90' lang='lat' dir='ltr'>quia</span> <span class='ocrx_word' id='word_1_461' title='bbox 1000 3899 1025 3954; x_wconf 93' lang='lat' dir='ltr'>l.</span> <span class='ocrx_word' id='word_1_462' title='bbox 1039 3897 1137 3954; x_wconf 88' lang='lat' dir='ltr'>Moses</span> <span class='ocrx_word' id='word_1_463' title='bbox 1144 3896 1181 3954; x_wconf 93' lang='lat' dir='ltr'>de</span> <span class='ocrx_word' id='word_1_464' title='bbox 1195 3916 1230 3954; x_wconf 89' lang='lat' dir='ltr'>eo</span> <span class='ocrx_word' id='word_1_465' title='bbox 1245 3903 1334 3954; x_wconf 89' lang='lat' dir='ltr'>teste·</span> 
     </span>
     <span class='ocr_line' id='line_1_45' title="bbox 128 3975 1332 4053; baseline -0.004 -15"><span class='ocrx_word' id='word_1_466' title='bbox 128 3988 178 4038; x_wconf 88' lang='lat' dir='ltr'>tus</span> <span class='ocrx_word' id='word_1_467' title='bbox 200 3985 254 4052; x_wconf 90' lang='lat' dir='ltr'>est,</span> <span class='ocrx_word' id='word_1_468' title='bbox 270 3977 341 4036; x_wconf 87' lang='lat' dir='ltr'>Joh.</span> <span class='ocrx_word' id='word_1_469' title='bbox 355 3998 385 4036; x_wconf 89' lang='lat' dir='ltr'>v.</span> <span class='ocrx_word' id='word_1_470' title='bbox 400 3981 448 4053; x_wconf 81' lang='lat'>45,</span> <span class='ocrx_word' id='word_1_471' title='bbox 465 3981 513 4053; x_wconf 83' lang='lat'>46,</span> <span class='ocrx_word' id='word_1_472' title='bbox 535 3978 606 4036; x_wconf 92' lang='lat' dir='ltr'>Luc.</span> <span class='ocrx_word' id='word_1_473' title='bbox 620 3977 703 4034; x_wconf 85' lang='lat' dir='ltr'>xxiv.</span> <span class='ocrx_word' id='word_1_474' title='bbox 718 3981 767 4051; x_wconf 91' lang='lat'>44,</span> <span class='ocrx_word' id='word_1_475' title='bbox 783 3975 851 4035; x_wconf 87' lang='lat' dir='ltr'>Act.</span> <span class='ocrx_word' id='word_1_476' title='bbox 867 3976 907 4034; x_wconf 89' lang='lat' dir='ltr'>iii.</span> <span class='ocrx_word' id='word_1_477' title='bbox 933 3979 980 4050; x_wconf 85' lang='grc'>22,</span> <span class='ocrx_word' id='word_1_478' title='bbox 1001 3979 1049 4050; x_wconf 88' lang='grc'>23,</span> <span class='ocrx_word' id='word_1_479' title='bbox 1066 3985 1095 4033; x_wconf 90' lang='lat' dir='ltr'>et</span> <span class='ocrx_word' id='word_1_480' title='bbox 1108 3975 1190 4032; x_wconf 84' lang='lat' dir='ltr'>xxvi.</span> <span class='ocrx_word' id='word_1_481' title='bbox 1207 3979 1254 4050; x_wconf 90' lang='grc'>22,</span> <span class='ocrx_word' id='word_1_482' title='bbox 1273 3978 1311 4033; x_wconf 89' lang='grc'>23</span> <span class='ocrx_word' id='word_1_483' title='bbox 1325 3997 1332 4049; x_wconf 89' lang='grc'>;</span> 
     </span>
     <span class='ocr_line' id='line_1_46' title="bbox 128 4052 1334 4135; baseline -0.005 -18"><span class='ocrx_word' id='word_1_484' title='bbox 128 4063 159 4117; x_wconf 89' lang='grc'>2.</span> <span class='ocrx_word' id='word_1_485' title='bbox 176 4056 346 4116; x_wconf 88' lang='lat' dir='ltr'>Continetur</span> <span class='ocrx_word' id='word_1_486' title='bbox 360 4057 497 4135; x_wconf 85' lang='lat' dir='ltr'>implicite</span> <span class='ocrx_word' id='word_1_487' title='bbox 519 4058 574 4116; x_wconf 90' lang='lat' dir='ltr'>sub</span> <span class='ocrx_word' id='word_1_488' title='bbox 590 4057 779 4134; x_wconf 88' lang='lat' dir='ltr'>promissione</span> <span class='ocrx_word' id='word_1_489' title='bbox 798 4055 912 4132; x_wconf 91' lang='lat' dir='ltr'>peculii,</span> <span class='ocrx_word' id='word_1_490' title='bbox 930 4054 1037 4132; x_wconf 86' lang='lat' dir='ltr'>regalis</span> <span class='ocrx_word' id='word_1_491' title='bbox 1053 4052 1220 4127; x_wconf 73' lang='lat' dir='ltr'>sacerdotii,</span> <span class='ocrx_word' id='word_1_492' title='bbox 1233 4061 1262 4111; x_wconf 91' lang='lat' dir='ltr'>et</span> <span class='ocrx_word' id='word_1_493' title='bbox 1282 4073 1334 4111; x_wconf 89' lang='lat' dir='ltr'>na·</span> 
     </span>
     <span class='ocr_line' id='line_1_47' title="bbox 128 4131 1334 4212; baseline -0.005 -15"><span class='ocrx_word' id='word_1_494' title='bbox 128 4137 217 4198; x_wconf 89' lang='lat' dir='ltr'>tionis</span> <span class='ocrx_word' id='word_1_495' title='bbox 228 4145 344 4212; x_wconf 85' lang='lat' dir='ltr'>sauctae,</span> <span class='ocrx_word' id='word_1_496' title='bbox 358 4137 453 4195; x_wconf 85' lang='lat' dir='ltr'>Exod.</span> <span class='ocrx_word' id='word_1_497' title='bbox 463 4137 525 4196; x_wconf 81' lang='lat' dir='ltr'>xix.</span> <span class='ocrx_word' id='word_1_498' title='bbox 538 4140 565 4212; x_wconf 79' lang='lat'>5,</span> <span class='ocrx_word' id='word_1_499' title='bbox 581 4141 609 4212; x_wconf 89' lang='grc'>6,</span> <span class='ocrx_word' id='word_1_500' title='bbox 625 4136 720 4195; x_wconf 84' lang='lat' dir='ltr'>collat.</span> <span class='ocrx_word' id='word_1_501' title='bbox 730 4155 796 4194; x_wconf 90' lang='lat' dir='ltr'>cum</span> <span class='ocrx_word' id='word_1_502' title='bbox 813 4139 827 4193; x_wconf 96' lang='grc'>1</span> <span class='ocrx_word' id='word_1_503' title='bbox 842 4135 904 4194; x_wconf 90' lang='lat' dir='ltr'>Pet.</span> <span class='ocrx_word' id='word_1_504' title='bbox 919 4135 948 4192; x_wconf 90' lang='lat' dir='ltr'>ii.</span> <span class='ocrx_word' id='word_1_505' title='bbox 961 4137 988 4208; x_wconf 87' lang='grc'>9,</span> <span class='ocrx_word' id='word_1_506' title='bbox 1007 4135 1052 4206; x_wconf 87' lang='grc'>10,</span> <span class='ocrx_word' id='word_1_507' title='bbox 1064 4132 1132 4207; x_wconf 92' lang='lat' dir='ltr'>quia</span> <span class='ocrx_word' id='word_1_508' title='bbox 1146 4131 1208 4190; x_wconf 89' lang='lat' dir='ltr'>sine</span> <span class='ocrx_word' id='word_1_509' title='bbox 1220 4132 1334 4192; x_wconf 89' lang='lat' dir='ltr'>Christo</span> 
     </span>
     <span class='ocr_line' id='line_1_48' title="bbox 128 4211 1333 4296; baseline -0.004 -21"><span class='ocrx_word' id='word_1_510' title='bbox 128 4225 296 4296; x_wconf 86' lang='lat' dir='ltr'>peccatores</span> <span class='ocrx_word' id='word_1_511' title='bbox 305 4236 364 4276; x_wconf 90' lang='lat' dir='ltr'>non</span> <span class='ocrx_word' id='word_1_512' title='bbox 374 4225 497 4294; x_wconf 89' lang='lat' dir='ltr'>possunt</span> <span class='ocrx_word' id='word_1_513' title='bbox 507 4217 563 4275; x_wconf 87' lang='lat' dir='ltr'>ista</span> <span class='ocrx_word' id='word_1_514' title='bbox 573 4216 726 4293; x_wconf 90' lang='lat' dir='ltr'>privilegia</span> <span class='ocrx_word' id='word_1_515' title='bbox 737 4215 874 4288; x_wconf 91' lang='lat' dir='ltr'>obtinere,</span> <span class='ocrx_word' id='word_1_516' title='bbox 887 4223 919 4273; x_wconf 93' lang='lat' dir='ltr'>ut</span> <span class='ocrx_word' id='word_1_517' title='bbox 930 4221 1014 4272; x_wconf 89' lang='lat' dir='ltr'>antea</span> <span class='ocrx_word' id='word_1_518' title='bbox 1023 4211 1131 4269; x_wconf 85' lang='lat' dir='ltr'>dictum</span> <span class='ocrx_word' id='word_1_519' title='bbox 1144 4234 1151 4284; x_wconf 81' lang='lat'>3</span> <span class='ocrx_word' id='word_1_520' title='bbox 1167 4214 1195 4269; x_wconf 88' lang='lat'>3.</span> <span class='ocrx_word' id='word_1_521' title='bbox 1208 4212 1244 4269; x_wconf 89' lang='lat' dir='ltr'>In</span> <span class='ocrx_word' id='word_1_522' title='bbox 1256 4211 1333 4270; x_wconf 87' lang='lat' dir='ltr'>Prae·</span> 
     </span>
     <span class='ocr_line' id='line_1_49' title="bbox 128 4289 1334 4374; baseline -0.005 -19"><span class='ocrx_word' id='word_1_523' title='bbox 128 4297 237 4356; x_wconf 81' lang='lat' dir='ltr'>satione</span> <span class='ocrx_word' id='word_1_524' title='bbox 259 4297 409 4374; x_wconf 86' lang='lat' dir='ltr'>Deculogi,</span> <span class='ocrx_word' id='word_1_525' title='bbox 424 4297 475 4355; x_wconf 91' lang='lat' dir='ltr'>ubi</span> <span class='ocrx_word' id='word_1_526' title='bbox 498 4297 579 4355; x_wconf 90' lang='lat' dir='ltr'>Deus</span> <span class='ocrx_word' id='word_1_527' title='bbox 621 4295 776 4372; x_wconf 87' lang='lat' dir='ltr'>reponitur,</span> <span class='ocrx_word' id='word_1_528' title='bbox 791 4303 824 4353; x_wconf 93' lang='lat' dir='ltr'>ut</span> <span class='ocrx_word' id='word_1_529' title='bbox 847 4295 928 4352; x_wconf 89' lang='lat' dir='ltr'>Deus</span> <span class='ocrx_word' id='word_1_530' title='bbox 940 4291 1050 4370; x_wconf 90' lang='lat' dir='ltr'>populi,</span> <span class='ocrx_word' id='word_1_531' title='bbox 1073 4298 1102 4349; x_wconf 93' lang='lat' dir='ltr'>et</span> <span class='ocrx_word' id='word_1_532' title='bbox 1125 4289 1276 4349; x_wconf 86' lang='lat' dir='ltr'>Liberator</span> <span class='ocrx_word' id='word_1_533' title='bbox 1297 4311 1334 4350; x_wconf 87' lang='lat' dir='ltr'>ex</span> 
     </span>
     <span class='ocr_line' id='line_1_50' title="bbox 130 4315 1335 4453; baseline -0.004 -18"><span class='ocrx_word' id='word_1_534' title='bbox 130 4377 275 4453; x_wconf 84' lang='lat' dir='ltr'>AEgypto,</span> <span class='ocrx_word' id='word_1_535' title='bbox 291 4376 370 4453; x_wconf 90' lang='lat' dir='ltr'>quod</span> <span class='ocrx_word' id='word_1_536' title='bbox 384 4375 499 4434; x_wconf 90' lang='lat' dir='ltr'>nonnisi</span> <span class='ocrx_word' id='word_1_537' title='bbox 512 4395 564 4452; x_wconf 90' lang='lat' dir='ltr'>per</span> <span class='ocrx_word' id='word_1_538' title='bbox 579 4315 723 4434; x_wconf 68' lang='lat' dir='ltr'>olriacum</span> <span class='ocrx_word' id='word_1_539' title='bbox 737 4373 801 4432; x_wconf 88' lang='lat' dir='ltr'>fieri</span> <span class='ocrx_word' id='word_1_540' title='bbox 814 4373 926 4451; x_wconf 89' lang='lat' dir='ltr'>potuit;</span> <span class='ocrx_word' id='word_1_541' title='bbox 956 4376 984 4430; x_wconf 89' lang='lat'>4.</span> <span class='ocrx_word' id='word_1_542' title='bbox 1007 4371 1043 4428; x_wconf 91' lang='lat' dir='ltr'>In</span> <span class='ocrx_word' id='word_1_543' title='bbox 1057 4369 1203 4430; x_wconf 86' lang='lat' dir='ltr'>sanctione</span> <span class='ocrx_word' id='word_1_544' title='bbox 1218 4369 1335 4430; x_wconf 85' lang='lat' dir='ltr'>foederis</span> 
     </span>
     <span class='ocr_line' id='line_1_51' title="bbox 128 4449 1336 4534; baseline -0.003 -20"><span class='ocrx_word' id='word_1_545' title='bbox 128 4475 181 4534; x_wconf 89' lang='lat' dir='ltr'>per</span> <span class='ocrx_word' id='word_1_546' title='bbox 195 4456 367 4532; x_wconf 85' lang='lat' dir='ltr'>sanguinem</span> <span class='ocrx_word' id='word_1_547' title='bbox 379 4456 568 4530; x_wconf 88' lang='lat' dir='ltr'>victimarum,</span> <span class='ocrx_word' id='word_1_548' title='bbox 592 4454 762 4530; x_wconf 86' lang='lat' dir='ltr'>sauguinem</span> <span class='ocrx_word' id='word_1_549' title='bbox 777 4453 884 4513; x_wconf 88' lang='lat' dir='ltr'>Christi</span> <span class='ocrx_word' id='word_1_550' title='bbox 908 4449 1124 4512; x_wconf 86' lang='lat' dir='ltr'>adumbrantem</span> <span class='ocrx_word' id='word_1_551' title='bbox 1137 4470 1144 4522; x_wconf 82' lang='lat'><em>3</em></span> <span class='ocrx_word' id='word_1_552' title='bbox 1158 4451 1185 4506; x_wconf 82' lang='grc'>5.</span> <span class='ocrx_word' id='word_1_553' title='bbox 1208 4450 1243 4507; x_wconf 94' lang='lat' dir='ltr'>In</span> <span class='ocrx_word' id='word_1_554' title='bbox 1256 4451 1336 4527; x_wconf 88' lang='lat' dir='ltr'>typis</span> 
     </span>
     <span class='ocr_line' id='line_1_52' title="bbox 129 4526 1335 4612; baseline -0.005 -18"><span class='ocrx_word' id='word_1_555' title='bbox 129 4546 160 4596; x_wconf 89' lang='lat' dir='ltr'>et</span> <span class='ocrx_word' id='word_1_556' title='bbox 180 4535 293 4595; x_wconf 88' lang='lat' dir='ltr'>umbris</span> <span class='ocrx_word' id='word_1_557' title='bbox 318 4535 483 4612; x_wconf 84' lang='lat' dir='ltr'>Legolibus,</span> <span class='ocrx_word' id='word_1_558' title='bbox 504 4555 570 4612; x_wconf 77' lang='lat' dir='ltr'>quse</span> <span class='ocrx_word' id='word_1_559' title='bbox 588 4553 646 4592; x_wconf 90' lang='lat' dir='ltr'>non</span> <span class='ocrx_word' id='word_1_560' title='bbox 668 4533 726 4592; x_wconf 88' lang='lat' dir='ltr'>alio</span> <span class='ocrx_word' id='word_1_561' title='bbox 744 4533 895 4610; x_wconf 84' lang='lat' dir='ltr'>praecipue,</span> <span class='ocrx_word' id='word_1_562' title='bbox 919 4551 1006 4609; x_wconf 89' lang='lat' dir='ltr'>quam</span> <span class='ocrx_word' id='word_1_563' title='bbox 1028 4529 1066 4588; x_wconf 92' lang='lat' dir='ltr'>ad</span> <span class='ocrx_word' id='word_1_564' title='bbox 1094 4526 1239 4588; x_wconf 89' lang='lat' dir='ltr'>Christum</span> <span class='ocrx_word' id='word_1_565' title='bbox 1267 4530 1335 4588; x_wconf 89' lang='lat' dir='ltr'>diri·</span> 
     </span>
     <span class='ocr_line' id='line_1_53' title="bbox 130 4605 1334 4694; baseline -0.005 -19"><span class='ocrx_word' id='word_1_566' title='bbox 130 4616 294 4694; x_wconf 78' lang='lat' dir='ltr'>gebantur3</span> <span class='ocrx_word' id='word_1_567' title='bbox 317 4617 346 4673; x_wconf 87' lang='grc'>6.</span> <span class='ocrx_word' id='word_1_568' title='bbox 362 4614 436 4689; x_wconf 84' lang='lat' dir='ltr'>Quia</span> <span class='ocrx_word' id='word_1_569' title='bbox 457 4634 561 4692; x_wconf 89' lang='lat' dir='ltr'>scopus</span> <span class='ocrx_word' id='word_1_570' title='bbox 582 4614 744 4691; x_wconf 84' lang='lat' dir='ltr'>praecipuus</span> <span class='ocrx_word' id='word_1_571' title='bbox 765 4623 794 4670; x_wconf 91' lang='lat' dir='ltr'>et</span> <span class='ocrx_word' id='word_1_572' title='bbox 818 4611 914 4669; x_wconf 89' lang='lat' dir='ltr'>anima</span> <span class='ocrx_word' id='word_1_573' title='bbox 936 4611 1023 4686; x_wconf 91' lang='lat' dir='ltr'>Legis</span> <span class='ocrx_word' id='word_1_574' title='bbox 1045 4605 1254 4686; x_wconf 72' lang='lat' dir='ltr'>terechristus,</span> <span class='ocrx_word' id='word_1_575' title='bbox 1273 4610 1334 4669; x_wconf 88' lang='lat' dir='ltr'>sine</span> 
     </span>
    </p>
   </div>
   <div class='ocr_carea' id='block_1_3' title="bbox 136 2283 356 2392">
    <p class='ocr_par' dir='ltr' id='par_1_6' title="bbox 136 2283 356 2392">
     <span class='ocr_line' id='line_1_54' title="bbox 136 2283 356 2334; baseline 0.023 -5"><span class='ocrx_word' id='word_1_576' title='bbox 136 2283 228 2332; x_wconf 80' lang='lat' dir='ltr'>Fontes</span> <span class='ocrx_word' id='word_1_577' title='bbox 253 2288 356 2334; x_wconf 78' lang='lat' dir='ltr'>Solutio·</span> 
     </span>
     <span class='ocr_line' id='line_1_55' title="bbox 217 2359 283 2392; baseline 0.03 -2"><span class='ocrx_word' id='word_1_578' title='bbox 217 2359 283 2392; x_wconf 84' lang='lat' dir='ltr'>nom.</span> 
     </span>
    </p>
   </div>
   <div class='ocr_carea' id='block_1_4' title="bbox 0 0 1594 5206">
    <p class='ocr_par' dir='ltr' id='par_1_7' title="bbox 0 0 1594 5206">
     <span class='ocr_line' id='line_1_56' title="bbox 0 0 1594 5206; baseline 0 0"><span class='ocrx_word' id='word_1_579' title='bbox 0 0 1594 5206; x_wconf 95' lang='lat' dir='ltr'> </span> 
     </span>
    </p>
   </div>
  </div>
 </body>
</html>
