3152 5198
121 409 236 457 111111.
253 385 297 467 1.]
571 404 610 443 ms
639 404 892 446 susrrsrcsrross.
1271 391 1331 448 603

169 591 174 602 ,
360 610 370 621 1
433 545 474 604 II.
501 546 600 604 Ueritas
610 555 707 622 potest
720 547 843 623 spectari
857 546 997 622 bifariam,
1013 546 1061 604 vel
1071 546 1160 606 relate
1176 547 1213 605 ed
1231 547 1333 608 fideles

125 589 216 692 mildi
233 601 370 691 iiiiii}
391 625 465 684 inter
479 645 518 700 se,
534 625 582 684 vel
596 627 727 685 absolute
739 635 872 703 respectu
882 627 968 701 illius,
981 627 1031 704 qui
1041 626 1225 704 justificatur.
1270 628 1331 686 Pri-

156 708 232 752 tionis
256 708 322 750 mear
341 703 370 748 fi·
390 706 432 764 ori
446 725 532 764 seusu
557 705 662 764 dicitur
675 727 739 766 esse
758 708 823 765 Una
836 708 932 783 specie,
949 727 1000 766 seu
1019 708 1136 783 <equalis
1160 709 1189 765 in
1207 710 1333 766 omnibus

157 765 231 810 ΜΗ·
389 785 523 844 fidelibus
534 786 662 846 omnium
676 795 837 864 temporum
852 797 881 845 et
895 787 1031 861 locorum,
1048 788 1122 861 Quia
1137 787 1218 846 Deus
1233 807 1332 848 omnes

127 865 285 926 Credentes
294 863 395 924 eodem
407 865 493 923 modo
508 866 657 943 justificat,
670 866 806 926 videlicet
816 867 909 944 gratia
924 887 984 941 sue,
1003 881 1031 925 et
1042 869 1144 926 merito
1160 867 1267 926 Christi
1281 888 1333 945 per

127 947 225 1005 fidem.
270 945 380 1004 “Deus
394 965 470 1004 unus
499 947 573 1020 est‚”
595 945 690 1024 inquit
713 945 882 1024 Apostolus,
899 947 984 1006 Rom.
999 946 1040 1006 iii.
1066 949 1113 1022 30,
1137 948 1214 1024 “qui
1226 948 1335 1024 justifi-

126 1038 176 1085 cat
197 1025 443 1084 circumcisionem
466 1045 503 1084 ex
523 1025 589 1098 fide,
614 1035 643 1084 ct
665 1027 837 1104 praeputium
859 1047 911 1104 per
924 1027 1040 1101 fidem,’'
1064 1027 1093 1084 id
1116 1035 1167 1102 est,
1197 1028 1247 1105 qui
1271 1037 1331 1086 tam

125 1105 249 1166 Judaeos
263 1125 349 1181 quam
366 1106 476 1164 Gentes
493 1105 636 1181 justificat
659 1106 725 1165 fide.
768 1109 840 1166 Cum
866 1107 942 1165 enim
964 1127 1064 1166 omnes
1084 1115 1203 1184 peccato
1219 1116 1329 1166 111111-

125 1185 303 1244 demnationi
326 1185 384 1244 sint
412 1185 540 1261 obnoxii,
570 1206 629 1244 ver.
654 1189 700 1258 19,
723 1194 753 1245 ct
777 1187 971 1246 destituantur
992 1188 1085 1262 gloria
1108 1188 1173 1261 Dei,
1196 1207 1258 1246 ver.
1282 1192 1329 1263 23,

125 1267 208 1325 nulla
232 1265 289 1323 alia
308 1266 435 1342 suppetit
459 1266 533 1325 ratio
556 1266 773 1342 justificationis
797 1287 885 1344 quam
909 1286 960 1344 per
981 1267 1077 1342 fidem,
1100 1276 1132 1326 ut
1147 1267 1209 1327 fuse
1223 1267 1331 1327 ibidem

125 1346 229 1423 probat
244 1345 412 1422 Apostolus,
429 1353 457 1404 et
471 1347 612 1422 exemplis
628 1347 788 1405 Abrahami
799 1355 828 1405 et
839 1346 962 1404 Davidis
974 1347 1131 1420 confirmat,
1146 1348 1230 1406 Rom.
1243 1348 1333 1422 11·.,111

126 1435 156 1484 11
171 1427 298 1484 omnium
315 1425 486 1484 Sanctorum
503 1426 620 1485 Veteris
634 1427 820 1500 Testamenti,
843 1427 893 1503 qui
913 1435 1172 1485 commemorantur
1187 1427 1264 1486 Heb.
1280 1429 1330 1501 xi,

125 1505 176 1582 qui
204 1527 256 1582 per
276 1504 363 1563 fidem
378 1505 513 1564 dicuntur
532 1507 675 1583 placuisse
691 1506 764 1580 Deo,
780 1527 840 1565 ver.
857 1508 884 1581 6,
910 1515 940 1566 11
953 1506 1113 1565 obtinuisse
1135 1508 1331 1566 testimonium

122 1585 254 1663 justitiae,
270 1605 330 1644 ver.
345 1589 373 1657 4,
389 1595 418 1644 11
432 1587 499 1662 ejus
510 1607 576 1663 quae
600 1606 637 1645 ex
660 1585 718 1645 fide
740 1596 784 1645 est
803 1587 926 1663 justitiae
950 1585 1042 1645 iactos
1066 1585 1155 1645 luisse
1190 1587 1329 1662 baeredes,

125 1686 185 1725 ver.
200 1669 227 1723 7.
270 1665 331 1724 Nec
345 1666 393 1724 vel
407 1666 437 1723 in
450 1666 550 1724 Veteri
564 1667 612 1724 vel
626 1667 656 1725 in
671 1666 756 1724 Novo
771 1666 849 1726 Test.
878 1674 973 1744 potest
987 1665 1047 1724 deri
1062 1667 1154 1726 ullum
1166 1668 1331 1744 exemplum

129 1745 269 1804 dissimile
293 1745 419 1804 hominis
449 1746 533 1804 aliter
559 1746 722 1819 justificati.
779 1747 865 1806 Unde
891 1747 994 1806 Petrus
1025 1746 1104 1821 dicit,
1135 1746 1203 1806 Act.
1226 1768 1255 1805 x.
1281 1751 1329 1823 43,

128 1825 272 1884 “Christo
293 1825 490 1885 testimonium
519 1826 587 1884 dare
609 1846 708 1884 omnes
731 1825 900 1902 Prophetes,
923 1827 1121 1885 remissionem
1146 1836 1330 1904 peccatorum

126 1916 310 1983 accepturum
324 1925 375 1983 per
390 1906 502 1964 Nomen
517 1905 589 1980 ejus,
605 1907 738 1982 quemvis
753 1908 803 1983 qui
827 1906 982 1965 crediderit
1002 1909 1032 1964 in
1046 1907 1169 1984 ipsum.''
1214 1907 1253 1966 Et
1267 1927 1330 1985 cap.

126 2006 176 2044 xv.
194 1989 239 2060 ll,
255 2005 306 2062 per
332 1985 456 2062 gratiam
481 1986 587 2045 Christi
602 1987 711 2044 servari
735 1997 881 2063 utrosque.
933 1986 1007 2060 Quia
1030 1987 1162 2045 Christus
1186 1987 1263 2045 idem
1287 1997 1332 2048 est

126 2066 197 2139 heri,
209 2065 304 2141 hodie,
320 2076 349 2124 et
363 2066 393 2123 in
408 2068 513 2138 secula,
530 2066 607 2124 ch.
633 2067 696 2124 xiii.-
711 2068 739 2125 8.
783 2067 840 2124 Via
854 2074 906 2139 est,
928 2066 1045 2124 Veritas
1059 2076 1089 2126 et
1109 2067 1188 2142 vita
1204 2075 1233 2126 et
1246 2087 1331 2126 nemo

126 2145 164 2203 ad
179 2146 293 2204 Patrem
308 2146 406 2204 venire
421 2153 517 2222 potest
531 2145 586 2207 nisi
607 2166 658 2222 per
672 2147 775 2223 ipsum,
791 2147 861 2205 Joh.
876 2147 937 2204 xiv.
953 2150 980 2205 6.

168 2225 228 2284 111.
264 2225 334 2299 Quae
363 2245 380 2283 a
409 2226 570 2284 Socinianis
598 2226 646 2284 hic
670 2235 855 2303 opponuntur
882 2235 982 2284 contra
1018 2225 1206 2286 Identitatem
1236 2227 1332 2286 Justi-

126 2305 248 2364 cationis
270 2305 400 2362 fidelium
414 2306 453 2364 V.
475 2315 504 2365 et
523 2305 560 2364 N.
589 2305 623 2364 Τ.
646 2304 713 2364 vide
725 2305 856 2365 discusse
867 2306 945 2365 Loco
958 2305 1036 2364 XII.
1047 2307 1081 2381 Q.
1097 2307 1135 2366 V.
1152 2307 1197 2366 De
1213 2307 1332 2366 Unitate

128 2384 259 2442 Foederis
274 2385 392 2443 Gratiae.

168 2465 223 2522 IV.
247 2463 329 2522 Licet
352 2485 422 2523 vero
444 2465 521 2524 idem
543 2465 715 2524 heneficium
739 2465 836 2542 quoad
857 2465 1049 2524 substantiam
1077 2485 1228 2526 commune
1248 2465 1335 2526 luerit

127 2543 262 2602 fidelibus
276 2543 343 2602 Vet.
365 2544 444 2604 Test.
473 2546 641 2604 conminus
669 2566 703 2604 ac
732 2545 818 2620 Novi,
847 2555 879 2605 ut
903 2565 1001 2604 veram
1027 2555 1208 2622 peccatorum
1234 2548 1333 2606 remis·

128 2623 237 2682 sionem
261 2623 291 2682 in
312 2625 426 2684 Christo
449 2633 478 2684 et
502 2635 619 2703 propter
646 2625 740 2702 ipsum
769 2626 932 2698 habuerint,
965 2625 1120 2684 discrimen
1155 2636 1251 2684 tamen
1279 2627 1334 2684 luit

126 2704 279 2780 multiplex
300 2704 396 2780 quoad
424 2705 545 2782 gradum
574 2715 603 2764 et
628 2725 752 2779 sensum,
782 2715 925 2781 quatenus
946 2705 1033 2780 longe
1054 2706 1160 2763 clarius
1181 2705 1333 2780 revelatur,

126 2793 155 2843 et
169 2785 282 2862 plenius
297 2805 330 2842 ac
345 2785 489 2844 efficacius
500 2806 517 2844 a
530 2785 615 2843 nobis
625 2786 687 2862 jam
702 2785 843 2861 sentitur;
868 2785 908 2844 Ut
923 2785 1074 2860 probatum
1089 2784 1143 2844 fuit
1164 2785 1280 2859 ibidem,
1306 2794 1336 2844 ct

155 2886 181 2924 u.
199 2865 276 2922 XII.

127 2865 215 3030 Sum,
242 2985 368 3028 numerica
430 2943 470 3002 V.
495 2943 637 3037 Secundo,
667 2944 778 3002 Eadem
801 2944 980 3036 Justificatio
1004 2953 1049 3002 est
1077 2944 1143 3001 Una
1162 2964 1278 3036 mamere
1306 2946 1336 3038 {a

155 3041 368 3160 1111111111
388 3024 635 3164 11111111
647 3023 1336 3181 1ῖὲ11111111111111111ῑῖᾑῖ

127 3187 213 3264 gitur,
230 3196 259 3246 et
270 3185 398 3246 credenti
420 3185 547 3243 omnium
559 3193 742 3261 peccatorum
752 3185 950 3242 remissionem
962 3183 1052 3241 affert.
1087 3183 1172 3242 L'nde
1186 3203 1335 3260 perperam

127 3267 281 3341 Pontificii,
301 3286 338 3325 ex
353 3265 426 3323 falsa
440 3265 594 3342 hypothesi
610 3263 645 3322 de
664 3265 871 3340 justificatione
886 3264 1007 3341 physica
1023 3283 1074 3340 per
1088 3263 1258 3322 infusionem
1271 3265 1336 3339 jus-

126 3349 207 3418 titiae,
223 3347 368 3423 geminam
397 3353 535 3419 statuunt,
558 3346 689 3421 primam,
715 3363 773 3420 qua
800 3345 887 3402 homo
909 3363 946 3402 cx
974 3344 1083 3417 injusto
1107 3343 1140 3402 fit
1165 3345 1262 3420 justus
1287 3365 1338 3422 per

122 3427 245 3504 justitiae
259 3425 441 3499 infusionem,
458 3425 622 3496 secundam,
636 3443 694 3500 qua
708 3443 744 3480 ex
756 3425 838 3500 justo
852 3426 886 3484 fit
904 3425 1011 3500 justior
1031 3443 1082 3500 per
1098 3425 1220 3500 justitiae
1245 3425 1337 3484 incre-

126 3515 275 3581 mentum;
308 3506 377 3582 quie
402 3523 503 3563 everso
527 3505 616 3562 semel
640 3505 696 3561 hoc
718 3503 915 3576 fundamento,
942 3513 974 3562 ut
988 3503 1095 3562 sactum
1111 3523 1206 3580 supra,
1230 3505 1338 3564 corruit

125 3586 264 3664 quicquid
289 3586 333 3643 illi
348 3585 562 3661 superstruitur.
606 3584 667 3642 Nec
682 3583 771 3642 errori
791 3583 870 3642 lavet
884 3584 966 3642 locus
981 3583 1074 3662 Apoc.
1090 3585 1163 3643 xxii.
1189 3588 1235 3660 11,
1269 3586 1338 3662 quie

127 3677 160 3726 ut
174 3667 284 3725 dictum
299 3674 393 3740 antea,
409 3684 466 3722 nou
481 3664 578 3741 agitur
592 3663 628 3722 de
642 3663 785 3722 infusione
802 3664 935 3740 justitias,
962 3664 1013 3722 sed
1035 3663 1130 3724 valde
1145 3664 1337 3724 declaratione

127 3753 155 3805 et
167 3767 253 3804 sensu
264 3745 482 3822 justificationis
493 3743 580 3803 semel
603 3743 718 3817 babitae,
736 3742 786 3819 qui
808 3742 931 3802 hebetur
945 3764 996 3820 per
1015 3744 1182 3802 exercitium
1204 3745 1336 3820 justitia,

126 3825 174 3883 vel
189 3825 225 3882 de
247 3827 311 3900 ejus
325 3824 517 3902 applicatione
529 3823 648 3900 speciali
661 3823 698 3880 ad
712 3831 831 3899 peccata
840 3823 1019 3899 quotidiana

166 3904 222 3962 VI.
246 3903 403 3962 Distinctio
414 3904 633 3980 justificationis
653 3903 757 3961 activae
771 3912 801 3961 et
810 3903 934 3978 passivae
949 3911 1031 3960 notat
1045 3901 1162 3978 quidem
1184 3901 1335 3960 veritatem

125 3985 319 4043 terminorum
331 4003 348 4040 a
362 4003 419 4059 quo
434 3993 464 4044 et
478 3983 515 4041 ad
530 4003 625 4059 quem,
641 3983 777 4042 nimirum
793 3983 849 4040 Dei
864 3982 914 4058 qui
925 3980 1077 4057 justificat,
1093 3990 1123 4038 ct
1143 3981 1271 4039 hominis
1285 3983 1336 4057 qui

122 4063 309 4142 justificetur,
326 4063 449 4121 sednon
463 4071 557 4122 mutat
567 4063 689 4140 gradum
704 4071 754 4122 aut
769 4061 903 4140 speciem.
946 4059 1059 4118 Eadem
1079 4059 1157 4118 enim
1182 4063 1335 4137 sententia,

125 4163 183 4221 qua
200 4143 280 4200 Deus
294 4161 347 4201 nos
364 4142 514 4218 justificat,
541 4142 609 4200 dum
631 4163 694 4200 eam
709 4142 824 4200 intimet
844 4141 874 4198 in
899 4139 1084 4213 conscientie,
1106 4139 1223 4216 passive
1249 4141 1334 4199 etiam

122 4223 324 4302 justificamur,
341 4242 430 4298 quum
444 4242 461 4279 a
475 4222 559 4280 nobis
580 4221 716 4299 recipitur
730 4242 781 4298 per
795 4221 890 4280 fidem.

165 4303 238 4362 VII.
261 4301 354 4360 Aliud
367 4309 412 4360 cst
426 4301 650 4361 Justificationis
665 4301 845 4377 beneficium,
862 4309 890 4360 et
908 4300 965 4360 Jus
993 4299 1031 4357 ad
1049 4299 1142 4372 illam;
1165 4297 1256 4356 Aliud
1272 4299 1336 4372 ejus

122 4403 217 4442 sensus
231 4390 261 4440 11
270 4381 406 4458 cognitio.
430 4381 514 4439 illius
529 4401 582 4439 nec
592 4381 678 4440 datur
692 4381 837 4440 intercisio
853 4401 905 4440 nec
919 4379 1076 4454 renovatio,
1094 4379 1162 4456 quia
1173 4389 1216 4436 est
1228 4378 1335 4437 donum

124 4470 310 4531 spaaeaptanw.
353 4461 443 4520 Istius
457 4481 526 4518 vero
545 4461 630 4519 detur
647 4461 817 4538 interruptio
842 4469 873 4522 11
889 4460 1067 4534 instauratio,
1082 4479 1134 4536 pro
1148 4458 1237 4516 variis
1252 4479 1333 4518 senc·

125 4540 288 4600 tificationis
304 4541 489 4600 incrementis
507 4549 557 4599 aut
575 4541 775 4600 decrementis.
814 4539 953 4613 Quamvis
972 4560 1042 4598 vero
1056 4559 1156 4598 sensus
1174 4539 1229 4596 iste
1244 4539 1337 4615 possit

122 4622 150 4679 in
170 4621 308 4697 gravibus
326 4621 452 4700 pcccatis
470 4620 610 4698 intercipi,
631 4629 660 4680 et
674 4619 763 4679 variis
777 4640 811 4678 sc
826 4619 936 4678 iteratis
949 4620 1062 4679 actibus
1076 4626 1267 4696 recuperetur,
1284 4619 1333 4678 be·

122 4701 255 4765 neficium
264 4709 360 4761 tamen
375 4700 589 4760 irmtifieetionis
603 4700 678 4759 idem
695 4719 807 4779 semper
820 4701 849 4756 in
864 4719 894 4758 se
905 4709 1011 4757 manet.
