3152 5198
281 369 341 425 630
694 380 783 418 aeteus
800 379 927 418 narrans
943 380 1094 420 sternutus,
1321 362 1437 443 [esaar.
1455 381 1474 420 v.

284 526 324 583 xi.
354 527 401 599 35,
431 531 460 582 et
487 522 607 580 haberet
634 519 744 598 aliquid
772 520 850 596 quod
873 539 931 578 non
952 521 1071 598 accepit,
1104 529 1207 580 eontra
1238 523 1373 595 eundem,
1402 523 1476 580 lte.

287 609 325 663 iv.
342 609 369 662 7.
415 608 442 661 4.
460 603 535 677 Quia
549 601 667 674 inimici,
683 611 712 659 et
727 599 824 674 Athei,
840 601 940 677 quales
955 621 1054 658 sumus
1074 621 1172 660 omnes
1188 613 1262 662 ante
1278 605 1407 680 gratiam,
1422 603 1477 677 Epi.

288 684 317 742 ii.
337 687 381 757 ll,
395 687 440 758 12,
451 684 508 742 Tit.
521 683 561 740 iii.
577 686 604 755 3,
620 682 693 738 nihil
704 681 806 738 mereri
815 689 944 756 possunt.
986 683 1015 739 5.
1027 683 1101 756 Quia
1115 683 1163 740 vel
1174 684 1319 742 maritum
1329 683 1403 742 istud
1411 684 1480 739 oritur

287 783 325 822 ex
340 764 473 822 omnibus
488 763 630 840 operibus,
647 760 694 818 vel
706 759 924 834 exquibusdam
940 767 1069 836 tantum;
1094 763 1140 819 Ex
1155 764 1309 836 omnibns,
1325 781 1407 821 nemo
1419 762 1479 818 dixe-

288 845 344 918 rit3
368 844 429 902 Nec
444 865 480 902 ex
496 841 676 920 quibusdam,
692 839 759 916 quie
774 839 815 896 sio
830 841 880 916 qui
895 849 1026 916 peccaret
1050 842 1079 898 in
1092 861 1159 916 nno,
1180 863 1244 900 non
1273 852 1352 902 esset
1366 863 1426 901 reus
1438 861 1480 896 en-

289 925 379 996 nium,
395 935 495 982 eontra
509 923 660 992 Jacobum,
677 940 701 978 e.
717 918 746 976 ii.
765 921 811 976 10.
1212 945 1215 950 ·
1528 963 1529 982 ,

333 1005 392 1063 IX.
416 1006 535 1062 Frustra
556 1000 593 1058 ad
607 1000 741 1057 meritum
755 999 876 1076 congrui
890 1007 1041 1075 torquetur
1054 1001 1163 1060 dietum
1179 1003 1307 1078 Christi,
1325 1003 1424 1060 Mattlr.
1438 999 1483 1055 xit

294 1087 340 1160 12,
356 1083 466 1143 habenti
478 1082 598 1140 dubitur.
621 1078 696 1152 Quia
710 1080 758 1154 ibi,
774 1089 807 1138 ut
821 1079 890 1136 alibi
905 1087 949 1138 est
963 1081 1157 1158 observatum,
1179 1104 1242 1141 non
1259 1085 1361 1161 agitur
1374 1082 1406 1139 de
1420 1080 1484 1136 donis

292 1172 410 1237 naturas,
426 1160 478 1220 sed
489 1161 606 1234 Gratiae,
623 1179 681 1217 non
695 1159 731 1218 de
746 1159 902 1220 virtutibus
915 1161 1072 1220 moralibus
1094 1171 1145 1221 aut
1168 1165 1291 1222 actibus
1307 1158 1485 1240 ,dispositoris

291 1263 349 1300 non
364 1250 536 1314 renatorum,
553 1239 655 1298 sedda
670 1239 853 1299 incrementis
867 1259 943 1297 verae
966 1241 1033 1299 fidei
1058 1242 1218 1301 seeundum
1234 1246 1365 1321 gratiam
1381 1239 1484 1298 Eleale-

291 1323 346 1397 nis,
358 1341 419 1380 ver.
435 1323 480 1379 ll.
513 1321 597 1394 Quod
612 1320 717 1379 dieitur
729 1321 809 1378 Deus
835 1329 982 1391 stemate«
1007 1322 1110 1380 hostiis
1124 1323 1342 1398 beneficentiae,
1357 1321 1427 1379 lleb.
1440 1317 1484 1374 xiii.

295 1405 341 1477 16,
354 1401 439 1461 doeet
462 1401 579 1478 quidem
592 1401 686 1460 Deum
711 1400 848 1458 delectari
862 1402 969 1462 talibus
997 1402 1131 1476 victimis,
1157 1413 1187 1462 et
1201 1425 1254 1463 eas
1279 1411 1380 1481 gratas
1395 1400 1484 1458 habere

295 1482 346 1540 sed
378 1501 559 1559 nequaqnam
597 1481 691 1558 ipsum
723 1481 830 1539 talibus
863 1482 1026 1558 promereri,
1059 1490 1092 1540 ut
1119 1483 1243 1542 barbare
1282 1483 1374 1542 vertit
1405 1477 1486 1535 Vasio

296 1563 448 1640 Vulgata;
474 1570 664 1638 praeterquam
686 1561 764 1637 quod
785 1561 881 1636 agitur
896 1562 932 1621 de
955 1562 1090 1638 operibus
1113 1563 1256 1638 fidelium,
1282 1565 1336 1641 qui
1360 1563 1418 1639 jam
1437 1573 1485 1614 sunt

296 1643 325 1701 in
347 1643 448 1720 gratia,
472 1661 529 1699 non
550 1642 586 1699 de
601 1641 713 1699 actibus
736 1661 795 1700 non
815 1651 987 1702 renatorum.
1030 1642 1089 1700 Nee
1109 1644 1134 1700 si
1149 1644 1231 1702 Deus
1247 1649 1443 1702 remuneratus
1455 1649 1486 1691 est

296 1723 451 1800 aliquando
479 1721 601 1780 virtutes
626 1721 795 1796 Gentilium,
821 1722 868 1779 vel
883 1742 941 1780 non
960 1730 1132 1798 renatorum,
1153 1725 1372 1801 temporalibus
1391 1719 1486 1796 quilae·

296 1803 363 1861 dam
387 1801 543 1876 benefieiis,
559 1810 592 1859 ut
618 1810 772 1860 testaretur
799 1811 938 1877 quantum
959 1802 1014 1881 ipsi
1036 1813 1184 1879 acceptata
1198 1813 1282 1864 esset
1305 1821 1376 1862 vera
1386 1797 1485 1877 jusitia.

296 1884 426 1960 sequitur
440 1901 490 1940 eos
504 1882 641 1940 meruisse
653 1882 688 1939 de
703 1901 831 1957 congruo
846 1882 931 1940 talem
946 1881 1116 1940 mercedem.
1532 1943 1533 1964 ,

600 1963 641 2020 X.
665 1962 767 2036 Quoad
782 1964 881 2020 rererita
896 1964 1075 2038 decoadipao
1085 1983 1143 2019 nen
1158 1982 1215 2020 una
1229 1973 1279 2022 est
1291 1959 1484 2022 Pontifieiernn
1532 1981 1533 1984 =

559 2043 709 2116 sententie,
725 2043 797 2100 'l'res
811 2043 886 2100 enim
899 2043 1048 2119 praecipuas
1063 2050 1259 2101 recensentur.
1287 2043 1387 2101 Prima
1400 2053 1485 2096 eorum

297 2129 346 2205 qui
361 2128 464 2187 volunt
478 2144 564 2203 opera
578 2125 653 2180 bona
663 2123 808 2197 justorum
828 2123 973 2180 meritoria
995 2141 1057 2180 esse
1080 2123 1148 2180 vitae
1173 2131 1292 2191 uerum
1313 2143 1351 2181 ex
1366 2116 1484 2186 condigne

298 2209 408 2266 ratione
423 2207 525 2283 operis,
542 2204 654 2262 etiarnsi
669 2203 749 2260 nulla
763 2211 874 2260 extaret
888 2203 987 2260 divina
1009 2203 1171 2277 conventi0,
1195 2222 1287 2278 quarn
1305 2201 1435 2260 Bellarna
1448 2192 1486 2280 lili,

297 2307 325 2344 v.
339 2287 374 2344 de
387 2287 408 2346 J
411 2287 497 2344 ustili.
510 2305 571 2359 cap.
587 2287 632 2355 17,
645 2283 746 2341 tribuit
758 2283 903 2356 Caietam,
917 2285 972 2340 Dco
986 2303 1005 2339 α
1014 2283 1089 2357 Solo,
1102 2291 1131 2340 et
1140 2303 1224 2358 quam
1234 2285 1373 2361 l'aequez,
1385 2274 1484 2336 ruistri·

297 2367 404 2440 Beryae,
418 2375 447 2422 et
461 2365 590 2440 plerique
602 2363 759 2420 Themista
774 2371 940 2438 sequuntur,
952 2369 985 2419 ut
999 2362 1134 2420 observat
1146 2363 1292 2438 Benacus,
1310 2364 1403 2422 Tract.
1413 2363 1436 2413 4·
1445 2352 1483 2408 TO·

299 2448 325 2502 l.
341 2463 400 2520 par.
416 2447 444 2500 2.
467 2443 570 2498 Altera
584 2449 628 2497 est
642 2442 719 2497 Secti
731 2449 760 2498 et
784 2444 846 2518 ejus
868 2443 1041 2517 sequacium,
1058 2442 1106 2519 qui
1128 2443 1307 2520 pertendunt
1333 2458 1416 2518 opero
1428 2435 1485 2491 maa

297 2543 335 2582 ex
349 2522 442 2600 gratia
455 2519 640 2599 procedentia
654 2539 711 2576 nou
726 2539 789 2576 esse
811 2521 956 2578 meritoria
977 2543 1014 2579 ex
1037 2522 1181 2598 condigno
1200 2523 1315 2582 ratione
1338 2518 1433 2598 operis,
1447 2507 1483 2566 ard

298 2613 409 2664 tantum
424 2602 534 2660 ratione
548 2599 624 2677 pacti
639 2610 668 2657 et
682 2599 886 2675 acceptationis
901 2600 1016 2658 divinae.
1059 2603 1280 2680 Tertiacorum,
1297 2603 1350 2682 qui
1364 2600 1430 2658 duas
1442 2588 1483 2667 pri·
1532 2593 1533 2596 '

297 2705 359 2743 mas
375 2684 531 2743 sententias
546 2679 762 2757 conjungentes,
779 2688 897 2737 censent
912 2701 1005 2756 opera,
1028 2701 1081 2740 nee
1102 2681 1272 2759 simpliciter
1287 2705 1327 2742 ex
1348 2701 1387 2754 se,
1402 2693 1446 2734 nee
1458 2685 1482 2724 er

297 2773 382 2844 paeto
397 2773 508 2823 tantum
523 2762 669 2820 meritoria
683 2779 754 2834 esse,
772 2759 822 2817 sed
847 2760 956 2818 ratione
971 2762 1048 2838 pacti
1063 2771 1091 2819 et
1112 2763 1207 2838 operis
1222 2763 1320 2838 simul,
1337 2776 1418 2838 quam
1433 2746 1481 2808 ltel-

297 2845 436 2903 larminus
451 2842 640 2919 amplectitur,
657 2851 686 2899 et
700 2861 786 2918 quam
801 2840 865 2898 vult
880 2860 942 2898 esse
966 2841 1087 2898 Concilii
1101 2839 1272 2918 Tridentini,
1290 2845 1360 2901 licet
1381 2833 1444 2894 nihil
1456 2845 1482 2883 er

296 2924 348 2981 illo
364 2923 435 2982 certi
450 2923 602 2998 exeirlpere
618 2921 717 2998 possit.
760 2921 877 2978 Certum
888 2920 1005 2996 quidem
1019 2929 1063 2978 est
1075 2921 1235 2979 Concilium
1250 2925 1356 2982 merita
1370 2925 1481 2994 capre-⁴}

297 3002 472 3076 asseruissc;
495 3001 591 3059 sedin
606 3021 639 3059 eo
655 3001 827 3059 veteratorie
844 3001 962 3058 Petrum
977 3000 1120 3059 calliditas
1135 3021 1165 3058 se
1180 3003 1283 3076 exerit,
1300 2999 1380 3080 qnod
1393 3003 1482 3054 consen
1534 3025 1535 3078 ,

297 3083 485 3141 certaminum
502 3081 744 3140 Scholasticorurn
760 3080 795 3138 de
818 3081 928 3138 ratione
950 3090 979 3138 et
1001 3080 1087 3138 modo
1101 3081 1203 3154 meriti,
1227 3083 1384 3141 noluerunt
1407 3083 1481 3158 rane
1534 3149 1535 3158 ἵ

297 3163 378 3221 litem
393 3161 565 3240 pendentem
581 3160 721 3233 decidere,
744 3169 773 3218 et
788 3159 881 3218 solitis
902 3161 1050 3218 cothurnis
1063 3161 1109 3218 usi
1131 3170 1207 3235 sunt,
1233 3169 1266 3220 ut
1280 3173 1426 3234 utramque
1439 3150 1481 3234 lm·
1534 3159 1535 3162 ’

297 3243 429 3320 gantium
449 3249 561 3318 partem
582 3249 729 3317 utcunque
750 3241 945 3315 conciliarent,
969 3261 1030 3316 cap.
1055 3243 1101 3316 16,
1124 3249 1152 3298 et
1174 3241 1263 3300 Cano.
1290 3246 1340 3318 32,
1365 3243 1382 3274 “
1392 3234 1421 3296 Si
1433 3242 1482 3304 (111Ιέ
1533 3301 1534 3306 ἵ

297 3323 404 3380 dixerit
421 3321 555 3378 Hominis
567 3320 718 3397 justificati
729 3319 805 3376 bona
819 3339 905 3396 opera
919 3321 960 3378 ita
974 3341 1037 3378 esse
1052 3319 1128 3378 dona
1148 3321 1211 3394 Dei,
1228 3331 1335 3380 utnon
1351 3321 1404 3379 sint
1415 3310 1481 3369 eriam

296 3401 373 3458 bona
384 3401 474 3476 ipsius
485 3401 636 3476 justificati
651 3400 760 3472 merita,
774 3407 823 3458 aut
845 3401 938 3476 ipsum
956 3400 1147 3474 justificatum
1170 3401 1254 3459 bonis
1279 3401 1481 3479 operibusque
1533 3397 1535 3442 i

297 3478 382 3534 abeo
396 3480 584 3554 pergratiam
599 3480 715 3538 etJesu
741 3479 847 3537 Christi
871 3481 1012 3554 meritum,
1038 3483 1122 3556 enjus
1145 3481 1306 3540 membrum
1335 3482 1428 3540 vivum
1442 3479 1479 3523 est.

294 3555 375 3628 liunt,
393 3575 450 3612 non
466 3577 532 3613 vere
547 3559 650 3614 mereri
666 3567 852 3633 eiigrnentum
867 3561 977 3635 gratiae,
1000 3559 1089 3616 vitam
1114 3568 1259 3636 aeternam,
1285 3571 1315 3620 et
1328 3559 1416 3640 ipsius
1428 3547 1479 3635 diff

296 3643 420 3708 aeternae,
437 3634 461 3691 si
475 3643 572 3690 temen
587 3635 616 3690 in
631 3638 724 3709 gratia
739 3640 904 3713 excesserit,
921 3639 1161 3716 consecutionem,
1189 3649 1275 3717 atque
1290 3642 1377 3701 etiam
1400 3633 1480 3711 glana
1533 3663 1535 3708 ,¹

295 3721 490 3792 augmentum,
505 3713 669 3770 Anatliema
683 3715 749 3770 sit.’'
1534 3735 1535 3746 ¹

337 3795 397 3853 xl.
421 3793 503 3852 Licet
513 3813 591 3865 vero,
607 3793 658 3868 qui
678 3793 832 3850 secundam
848 3797 1019 3854 sententiam
1035 3799 1255 3875 amplectuntur,
1271 3800 1382 3859 nullum
1396 3801 1480 3869 aguffi·

295 3885 393 3934 centes
416 3875 549 3934 meritum
563 3872 620 3931 nisi
634 3893 672 3932 ex
686 3880 778 3950 paeto,
801 3874 896 3932 minus
921 3877 1080 3952 periculose
1097 3890 1192 3938 errent
1206 3880 1326 3954 ceteris,
1342 3891 1371 3940 et
1384 3867 1479 3955 propius
1534 3881 1535 3898 ¹

297 3955 335 4013 ad
348 3955 500 4015 vamtatem
514 3955 670 4030 accedant;
686 3973 743 4011 non
757 3961 879 4031 possunt
902 3963 998 4012 tamen
1021 3960 1163 4017 excusari.
1206 3960 1304 4017 Primo
1327 3957 1401 4038 qued
1412 3947 1479 4007 vele·

295 4045 407 4094 menter
417 4036 538 4094 vocibus
552 4035 715 4109 abutantur,
730 4034 862 4094 meritum
873 4033 909 4093 de
924 4036 1068 4113 condigne
1083 4037 1155 4096 illud
1169 4049 1315 4113 vocantes,
1331 4035 1405 4118 qnod
1417 4022 1480 4089 nullo

296 4115 382 4172 modo
397 4134 501 4172 nomen
516 4114 589 4173 illud
603 4125 736 4189 meretur,
753 4115 778 4173 si
791 4115 965 4174 ordinarium
990 4117 1128 4192 loquendi
1153 4139 1236 4176 usum
1261 4121 1343 4196 sequi
1357 4117 1477 4176 volumus·

297 4193 368 4267 Quis
383 4194 461 4251 enim
476 4195 582 4254 dixerit
596 4213 669 4270 opus
693 4193 729 4252 de
750 4195 895 4272 condigno
914 4196 1016 4254 mereri
1034 4196 1123 4255 vitam
1144 4208 1288 4273 aeternam,
1304 4199 1380 4275 quod
1391 4211 1435 4274 per
1457 4199 1479 4238 ⁵0

295 4291 353 4330 non
369 4283 412 4330 cst
428 4283 508 4332 tanto
522 4273 639 4350 praemio
654 4272 783 4348 dignum,
800 4275 850 4333 sed
865 4275 911 4333 eui
926 4275 1074 4352 praemium
1088 4276 1168 4335 istud
1182 4297 1268 4355 supra
1281 4279 1418 4356 propriam
1431 4268 1479 4341 tlt*

295 4351 465 4428 dignitatem
480 4353 638 4410 liberaliter
651 4362 696 4410 est
706 4353 903 4429 promissum?
944 4356 1055 4414 Deinde
1066 4356 1175 4415 locutio
1189 4359 1244 4415 ista
1258 4378 1316 4416 non
1331 4357 1411 4416 mode
1424 4347 1477 4407 ubl·

296 4430 367 4506 siva,
397 4431 447 4488 sed
463 4439 491 4490 et
506 4432 591 4488 valde
619 4431 781 4507 periculosa
808 4442 859 4506 est,
887 4433 987 4493 favens
1015 4436 1125 4494 scilieet
1148 4437 1301 4514 supercilio
1324 4432 1477 4512 Phanaeo

296 4527 360 4586 quae
389 4511 568 4569 occasionem
596 4510 706 4586 praebet
737 4512 767 4568 in
794 4513 889 4589 reipsa
917 4515 1045 4590 graviter
1074 4517 1196 4591 errandi,
1234 4517 1367 4595 operibus
1393 4516 1477 4574 nosue

294 4588 415 4645 nimium
426 4590 588 4663 tribuendo,
605 4599 634 4647 et
652 4609 710 4647 non
725 4611 825 4666 parum
841 4593 1036 4652 imminuendo
1059 4595 1179 4672 gloriam
1207 4597 1322 4655 Divina
1338 4592 1477 4656 msericor-

294 4663 357 4734 dias,
374 4667 452 4738 quod
469 4667 497 4722 in
515 4669 646 4726 Ecclesia
662 4669 792 4726 Romana
807 4671 962 4745 contigisse
977 4673 1063 4731 nimis
1078 4683 1198 4733 constat.

297 2015 350 2061 Nae
366 2017 396 2059 do
410 2015 537 2071 condigne.
