3146 5210
172 353 286 402 eomer.
304 333 382 413 xtra]
567 350 604 388 rm
620 351 736 392 orrroro
750 351 864 392 onarsrr
883 353 1074 394 curaremur».
1329 343 1385 400 391

174 494 228 554 sed
243 495 305 571 typi
321 492 523 552 satisfactionis
537 492 639 550 alienas
654 493 756 551 futurae
781 513 832 570 per
847 495 1000 569 Christum,
1026 497 1109 572 cujus
1131 496 1161 552 vi
1183 498 1313 557 remissio
1338 500 1389 559 illa

171 574 306 632 dabatur.

216 653 342 711 XXVI.
359 652 453 725 Quum
464 651 577 726 dieitur,
585 653 671 710 Prov.
678 653 738 712 xvi.
750 655 776 727 6,
790 653 984 711 misericordia
994 663 1021 712 et
1034 656 1148 712 veritate
1154 667 1299 730 pereanem
1310 661 1384 717 redi-

173 734 220 808 mi,
236 737 280 792 ael
292 733 425 808 expiari:
448 731 513 788 Hoc
527 751 585 789 non
599 731 677 790 favet
692 731 934 790 satisfactionibus
955 733 1096 808 humanis,
1121 735 1182 793 sive
1206 736 1387 814 intelligatur

172 813 210 871 de
225 813 419 871 misericordia
433 820 459 868 et
470 813 587 870 veritate
602 811 666 887 Dei,
683 821 714 870 ut
729 812 846 888 quidam
869 813 980 887 volunt,
1006 814 1145 889 quianon
1160 815 1245 891 tollit,
1262 819 1313 875 sed
1331 837 1382 895 po·

175 894 220 951 nit
234 893 458 951 satisfactionem
473 891 587 966 Christi,
605 891 666 950 sive
680 891 716 950 de
731 894 924 950 misericordia
939 903 964 950 et
977 895 1093 952 veritate
1114 896 1240 970 hanzines,
1266 893 1299 955 u't
1322 898 1380 975 alii,

173 973 243 1050 quia
257 973 298 1031 sie
313 981 428 1030 notatur
442 971 578 1044 conditio,
594 972 640 1028 cui
655 971 740 1030 datur
750 973 861 1048 peccati
875 973 1013 1047 remissio,
1024 993 1081 1031 uon
1091 994 1160 1032 vero
1170 995 1256 1034 causa
1266 985 1383 1054 propter

172 1071 259 1129 quam
274 1051 378 1110 datur:
401 1051 476 1108 Nam
484 1060 517 1108 nt
528 1051 670 1126 judicium
685 1052 715 1108 in
725 1052 964 1110 immisericordes
976 1054 1037 1111 siue
1048 1055 1244 1113 misericordia
1255 1059 1383 1116 exerceri

172 1132 278 1207 debet;
302 1131 349 1189 lta
372 1130 571 1188 misericordes
595 1131 819 1190 misericordiam
844 1142 1062 1208 consequentur,
1091 1135 1195 1193 lllatth.
1219 1155 1247 1194 v.
1272 1141 1299 1195 7.
1322 1137 1383 1196 Nec

170 1235 214 1276 ss:
229 1213 277 1269 hie
291 1211 484 1288 expiationem
511 1210 625 1302 proprie
641 1211 755 1286 dictam,
777 1209 828 1269 sed
842 1212 889 1270 vel
903 1213 1057 1270 tectionem
1071 1223 1183 1273 tantum
1198 1227 1227 1273 et
1241 1216 1383 1275 remissio-

170 1312 246 1364 nem,
262 1311 348 1368 quam
363 1291 444 1349 Deus
457 1309 534 1347 veras
549 1290 682 1349 fidelihus
697 1299 726 1348 et
739 1291 972 1348 misericordibus
987 1293 1115 1368 largitur,
1138 1294 1186 1352 vel
1210 1295 1384 1355 ablationem

171 1382 202 1430 et
216 1371 403 1429 remotionem
417 1377 507 1444 notat,
523 1377 555 1427 ut
569 1369 646 1444 alibi,
671 1369 727 1428 lsa.
743 1371 847 1428 xxviii.
864 1373 909 1445 18,
926 1371 994 1447 quia
1008 1373 1176 1430 exercitium
1192 1373 1340 1434 eharitatis
1355 1387 1384 1435 et

171 1453 291 1511 sincerae
300 1451 415 1528 pictatis
424 1457 552 1507 removet
562 1458 590 1507 et
601 1447 693 1507 aufert
703 1449 775 1508 vitia
784 1451 942 1525 contraris3
958 1451 1036 1527 quod
1046 1453 1195 1528 sequentia
1204 1456 1381 1528 conlimrant,

170 1551 262 1608 quum
277 1529 400 1603 additur,
416 1531 445 1587 ia
460 1529 558 1587 timore
569 1529 628 1586 Dei
639 1539 680 1586 est
693 1531 839 1588 deliratio
854 1551 873 1588 o
887 1533 971 1588 malo.

212 1609 354 1669 XXVII.
377 1609 517 1682 Quamvis
531 1609 603 1666 nihil
616 1608 797 1684 inquinatum
811 1610 841 1666 in
855 1629 974 1685 regnum
991 1609 1127 1668 coelorum
1148 1612 1240 1687 possit
1250 1613 1383 1688 ingredi:

171 1691 238 1750 Non
252 1709 325 1766 opus
338 1697 382 1747 est
396 1697 501 1762 tamen,
517 1688 565 1746 vel
579 1687 773 1746 satisfactione
786 1697 852 1765 post
867 1689 1010 1746 Christum
1026 1689 1055 1745 in
1070 1690 1123 1747 hae
1145 1691 1214 1764 viter,
1236 1693 1282 1749 vel
1298 1695 1327 1752 iu
1343 1695 1383 1750 al-

170 1780 234 1829 tera
249 1769 419 1845 Purgatorio
435 1767 472 1825 ad
486 1766 585 1826 sordes
600 1767 745 1842 eluendas,
761 1768 829 1844 quia
842 1768 942 1826 fideles
967 1769 995 1825 in
1021 1777 1166 1828 momento
1191 1771 1381 1847 separationis

170 1850 275 1908 anima
289 1869 306 1907 a
320 1867 446 1926 corpore,
457 1855 617 1924 purgantur
627 1847 752 1924 perfecte
763 1867 780 1905 a
791 1847 920 1924 reliquiis
931 1849 1040 1924 peccati
1047 1849 1245 1926 perspiritum
1263 1851 1379 1911 Christi.

210 1930 319 1988 Caetera
334 1949 397 2004 quae
412 1928 460 1985 vel
474 1946 526 2003 pro
543 1925 793 1986 Satisfactionibus
808 1928 950 2002 humanis,
967 1928 1015 1986 vel
1029 1947 1081 2005 pro
1097 1929 1270 2005 Purgatorio
1285 1930 1379 1990 afferri

168 2009 271 2083 solent,
288 2029 340 2067 suo
352 2009 415 2066 loco
426 2007 616 2066 excutientur.

612 2246 807 2321 eumerio
837 2247 931 2304 xnr.

542 2423 580 2462 nl}
603 2425 737 2463 MATERIA
759 2423 1006 2464 sartarao'rtoars.

169 2570 216 2627 Aa
230 2569 390 2642 Citiffaetio
405 2565 511 2625 clears·
522 2565 718 2640 restringenda
731 2566 767 2622 sit
776 2567 818 2623 ad
830 2566 979 2622 Passiones
993 2573 1019 2622 et
1032 2565 1143 2640 Poeaas,
1156 2587 1227 2642 quas
1236 2571 1381 2642 proretis

208 2648 358 2706 sustinuit?
399 2647 445 2703 Aa
459 2665 524 2702 vero
538 2645 574 2702 sit
587 2645 669 2702 etiam
697 2647 873 2702 extendendo
895 2646 937 2701 ad
962 2644 1151 2704 Obedieatiom
1171 2647 1300 2720 actii-am,
1324 2671 1380 2724 qua

209 2731 312 2803 Legem
327 2728 355 2784 ia
369 2735 428 2784 aaz
441 2725 498 2782 cita
508 2727 630 2800 perfecte
644 2721 788 2799 impleuit!
831 2723 914 2781 Prius
930 2723 1022 2798 Ncg.;
1039 2721 1150 2782 Poster.
1174 2723 1287 2784 Affirm.

472 2885 496 2942 Ι.
520 2885 603 2941 Circa
612 2883 767 2940 Materiam
779 2892 806 2940 et
814 2892 914 2958 partes
925 2881 1130 2956 Satzssoetioms
1150 2883 1263 2942 variant
1285 2884 1377 2942 Theo·

430 2963 563 3039 logorum
579 2963 736 3021 sententiae.
762 2963 835 3021 Sunt
849 2961 899 3038 qui
913 2961 991 3018 illam
1007 2960 1044 3017 ad
1066 2961 1224 3036 passiones,
1251 2982 1302 3021 seu
1316 2983 1376 3039 poe·

428 3061 489 3116 nas,
504 3062 576 3119 quas
590 3061 641 3118 pro
666 3042 750 3100 uobis
776 3039 919 3113 sustinuit,
946 3041 1131 3116 restringunt.
1163 3041 1247 3114 Quod
1269 3041 1378 3118 primm

166 3123 281 3180 videtur
295 3122 451 3180 asseruisse
467 3123 588 3198 Cargius
604 3119 737 3180 Minister
752 3121 942 3192 Lutlreranus,
958 3129 988 3177 ct
1001 3127 1067 3196 post
1080 3137 1146 3177 eum
1163 3121 1293 3178 Piscator
1308 3122 1377 3179 Pre-

165 3203 257 3262 fessor
272 3202 455 3260 Reiorrnatus
471 3201 692 3275 Herbornensis,
709 3201 801 3277 etqui
815 3219 881 3257 enm
902 3200 994 3257 secuti
1019 3207 1106 3256 sunt:
1130 3199 1176 3256 Ex
1201 3199 1306 3276 quibus
1328 3202 1378 3260 alii

165 3289 255 3340 totam
267 3283 411 3358 justitiam
426 3283 457 3339 in
470 3289 560 3340 morte
576 3281 683 3339 Christi
704 3287 822 3357 penum,
843 3278 891 3336 alii
916 3278 1080 3354 adjungunt
1098 3297 1197 3337 omncs
1219 3281 1376 3357 passiones,

164 3381 239 3438 quas
252 3369 314 3420 toto
329 3361 396 3419 vitae
411 3369 538 3438 tempore
550 3360 675 3438 pertulit,
689 3368 717 3417 et
731 3361 805 3417 hanc
817 3366 922 3416 vocant
923 3359 1064 3434 justitiam
1071 3359 1214 3433 passivam
1224 3384 1236 3432 ,·
1257 3361 1375 3419 activam

166 3461 244 3514 vero,
259 3461 347 3517 quam
361 3442 391 3498 in
405 3441 569 3499 obedientia
583 3437 726 3497 mandatis
741 3439 870 3515 praestita
891 3438 1044 3512 collocant,
1069 3447 1102 3496 ut
1124 3439 1318 3498 conditionem
1333 3461 1376 3498 re·

162 3521 300 3598 quisitam
315 3519 403 3579 fuisse
418 3522 446 3578 in
460 3522 587 3578 Persona
602 3515 771 3577 illediatoris
785 3519 821 3574 ad
843 3517 1042 3575 executionem
1068 3517 1160 3576 Officii
1184 3525 1310 3594 censent,
1327 3521 1378 3578 sed

164 3621 223 3659 non
237 3600 336 3659 venire
351 3600 380 3656 in
394 3609 505 3677 partem
520 3599 723 3658 satisfactionis
738 3607 787 3655 ant
801 3597 903 3671 meriti,
916 3597 995 3672 quod
1016 3597 1099 3654 nobis
1110 3597 1275 3675 imputetur.

208 3681 249 3739 ll.
275 3679 333 3738 Sed
347 3681 506 3737 communis
522 3679 594 3737 etin
610 3678 748 3735 Ecclesiis
763 3678 869 3735 nostris
880 3685 994 3752 recepta
1009 3677 1152 3735 sententia
1175 3685 1227 3752 est,
1241 3678 1375 3738 Satisfec-

165 3761 274 3818 tionem
285 3760 400 3833 Christi,
407 3779 472 3836 quse
481 3759 519 3816 ad
530 3758 673 3836 justitiam
688 3777 783 3814 coram
791 3755 853 3814 Deo
864 3756 948 3814 nobis
962 3756 1129 3834 imputatur,
1144 3759 1305 3832 complecti,
1319 3777 1376 3816 uon

167 3835 253 3894 modo
267 3839 415 3914 passiones
430 3839 546 3914 Christi,
562 3857 634 3915 quas
649 3837 711 3894 sive
732 3837 761 3893 in
776 3845 875 3910 morte,
903 3836 964 3894 sive
984 3837 1014 3893 in
1038 3837 1100 3894 vita
1122 3836 1258 3910 pertulit;
1281 3837 1332 3893 sed
1347 3845 1376 3894 et

167 3917 256 3974 totius
269 3917 337 3974 vitae
352 3917 552 3990 obedientiam,
570 3937 622 3975 sen
631 3917 727 3993 justas
741 3924 769 3973 et
785 3925 899 3974 sanctas
913 3916 1049 3988 actiones,
1065 3915 1170 3990 quibus
1192 3913 1281 3990 Legis
1295 3933 1374 3970 mau-

167 3995 237 4052 data
249 3995 446 4071 perlecteleco
460 4007 558 4056 nostro
573 3995 723 4074 implevit,
746 4003 778 4052 ut
791 4015 829 4053 ex
840 3995 885 4052 his
907 3994 1019 4052 duabus
1033 3993 1163 4070 partibus
1187 3992 1331 4068 integrum
1346 4003 1375 4051 et

167 4073 325 4152 perlectum
339 4075 543 4153 redemptionis
556 4085 662 4135 nostres
677 4075 799 4152 pretium
814 4083 945 4148 exurgat.

210 4153 269 4211 Ill.
292 4153 357 4211 Non
372 4157 517 4232 quaeritur,
535 4156 560 4214 1.
583 4155 633 4212 An
649 4156 756 4230 Legem
771 4163 829 4211 tam
845 4151 1008 4228 generalem
1023 4149 1059 4206 de
1069 4150 1132 4207 Deo
1143 4148 1272 4224 colendo,
1289 4169 1375 4226 quam

168 4233 322 4310 specialem
337 4233 372 4292 de
388 4255 417 4292 sc
432 4237 517 4294 morti
532 4234 703 4312 exponendo
717 4232 841 4310 perfecte
853 4229 1015 4306 impleverit
1027 4228 1166 4303 Christus,
1180 4236 1209 4286 et
1219 4227 1267 4285 An
1278 4229 1376 4287 obedi·

167 4313 246 4371 entia
260 4312 348 4370 totius
362 4313 430 4371 vitae
445 4313 550 4372 Christi
565 4314 727 4372 neccssaria
740 4311 826 4369 fuerit
841 4309 963 4379 Christo,
979 4307 1016 4365 ad
1031 4307 1132 4364 salutis
1147 4327 1219 4383 opus
1233 4327 1378 4384 exequen-

168 4393 246 4467 dum,
263 4400 291 4450 et
306 4393 389 4451 nobis
414 4393 493 4452 utilis
507 4413 540 4452 ac
554 4394 630 4452 bono
644 4400 743 4450 nostro
757 4391 907 4466 praestita?
929 4388 1070 4445 Fateatur
1084 4386 1169 4459 enim,
1185 4386 1275 4461 quiin
1289 4387 1377 4462 priori

167 4481 235 4531 snat
250 4472 401 4545 sententia,
417 4481 445 4531 et
460 4473 604 4532 Christum
618 4472 743 4549 perfecte
759 4471 867 4545 Legem
881 4476 1032 4542 utramque
1047 4465 1220 4542 implevisse,
1236 4474 1265 4523 et
1279 4466 1376 4524 obedi·

165 4553 275 4611 entiam
289 4553 358 4610 ritae
370 4551 468 4629 ipsius,
484 4561 513 4610 et
526 4553 580 4629 ipsi
595 4551 784 4610 neeessariam
799 4549 896 4621 inisse,
912 4553 944 4604 ut
959 4545 1150 4604 conditionem
1173 4545 1202 4602 in
1218 4545 1378 4604 htlediatora

165 4633 334 4709 requisitam
350 4631 387 4690 ad
403 4631 533 4690 Ollieium
548 4632 744 4708 praescriptam
760 4626 970 4704 exequendum,
986 4633 1016 4683 et
1038 4626 1121 4684 uobis
1143 4625 1263 4701 proinde
1278 4625 1377 4684 utilem

189 2941 278 2985 Status
295 2939 380 2989 Quaea·

238 2999 320 3042 tionis.
