3186 5210
233 333 292 391 484
618 349 712 392 noces
727 349 859 390 uncinus
873 347 1015 394 cernuus.
1256 334 1384 408 [euasi.
1400 354 1442 394 vr.

278 488 357 548 XII.
374 489 506 547 Eandem
518 490 678 548 efficaciam
689 491 782 548 solide
792 490 921 564 probant
933 489 1008 562 loca,
1022 506 1088 562 quae
1102 486 1299 548 Vocationem
1311 501 1443 552 nostram

236 588 289 643 per
308 567 484 627 Tractionern
499 569 658 644 explicant,
673 576 707 626 ut
721 569 742 627 J
745 570 792 625 oh.
808 568 847 624 ri.
862 567 910 636 44,
931 565 1025 624 Nemo
1042 577 1131 642 potest
1144 569 1185 624 ud
1205 589 1249 626 rna
1271 572 1376 640 venire,
1391 573 1445 630 arisi

238 646 331 704 Pater
346 651 465 706 traxerit
478 650 580 723 ipsum.
624 648 655 706 Si
670 648 736 721 quis
751 647 830 703 euim
844 647 921 702 banc
934 645 1115 702 locutionem
1126 645 1181 702 rite
1192 648 1343 722 expendit,
1358 650 1446 710 facile

239 727 407 799 comperiet,
423 746 488 784 eam
502 735 579 784 stare
594 745 654 783 non
666 743 749 799 posse
758 743 826 780 cum
839 723 983 780 facultate
994 724 1185 781 dissentiendi
1200 724 1226 782 si
1237 726 1319 782 velis.
1362 728 1393 784 N
1395 749 1444 787 am

239 803 287 859 cui
301 805 480 877 relinquitur
493 805 549 861 ista
562 804 700 872 facultas,
714 803 782 858 duci
795 802 917 876 quidem
931 809 1029 874 potest
1041 801 1108 870 dici,
1120 803 1172 858 sed
1186 820 1245 860 non
1262 805 1350 876 trabi,
1364 809 1447 881 quod

240 881 361 954 quidem
375 884 499 939 verbum
514 883 630 939 nullam
645 881 827 937 coactionem
841 887 871 936 et
884 879 1057 938 violentIam
1073 887 1167 949 notat,
1181 882 1254 955 quio
1267 903 1304 941 ex
1325 885 1449 942 nolente

240 960 330 1015 horno
341 961 375 1017 fit
388 963 501 1031 volens,
513 961 564 1015 sed
578 958 824 1015 infallibilitatem
835 965 936 1014 tamen
951 967 1073 1015 eventus
1083 957 1193 1028 innuit,
1206 962 1303 1036 utqui
1317 963 1449 1020 trabitur

240 1045 382 1110 sequatur
395 1038 569 1107 necessario,
585 1046 614 1094 et
628 1054 688 1094 nou
702 1035 796 1110 possit
809 1053 869 1091 non
884 1035 993 1104 venire,
1017 1037 1103 1094 Cant.
1123 1036 1143 1092 i.
1164 1037 1192 1106 4,
1217 1041 1313 1096 Trade
1334 1061 1388 1110 me,
1403 1041 1448 1098 in·

240 1115 306 1188 quit
323 1115 447 1188 Sponsa,
463 1127 490 1173 et
500 1136 647 1172 narremus
659 1125 768 1190 postte.
812 1113 851 1170 Et
864 1113 896 1168 iu
910 1112 965 1169 isto
979 1115 1054 1183 loco,
1069 1132 1129 1170 ver.
1144 1117 1288 1189 sequenti,
1300 1119 1353 1176 ubi
1362 1120 1450 1178 effec-

240 1201 305 1248 tum
318 1193 403 1250 istius
417 1195 569 1251 tractionis
583 1202 677 1262 notat,
696 1193 831 1269 erisquis
852 1211 920 1266 erpo
933 1192 1044 1248 crudivit
1064 1213 1083 1246 a
1097 1190 1191 1249 Patre
1205 1206 1230 1252 et
1251 1197 1354 1255 didicit
1372 1199 1451 1256 venit

240 1271 281 1324 ad
299 1291 360 1328 ma:
383 1269 443 1330 Ubi
465 1275 526 1330 duo
547 1290 566 1329 a
585 1272 702 1330 Christo
722 1270 844 1328 maximi
865 1271 1009 1328 momenti
1032 1271 1230 1344 insinuantur,
1247 1274 1272 1330 l.
1295 1279 1450 1336 necessitas

237 1352 348 1424 qratia,
374 1351 436 1406 sinc
461 1369 521 1424 qua
544 1350 714 1424 impossible
739 1351 776 1407 sit
799 1351 837 1406 ad
861 1347 1013 1406 Christum
1033 1348 1143 1416 venire,
1163 1351 1203 1407 id.
1228 1355 1356 1424 eredere,
1375 1357 1451 1431 quia

240 1447 327 1486 nemo
347 1436 444 1503 potest
466 1429 566 1485 venire
588 1428 644 1486 nisi
665 1428 845 1485 trahitant.
869 1429 992 1502 ejsudem
1006 1427 1127 1502 qticacio
1147 1433 1178 1484 ct
1199 1429 1450 1505 insuperabilitate,

239 1508 311 1580 quia
331 1507 468 1582 quisquis
492 1507 622 1564 trahitur
642 1513 672 1562 et
691 1508 815 1563 docetur
836 1524 854 1562 a
876 1504 964 1563 Patre
984 1505 1067 1562 venit
1086 1507 1125 1562 ad
1151 1505 1311 1568 Christum.
1355 1511 1449 1578 Quod

242 1587 373 1659 August.
389 1591 492 1642 contra
507 1587 582 1642 duas
596 1583 690 1658 Epist.
716 1584 819 1658 Pelag.
834 1584 909 1640 bene
926 1583 1071 1652 observat,
1086 1583 1137 1640 lib.
1154 1584 1181 1654 1,
1194 1604 1258 1660 cap.
1275 1588 1321 1659 19,
1344 1597 1362 1622 “
1373 1590 1406 1647 N
1408 1609 1449 1648 ou

237 1664 281 1720 ait
303 1665 425 1733 duxerit,
446 1670 482 1719 ut
504 1663 567 1720 illic
590 1663 804 1736 aliquomodo
829 1661 1031 1735 intelligamus
1062 1663 1228 1734 praeoedere
1249 1667 1449 1725 voluntatem.

241 1742 317 1809 Quis
332 1743 467 1810 trahitur,
482 1742 505 1798 si
516 1742 580 1814 Jam
595 1742 737 1798 volebat?
780 1740 820 1798 Et
833 1747 931 1796 tamen
951 1757 1039 1796 nemo
1053 1739 1135 1796 venit
1148 1740 1205 1797 nisi
1219 1744 1300 1802 velit.
1342 1746 1450 1803 Trahi·

239 1827 290 1876 tur
304 1841 375 1895 ergo
389 1820 470 1876 miris
481 1819 577 1876 modis
592 1826 627 1876 ut
640 1820 722 1888 velit,
736 1819 773 1876 ab
792 1818 856 1888 illo,
871 1817 923 1892 qui
943 1817 1028 1874 novit
1046 1816 1128 1874 intus
1142 1817 1173 1874 iu
1196 1819 1267 1893 ipsis
1289 1823 1449 1882 hominum

239 1899 445 1957 voluntatibus
460 1898 583 1971 operari,
605 1915 665 1954 non
683 1904 717 1953 ut
741 1897 883 1965 homines,
909 1896 991 1969 quod
1013 1894 1076 1951 lieri
1098 1913 1158 1952 nou
1181 1907 1287 1971 potest,
1310 1902 1451 1961 nolentes

236 1979 369 2047 credant,
385 1977 435 2034 sed
447 1983 482 2032 ut
495 1976 629 2031 volentes
643 1993 679 2030 ex
693 1974 864 2031 nolentibus
877 1974 979 2030 fiant.”

280 2055 378 2112 XIII.
400 2052 473 2111 Non
487 2060 586 2127 potest
598 2052 646 2110 hic
660 2051 772 2126 reponi,
788 2051 928 2110 “Omnes
946 2050 1068 2126 quidem
1083 2052 1135 2126 qui
1149 2056 1274 2113 credunt
1292 2058 1380 2129 trahi,
1395 2061 1448 2117 sed

236 2151 299 2189 non
314 2133 420 2190 solos.’'
465 2131 545 2198 Quia
558 2131 649 2188 verba
662 2132 726 2204 ipsa
739 2129 921 2187 contrarium
936 2129 1080 2204 probant,
1101 2149 1170 2188 uam
1186 2140 1222 2190 ut
1234 2134 1369 2204 dicendo,
1385 2155 1448 2194 ver.

237 2211 286 2279 44,
301 2211 461 2267 Neminem
475 2211 513 2266 ad
530 2209 680 2266 Christum
694 2207 803 2278 venire,
814 2207 869 2264 uisi
884 2225 973 2281 quem
989 2206 1077 2264 Pater
1091 2210 1222 2280 traxerit,
1232 2214 1312 2269 solos
1323 2231 1342 2270 a
1357 2213 1451 2272 Patre

238 2295 347 2345 tractos
356 2288 462 2344 statuit
472 2288 509 2342 ad
524 2286 675 2343 Christum
686 2288 797 2356 venire,
807 2285 857 2343 Ita
870 2285 1064 2358 subjiciendo,
1076 2304 1136 2344 ver.
1151 2288 1199 2358 45,
1212 2297 1230 2322 “
1241 2290 1385 2366 Quisquis
1393 2311 1450 2350 eu-

236 2365 311 2421 divit
325 2383 343 2422 a
363 2364 451 2422 Patre
465 2364 607 2420 etdidicit
621 2364 703 2420 venit
716 2365 755 2420 ad
768 2365 845 2434 me,’'
860 2381 961 2419 omnes
975 2369 1083 2420 tractos
1104 2369 1269 2425 necessario
1283 2379 1313 2426 et
1334 2369 1449 2428 infalli-

237 2441 450 2499 biliter'venire
469 2441 579 2498 asserit.
622 2440 699 2498 Dure
715 2441 778 2498 istae
792 2441 1007 2515 propositiones
1021 2459 1050 2497 se
1069 2451 1176 2500 mutuo
1195 2444 1314 2517 juvant,
1334 2455 1370 2504 ut
1390 2450 1450 2506 soli

237 2528 268 2577 et
288 2538 389 2577 omnes
405 2520 491 2576 tracti
513 2519 650 2575 dieantur
671 2519 702 2574 in
724 2518 876 2575 Christum
900 2520 1026 2575 credere.
1052 2519 1083 2576 N
1086 2538 1125 2576 on
1150 2523 1274 2581 solidius
1299 2527 1450 2600 regeritur

238 2599 442 2656 “tractionem
456 2597 543 2654 istam
557 2613 618 2652 non
631 2597 694 2652 fieri
708 2595 938 2665 irresistibiliter,
953 2597 1026 2670 quia
1038 2599 1072 2654 fit
1085 2599 1235 2659 audiendo
1250 2609 1280 2658 et
1293 2603 1448 2675 discendo,

238 2695 367 2752 quorum
378 2683 518 2734 neutrum
533 2674 625 2749 possit
638 2675 701 2731 fieri
715 2675 806 2730 modo
820 2673 1024 2731 irresistibili.”
1068 2676 1147 2743 Quia
1157 2679 1217 2736 alia
1230 2688 1277 2738 est
1287 2681 1449 2740 hominum

236 2755 395 2826 institutio,
410 2755 470 2811 alia
484 2753 559 2823 Dei,
580 2753 716 2810 homines
730 2753 864 2809 docendo
880 2771 941 2809 non
954 2756 1087 2824 trahunt,
1102 2757 1227 2814 suadere
1248 2759 1359 2834 quippe
1377 2778 1449 2833 pos-

237 2842 309 2892 sunt
322 2836 372 2892 sed
387 2853 447 2890 non
462 2833 659 2907 persuadere;
682 2831 792 2905 Atqui
806 2836 909 2887 sunta
927 2829 992 2887 Deo
1006 2832 1086 2888 docti
1108 2837 1278 2905 trahuntur,
1294 2837 1324 2893 id
1348 2856 1449 2896 neees-

237 2913 315 2970 sario
330 2919 506 2986 sequuntur,
522 2917 552 2968 et
566 2909 718 2980 obediunt,
733 2909 876 2983 quianon
893 2909 1020 2965 mediate
1034 2916 1152 2968 tantum
1166 2931 1219 2986 per
1231 2913 1377 2985 Verbum,
1392 2917 1449 2972 sed

237 2991 408 3048 immediate
422 2997 452 3047 et
465 2991 579 3046 interne
593 3007 646 3063 per
655 2987 799 3063 Spintum
813 2986 992 3056 docentur,l
1008 2986 1028 3043 J
1031 2989 1079 3044 oh.
1094 2989 1124 3046 ii.
1137 2990 1184 3060 20,
1196 2997 1225 3048 et
1239 2993 1375 3050 docendo
1386 3001 1450 3051 tra·

237 3071 360 3127 huntur.
372 3077 390 3104 “
403 3068 506 3125 Trahit
520 3086 574 3124 sua
582 3083 732 3142 quemque
741 3065 910 3139 voluptas,’'
919 3064 1018 3138 inquit
1027 3064 1129 3124 Po'e'ta.
1142 3068 1306 3127 “Trahitur
1315 3071 1447 3143 animus,

235 3148 404 3217 etamore,”
419 3146 518 3222 iuquit
531 3145 663 3219 August.
679 3143 965 3203 Demonstrationou
973 3143 1060 3216 cogit,
1068 3147 1118 3201 sed
1125 3147 1225 3218 trahit,
1231 3156 1262 3205 ct
1271 3149 1448 3208 necessitate

236 3226 332 3282 amica
345 3231 505 3299 permovet.
528 3223 610 3280 Deus
624 3241 719 3297 quum
733 3223 827 3291 docet,
842 3222 1033 3290 demonstrat,
1047 3222 1078 3278 id
1093 3231 1137 3280 est
1151 3244 1210 3282 uon
1232 3227 1323 3283 modo
1337 3229 1450 3287 suadet

236 3310 266 3359 et
284 3309 393 3372 movet,
409 3303 459 3358 sed
473 3303 631 3376 persuadet
644 3308 675 3358 et
689 3307 861 3375 permovet:
882 3300 1055 3356 homocum
1069 3319 1088 3357 a
1110 3301 1175 3359 Deo
1188 3303 1283 3374 discit,
1302 3323 1364 3361 non
1378 3306 1449 3380 qui-

237 3382 306 3435 dem
320 3379 438 3435 obtorto
449 3379 526 3435 collo
537 3379 675 3448 trahitur,
691 3379 742 3434 sed
756 3396 827 3434 vero
836 3376 972 3447 vincitur,
987 3382 1018 3431 et
1030 3377 1151 3436 victrice
1163 3382 1368 3450 delectatione,
1383 3402 1451 3457 qua

237 3457 312 3512 nihil
319 3456 531 3524 suavius,uihil
540 3456 694 3525 efficacius,
701 3463 904 3529 expugnatum
915 3452 1252 3533 hincomncsauditores
1257 3460 1357 3516 venire
1362 3461 1449 3533 dicit,

238 3534 278 3589 id.
285 3550 345 3589 non
356 3539 473 3588 tantum
482 3534 646 3605 potentiam
654 3532 936 3601 ventendiobtinere,
943 3534 994 3588 scd
1002 3531 1102 3606 ipsum
1107 3541 1216 3606 actum,
1223 3539 1305 3611 quod
1312 3539 1449 3612 August.

236 3612 312 3666 bene
333 3609 478 3679 observat,
494 3610 544 3665 lib.
561 3609 587 3680 l,
608 3612 645 3666 de
661 3610 732 3669 Gra.
748 3629 810 3684 cap.
828 3611 873 3680 18,
889 3616 905 3642 “
918 3609 1023 3668 Omnis
1035 3612 1088 3686 qui
1108 3613 1212 3670 didicit
1225 3633 1244 3671 a
1264 3613 1361 3686 Patre,
1383 3635 1449 3674 non

237 3688 335 3744 solum
349 3694 447 3762 potest
460 3687 569 3756 venire,
585 3689 635 3743 sed
647 3689 728 3758 venit,
743 3688 795 3744 ubi
806 3688 870 3760 jam
884 3694 914 3745 et
927 3688 1105 3762 possibilitas
1118 3691 1276 3765 profectus,
1287 3700 1318 3750 et
1337 3695 1451 3751 voluu-

236 3766 307 3824 tatis
327 3765 459 3835 effeetus,
481 3771 512 3820 et
532 3765 655 3822 actionis
678 3767 799 3823 effectus
823 3767 895 3823 est.'’
952 3765 996 3822 Ut
1019 3768 1067 3824 hic
1091 3769 1222 3827 suavitas
1244 3789 1363 3828 summa
1377 3789 1450 3829 cum

237 3863 354 3901 summa
368 3844 495 3901 efficacia
508 3843 740 3916 conjungantur,
760 3842 814 3900 illa
828 3844 949 3916 quidem
963 3861 1016 3917 per
1036 3847 1207 3918 doctrinam,
1228 3851 1286 3906 ista
1299 3867 1370 3906 vero
1392 3867 1451 3924 per

238 3925 411 3993 tractionem,
427 3922 467 3979 id.
482 3921 573 3979 talem
584 3922 759 3991 doctrinam,
769 3941 836 3996 quae
848 3922 885 3979 sit
900 3941 970 3980 vera
984 3935 1126 3995 critatem
1135 3946 1201 4002 quae
1216 3929 1368 3985 suadendo
1378 3945 1450 4003 per-

145 4005 151 4018 '
237 4005 344 4061 suadet
352 4011 382 4060 ct
394 4001 487 4059 flectit
501 4001 539 4058 ad
553 4000 737 4076 obsequium.
760 4000 897 4077 Denique
910 4001 1022 4060 frustra
1034 4005 1166 4076 additur,
1182 4013 1199 4040 “
1213 4005 1245 4062 si
1256 4004 1375 4062 tractio
1386 4007 1449 4080 sig-

236 4081 337 4139 nificat
350 4080 497 4138 actionem
511 4079 543 4135 in
554 4080 673 4136 homine
683 4080 869 4154 productam,
881 4086 1041 4156 autequam
1056 4083 1156 4140 venire
1176 4085 1269 4158 possit
1288 4085 1326 4140 ad
1343 4083 1449 4142 Chris·

236 4167 311 4231 tum,
322 4160 387 4233 jam
401 4175 559 4216 conversus
573 4158 628 4214 erit
639 4165 798 4233 antequam
809 4159 909 4215 veniat
918 4161 955 4215 ad
969 4159 1129 4229 Christum,
1142 4162 1181 4219 id.
1193 4180 1352 4219 conversus
1362 4169 1450 4220 aute-

236 4257 327 4313 quam
348 4237 533 4294 convcrsus.''
576 4236 657 4303 Quid
678 4237 757 4293 enirn
772 4236 868 4292 obstat
888 4238 1049 4310 quominus
1063 4239 1181 4296 dicatur
1202 4258 1361 4298 conversus
1374 4247 1449 4298 actu

235 4317 342 4391 prium,
351 4315 382 4370 id
397 4315 556 4388 regenitus,
567 4321 726 4388 antequam
739 4320 928 4371 convertatur
938 4321 1008 4373 actu
1019 4318 1170 4376 secundet
1192 4317 1260 4376 Imo
1270 4335 1389 4376 necesse
1400 4327 1449 4376 est

235 4401 271 4450 ut
281 4394 363 4451 Deus
376 4393 477 4448 veniat
490 4394 528 4449 ad
543 4411 597 4448 nos
608 4399 770 4466 antequam
779 4409 882 4448 eamus
895 4394 932 4449 ad
944 4394 1051 4468 ipsum,
1064 4401 1098 4450 ut
1108 4397 1313 4470 apprehendat
1325 4402 1356 4453 et
1369 4415 1448 4470 pra-

235 4471 336 4528 veniat
346 4489 401 4526 nos
411 4471 609 4526 misericordia
620 4487 683 4538 sua,
694 4477 854 4543 antequam
865 4487 933 4526 eum
945 4473 1212 4546 apprehendamus,
1224 4481 1259 4531 ut
1271 4473 1449 4532 inveniatur

235 4567 254 4604 a
267 4566 327 4604 non
337 4548 545 4621 quaerentibus,
562 4547 621 4604 Isa.
636 4548 696 4602 lxv.
714 4547 740 4603 1.
761 4545 861 4604 Nemo
872 4549 951 4606 enim
964 4550 1061 4608 fidelis
1074 4560 1127 4623 est,
1147 4553 1203 4611 nisi
1217 4553 1269 4628 qui
1277 4551 1448 4610 mIserioor-

234 4625 315 4682 diam
329 4644 348 4682 a
359 4625 423 4683 Dec
438 4631 612 4682 consecutus
623 4632 669 4682 est
681 4625 783 4682 fidelis.
848 4630 849 4633 ’
