3186 5210
161 393 273 445 auser.
289 371 367 458 arra]
619 393 658 434 nn
674 395 842 436 vocarrosn
858 395 893 436 nr
908 397 985 436 arna.
1308 383 1366 442 115

162 538 326 614 quibusque
341 535 411 595 solis
425 536 560 594 convenit
574 537 721 612 proposita
741 537 810 596 fidei
825 537 988 614 descriptio,
1005 537 1081 596 Heb.
1096 539 1137 598 xi.
1155 541 1180 596 l.
1209 539 1366 601 Infantium

159 637 230 676 vero
244 617 302 674 alis
315 617 389 674 ratio
409 625 462 690 cst,
477 615 528 692 qui
551 617 666 692 placent
687 617 750 675 Deo
775 625 892 695 propter
917 618 1148 678 Satisfactionern
1173 618 1280 678 Christi
1294 621 1364 698 ipsis

158 697 296 756 donatam
321 705 350 756 et
374 696 543 772 imputatam
568 716 586 754 a
610 696 673 755 Deo
697 696 735 754 ad
757 697 954 756 remissionem
969 705 1152 774 peccatorum
1168 698 1363 778 obtinendam,

158 777 273 916 {tiamsi
286 795 350 836 earn
364 797 417 835 nac
431 775 647 854 apprehendant
669 775 732 852 ipsi,
748 795 801 836 nac
824 777 1036 854 apprehendere
1059 777 1171 854 possint
1194 798 1247 855 per
1270 783 1364 842 astatis

180 857 314 916 eiectum.

199 936 291 994 VIII.
314 936 398 995 Licet
407 935 479 994 fides
490 934 615 1012 pendeat
626 934 663 994 ab
674 937 838 1012 operatione
849 935 973 1015 Spiritus
984 935 1117 997 effective
1130 959 1136 1014 ;
1161 935 1261 998 Potest
1275 940 1361 1000 etiarn

156 1016 283 1095 pe'ndere
297 1024 442 1092 utcunque
456 1015 596 1074 aratione
611 1016 867 1076 instrumentaliter
887 1027 917 1077 et
931 1017 1099 1095 subjective,
1115 1018 1184 1094 quia
1198 1026 1242 1077 est
1256 1020 1361 1080 instru-

156 1105 294 1170 mentum,
311 1116 368 1173 quo
382 1096 496 1154 elicitur
508 1095 577 1154 fidei
590 1103 671 1154 actus
685 1115 723 1153 ex
737 1105 833 1156 mente
847 1105 985 1156 renovata
998 1117 1050 1174 per
1064 1098 1225 1176 subjectum
1238 1099 1269 1158 ia
1283 1100 1361 1178 quod

156 1177 301 1253 recipitur.
347 1175 431 1235 Unde
445 1175 559 1234 sublato
573 1195 627 1234 usu
641 1175 761 1234 rationis
775 1177 856 1235 nulla
869 1183 964 1254 potest
978 1176 1040 1235 dari
1054 1177 1126 1236 fides
1140 1179 1271 1238 actualis.

198 1256 258 1314 IX.
281 1257 375 1314 Causa
396 1255 620 1332 Paedobaptismi
640 1275 699 1314 non
720 1265 764 1314 est
784 1255 856 1316 fides
877 1256 998 1314 actualis
1019 1255 1179 1330 infantium,
1197 1260 1279 1336 cujus
1302 1281 1360 1321 norr

153 1336 248 1413 magis
262 1355 382 1412 capaces
407 1344 481 1409 sunt,
497 1353 583 1412 quam
600 1335 678 1394 illius
691 1335 889 1410 institutionis,
905 1355 963 1413 qua
976 1335 1115 1395 docentur
1129 1337 1242 1415 Adulti,
1258 1348 1287 1399 et
1301 1341 1359 1400 dis·

155 1415 245 1492 cipuli
267 1415 373 1474 Christi
395 1415 476 1490 fiunt,
502 1415 607 1474 Matth.
630 1414 733 1474 xxviii.
751 1419 797 1474 19.
842 1416 900 1476 Sed
916 1425 978 1474 tum
993 1414 1159 1475 mandatum
1173 1421 1308 1494 generale
1323 1421 1359 1480 dc

153 1496 289 1554 omnibus
311 1495 450 1554 Ecclesiae
471 1495 608 1554 membris
627 1495 816 1572 baptizandis,
832 1505 893 1556 tum
914 1495 1066 1574 promissio
1088 1496 1219 1556 Foederis
1232 1502 1358 1575 parenti-

154 1577 210 1634 bus
220 1576 308 1653 juxta
331 1595 365 1634 ac
379 1575 477 1634 liberis
498 1574 582 1649 facta,
607 1575 681 1634 Gen.
705 1575 776 1634 xvii.
792 1580 819 1650 7,
842 1576 910 1636 Act.
932 1576 961 1633 ii.
980 1577 1028 1634 39.
1071 1575 1132 1634 Nee
1146 1576 1214 1635 iude
1228 1581 1359 1655 sequitur

154 1657 371 1714 Sacramentum
386 1655 448 1713 sine
462 1655 518 1713 fide
534 1655 640 1713 utentis
661 1673 724 1714 esse
744 1655 859 1714 inanem
881 1654 1087 1729 caeremoniam,
1104 1655 1172 1730 quia
1192 1657 1247 1716 hoc
1261 1659 1356 1718 locum

153 1745 267 1795 tantum
276 1735 402 1794 hebetia
412 1734 540 1808 Adult‘rs,
550 1735 601 1810 qui
610 1734 677 1792 fidei
692 1743 760 1794 sunt
768 1754 897 1812 capaces,
913 1743 943 1794 ct
957 1734 1102 1811 inquibus
1116 1735 1182 1792 idco
1197 1735 1258 1793 dari
1270 1738 1357 1799 debet

153 1824 254 1874 mutua
268 1816 415 1892 stipulatio
425 1835 442 1872 a
452 1823 533 1891 parte
544 1813 599 1872 Dei
610 1814 781 1873 ethominis.
826 1815 884 1874 Sed
893 1835 950 1873 non
965 1823 1098 1892 respectu
1112 1813 1274 1892 infantium,
1291 1820 1355 1895 qui-

152 1895 207 1955 bus
221 1915 279 1954 aon
293 1895 399 1954 desinit
417 1915 435 1952 a
456 1902 537 1971 parto
563 1894 619 1953 Dei
642 1913 706 1954 esse
731 1894 832 1954 efficax
857 1903 886 1954 11
906 1902 999 1954 ratum
1016 1895 1240 1970 Sacramentum,
1256 1897 1356 1957 liceta

151 1983 233 2053 parte
247 1975 371 2032 hominis
385 1995 443 2033 non
457 1975 549 2051 possit
563 1974 706 2051 cognosci,
723 1975 769 2032 vel
784 1995 836 2051 per
848 1974 935 2034 fidem
946 1974 1043 2051 recipi.

193 2055 236 2113 X.
259 2054 352 2113 Aliud
365 2063 409 2114 est
433 2054 556 2114 fructum
581 2055 718 2131 consequi
734 2055 876 2131 Baptismi
900 2075 951 2132 per
974 2054 1204 2131 obsignationem
1229 2055 1353 2118 activam

51 2161 55 2168 ·
152 2143 265 2212 aparte
286 2135 358 2209 Dei;
401 2133 495 2192 Aliud
517 2133 641 2193 fructum
665 2136 729 2211 ejus
752 2135 856 2193 sentire
870 2154 922 2212 per
936 2133 1165 2212 obsignationem
1178 2136 1357 2212 passivama

152 2223 233 2292 parte
247 2215 324 2273 fidei.
367 2215 452 2274 Prius
466 2213 624 2273 infantibus
640 2215 711 2272 benc
725 2214 869 2290 tribuitur,
885 2213 938 2273 ssd
950 2233 1009 2273 non
1022 2215 1173 2291 posterius.

192 2295 253 2352 XI.
275 2295 419 2371 Exempla
432 2294 576 2368 Ieremias,
595 2302 624 2352 11
637 2293 782 2353 Iohannis
796 2294 945 2370 Baptista,
961 2293 1066 2353 docent
1085 2294 1203 2372 quidem
1224 2295 1356 2356 Infantes

148 2393 270 2450 capaces
283 2393 346 2432 1111
363 2374 487 2451 Spiritus
503 2375 532 2432 S.
547 2380 656 2432 etcum
671 2373 756 2432 etiam
771 2373 801 2432 ia
815 2376 869 2433 hac
891 2381 975 2432 astate
996 2373 1105 2448 donari,
1122 2374 1173 2432 sed
1187 2395 1246 2434 non
1259 2386 1355 2453 potest

150 2454 251 2530 colligi
269 2453 347 2530 ipsos
368 2462 434 2512 actu
456 2452 621 2512 credidisse.
662 2453 807 2512 Ieremias
831 2453 948 2530 quidem
970 2453 1076 2513 dicitnr
1098 2454 1293 2516 sanctificatus
1317 2458 1354 2518 ab

151 2541 236 2592 utero
249 2534 280 2591 in
295 2533 468 2611 Prophetam
484 2533 547 2608 Dei,
570 2541 600 2592 et
610 2533 762 2592 Iohannes
773 2534 916 2592 exsiliisse
927 2534 958 2591 in
968 2542 1050 2594 utero
1064 2534 1164 2593 matris
1178 2533 1214 2592 ad
1229 2557 1353 2613 praesen·

151 2614 223 2672 tiam
238 2614 352 2690 Christi,
371 2613 430 2673 Sed
443 2621 544 2672 neuter
558 2623 625 2672 ectu
639 2612 795 2672 credidisse
804 2613 917 2673 dicitur.
940 2614 1027 2672 Adde
1041 2613 1128 2690 quod,
1144 2614 1198 2672 etsi
1212 2615 1283 2691 quid
1296 2618 1354 2676 tale

149 2694 221 2770 ipsis
235 2693 416 2769 tribueretur,
431 2713 489 2750 non
504 2693 613 2752 valeret
627 2693 841 2770 consequentia,
857 2695 993 2770 quiahoc
1007 2701 1084 2752 essct
1098 2693 1244 2769 singulare
1259 2704 1287 2754 et
1301 2717 1352 2755 ex·

150 2773 378 2848 traordinarium,
394 2793 432 2832 ex
446 2791 504 2849 quo
518 2793 576 2830 non
590 2771 677 2832 debet
690 2773 790 2850 colligi
804 2773 904 2848 regula
917 2773 1099 2832 universalis.

192 2854 270 2912 XII.
293 2854 385 2913 Aliud
405 2861 450 2911 111
471 2853 565 2910 Deum
586 2852 704 2911 laudere
726 2853 887 2929 subjective
909 2860 939 2909 et
958 2851 1115 2910 formaliter
1136 2871 1173 2910 cx
1194 2853 1304 2926 notitia,
1323 2861 1353 2914 ct

151 2931 275 3009 affectu;
297 2933 390 2992 Aliud
400 2932 543 3010 objectiva
555 2940 583 2991 ct
593 2933 787 2991 materialiter.
830 2931 960 2990 Infantes
977 2931 1111 2990 dicuntur
1125 2930 1219 2989 Deum
1234 2932 1351 2992 laudare

151 3014 301 3089 posteriori
322 3033 417 3088 sensu,
441 3033 499 3071 non
522 3012 617 3089 priou',
636 3019 779 3089 quatenus
801 3011 881 3069 Deus
902 3011 932 3068 in
953 3029 1051 3070 eorum
1073 3031 1142 3069 cura
1156 3019 1185 3069 et
1199 3031 1351 3072 conserva-

150 3093 229 3152 tione
243 3093 364 3170 gloriam
379 3113 460 3152 suam
474 3092 593 3151 mirifice
608 3092 744 3164 ostendit,
760 3090 838 3149 Psal.
849 3089 914 3170 Ι1111.
930 3093 958 3148 2.

923 3169 1353 3244 r

179 3329 250 3374 ΜΠ*
412 3353 475 3410 quc
488 3353 507 3391 a
521 3298 630 3408 Spiritu
644 3331 748 3390 Sancto
762 3331 827 3403 apsis
837 3350 856 3388 a
871 3330 972 3388 1111111
985 3329 1170 3405 inpetres-etur,
1182 3339 1208 3388 et
1220 3351 1270 3390 suo
1285 3298 1351 3391 tem,

143 3435 219 3492 pore
241 3424 324 3474 exeat
345 3417 374 3474 ia
387 3423 489 3486 111111,
504 3414 652 3471 accedente
663 3412 742 3486 soris
762 3411 929 3468 institutione
949 3411 1082 3484 hamana,
1104 3418 1131 3468 ct
1150 3410 1224 3470 intera
1244 3417 1352 3489 mm'ore

148 3496 274 3569 11111111
294 3496 410 3572 spir-itta
429 3493 535 3564 Sancti,
557 3491 712 3568 opponitur
733 3489 943 3566 Anabaptistis,
967 3489 1018 3564 qui
1044 3489 1129 3548 fidem
1151 3509 1266 3550 omnem
1294 3513 1352 3553 non

147 3575 235 3634 modo
249 3575 346 3652 quoad
359 3582 464 3646 actum,
480 3571 532 3631 sed
546 3571 632 3630 etiam
647 3569 742 3646 quoad
756 3570 886 3628 habiturn
901 3577 930 3628 et
944 3567 1064 3627 formam
1079 3569 1224 3646 denegant
1235 3571 1350 3633 infanti·

148 3656 213 3714 bus.
256 3655 339 3714 Licet
355 3651 504 3712 verofides
518 3649 683 3724 habitualis,
698 3657 784 3727 prout
797 3669 857 3708 vox
871 3649 981 3708 babitus
994 3650 1108 3727 proprie
1123 3658 1152 3709 ct
1166 3651 1264 3711 stricte
1279 3654 1353 3714 solet

149 3734 281 3810 usurpari
295 3754 348 3810 pro
361 3731 531 3810 perfectiore
546 3737 575 3790 et
589 3729 829 3788 consummatiore
850 3737 937 3803 statu,
953 3747 1012 3788 non
1026 3730 1100 3790 bene
1120 3730 1179 3789 illis
1200 3732 1350 3808 tribuatur,

148 3821 227 3872 recte
248 3821 344 3871 umen
365 3813 401 3872 de
425 3811 483 3870 illis
504 3809 677 3887 praedicatur
696 3809 764 3884 late,
779 3817 865 3886 prout
885 3817 966 3868 notat
985 3809 1073 3868 fidem
1093 3809 1278 3886 potentialem
1299 3830 1351 3870 seu

149 3891 327 3950 seminalem.
358 3891 413 3950 Per
425 3911 516 3950 semea
530 3898 626 3949 autem
633 3890 706 3962 fidei
718 3887 907 3966 Intelligimus
923 3889 1061 3965 Spiritum
1078 3889 1224 3962 Sanctum,
1239 3888 1307 3946 fidei
1321 3898 1351 3950 et

149 3970 375 4046 regenerationis
390 3971 570 4043 Effectorem,
585 3977 618 4028 ut
631 3977 760 4044 vocatur,
773 3971 786 4026 l
798 3969 868 4028 Ich.
883 3968 924 4026 iii.
934 3970 962 4043 9,
972 3967 1067 4043 quoad
1078 3966 1218 4058 prinpipia
1231 3986 1350 4044 regene-

147 4050 269 4110 rationis
282 4058 311 4108 et
325 4059 438 4110 sanctas
451 4050 659 4124 inclinationes,
675 4069 747 4126 quas
764 4049 826 4124 jam
847 4055 980 4124 operatur
999 4047 1031 4104 iu
1051 4045 1209 4104 infantibus
1222 4065 1275 4122 pro
1289 4067 1349 4106 mo·

147 4131 218 4190 dulc
232 4129 368 4208 ipsorum,
383 4131 456 4190 mira
469 4151 503 4190 ac
517 4128 601 4189 nobis
615 4127 754 4187 ineffabili
763 4127 873 4186 ratione
885 4148 892 4200 ;
914 4145 979 4201 quae
989 4132 1091 4201 postea
1101 4124 1255 4183 maturiore
1265 4135 1349 4186 aetate

145 4211 176 4270 in
190 4217 286 4270 actum
301 4219 416 4286 exeunt,
433 4210 588 4270 accedente
609 4209 735 4267 humana
755 4205 944 4278 institutione,
960 4213 989 4263 et
1003 4203 1096 4279 gratia
1111 4202 1241 4280 ejusdem
1258 4205 1347 4282 Spiri-

146 4300 194 4351 tus
208 4311 280 4370 opus
295 4311 378 4350 saum
399 4289 605 4369 promoventis,
621 4287 727 4364 quibus
747 4305 845 4345 semen
870 4281 943 4342 illud
967 4282 1086 4342 excitari
1101 4291 1131 4340 ct
1143 4282 1175 4340 in
1188 4291 1284 4342 actum
1299 4285 1347 4344 de-

145 4371 212 4432 dum
226 4373 309 4431 som·
446 4449 537 4508 XIV.
561 4446 699 4506 Rationes
721 4463 772 4504 cur
788 4444 829 4504 ita
847 4449 1007 4502 statuamus
1021 4449 1110 4500 sunt:
1144 4444 1169 4499 1.
1192 4441 1266 4515 Quia
1283 4461 1347 4518 pro·

146 4511 384 4628 ¹·fflpssssffiffl
405 4527 507 4620 missio
522 4526 653 4620 Foederis
666 4545 725 4584 non
739 4520 1053 4614 1111111111111111,
1068 4539 1154 4598 quam
1169 4520 1207 4578 ad
1222 4521 1349 4582 Adultos

406 4616 549 4685 pertrnet;
572 4605 713 4683 srqurdem
736 4605 816 4664 Deus
836 4601 988 4680 pollicetur
1009 4621 1039 4660 se
1061 4600 1121 4660 fors
1142 4603 1236 4658 Deam
1255 4602 1348 4663 Abra-

144 4689 229 4762 hcmr’,
245 4697 272 4746 ct
284 4687 396 4746 reninis
416 4690 483 4763 ejas,
506 4687 581 4746 Gen.
603 4685 675 4744 xvii.
697 4689 724 4760 7,
740 4693 777 4758 11,
794 4683 861 4742 Act.
877 4681 907 4740 ii.
923 4679 1136 4758 {repromissio
1155 4680 1260 4740 dicitur
1274 4681 1350 4746 facta
