3108 5198
266 375 305 432 23
725 382 817 424 noers
831 383 1011 424 usuri-rurs.
1290 363 1415 444 [cuasa.
1433 385 1480 426 rr.

269 532 331 592 xix.
350 533 394 606 11,
411 537 440 590 et
461 547 512 606 per
527 525 701 603 Apostolum
714 524 853 602 praecipit,
868 532 902 584 61
915 524 965 601 qui
987 543 1017 582 se
1037 543 1097 583 non
1118 523 1247 584 continet
1259 525 1481 586 matrimonium

269 612 428 686 contrahat,
438 607 517 686 quod
531 605 635 665 melius
656 606 693 665 sit
713 605 821 664 nubere
843 623 928 681 quam
943 604 996 679 uri,
1014 607 1029 662 1
1046 605 1112 664 Cor.
1126 605 1176 662 vii.
1193 606 1227 680 9;
1249 607 1413 681 Paupertas
1426 627 1478 664 ao·

268 691 403 765 luntario,
419 688 513 766 qualis
533 686 780 745 commendatore
794 683 962 759 Pontificiis,
978 683 1046 760 qnia
1066 703 1150 743 nemo
1171 684 1234 743 sine
1254 685 1375 762 speciali
1387 705 1478 744 voca·

268 771 347 829 tione
368 778 418 829 aut
438 767 609 827 necessitate
630 763 782 824 facultates
800 783 867 822 suas
881 762 968 822 debet
982 764 1114 841 abjicere,
1131 764 1216 822 Matt.
1231 764 1294 823 xix.
1310 767 1419 840 1111,
1435 785 1476 824 ne

267 858 361 910 tentet
375 850 478 924 Deum,
491 849 577 906 Matt.
592 845 631 903 iv.
644 849 671 921 7,
684 853 734 904 661
744 843 912 904 charitatem
923 862 992 920 erga
1004 844 1169 922 proximum
1179 843 1329 922 negligere
1341 855 1473 922 cogatur,

178 986 182 992 .
269 930 296 988 Ε
317 929 346 987 h.
361 931 401 988 iv.
416 930 465 988 28.

297 951 316 1006 p
569 1004 607 1063 V.
629 1003 800 1062 Mandatum
820 1003 928 1062 factum
949 1023 966 1062 a
981 1003 1095 1062 Christo
1106 1002 1209 1081 juveni
1223 1003 1350 1081 turgido,
1366 1012 1395 1062 et
1408 1023 1474 1080 per-

306 1073 480 1179 szmfflt·
528 1084 633 1144 sectam
648 1084 737 1161 Legis
751 1083 982 1142 observationem
997 1083 1163 1143 Pharisaice
1181 1084 1313 1161 jactanti,
1338 1085 1357 1116 “
1374 1083 1405 1143 Si
1426 1084 1475 1140 vis

432 1164 439 1176 ⁰
527 1164 670 1241 perfectus
684 1183 757 1238 esse,
773 1163 828 1237 abi,
841 1171 870 1221 61
877 1161 972 1222 vende
981 1182 1045 1240 quae
1059 1163 1158 1238 habes,
1173 1171 1203 1221 et
1216 1162 1255 1221 da
1266 1163 1474 1241 pauperibus‚''

267 1243 331 1322 dcc,
355 1245 460 1304 Matth.
481 1244 544 1303 xix.
566 1248 613 1318 21,
639 1243 773 1301 nonfuit
797 1242 949 1300 eonsilium
971 1241 1163 1320 perfectionis,
1189 1241 1241 1300 sed
1263 1245 1281 1276 “
1295 1251 1474 1320 preceptum

265 1325 417 1404 personale
439 1332 469 1383 et
482 1323 726 1400 exploratoriunr'’
753 1323 790 1380 ad
814 1322 892 1380 illius
906 1321 1012 1380 fastum
1026 1320 1236 1382 retundendum
1251 1329 1280 1380 et
1293 1322 1474 1399 hypocrisim

266 1405 475 1482 detegendam
491 1404 552 1461 Nec
563 1423 614 1480 per
627 1402 745 1460 modum
756 1401 869 1460 consilii
882 1402 1059 1479 proponitur,
1069 1402 1148 1479 quod
1159 1401 1240 1478 sequi
1255 1402 1303 1460 vel
1316 1421 1376 1460 non
1391 1401 1474 1478 sequi

265 1485 391 1562 positum
405 1483 535 1542 fueritin
549 1485 612 1560 ejus
626 1482 753 1555 arbitrio,
769 1480 819 1539 sed
833 1501 885 1558 per
897 1481 1015 1540 modurn
1029 1481 1165 1559 praecepti
1185 1479 1225 1538 ad
1237 1482 1321 1558 cujus
1335 1481 1472 1540 observa-

264 1565 373 1624 tionem
397 1563 558 1623 tenebatur.
599 1566 628 1619 2.
650 1560 792 1620 Ρ61166116
816 1581 881 1637 quas
905 1561 952 1618 hic
976 1561 1154 1638 proponitur,
1179 1579 1238 1620 non
1264 1569 1310 1620 est
1334 1560 1473 1638 perfectio

264 1645 373 1721 glorio,
389 1663 475 1721 quam
499 1661 558 1720 prae
572 1641 683 1700 caeteris
697 1648 903 1700 consecuturus
915 1640 1026 1716 fnisset,
1052 1640 1104 1700 sed
1122 1641 1259 1717 perfectio
1265 1640 1392 1716 justitie,
1408 1659 1473 1716 quae

264 1724 360 1784 studio
375 1724 515 1782 bonoram
534 1741 652 1799 operum
667 1721 697 1778 in
718 1721 772 1778 hae
793 1720 855 1778 vita
879 1721 1032 1796 obtinetur,
1058 1740 1086 1798 q.
1102 1721 1140 1796 d.,
1164 1720 1197 1780 Si
1210 1722 1256 1778 vis
1269 1729 1298 1779 te
1312 1719 1471 1797 perfectum

263 1805 424 1879 ostendere,
449 1802 564 1880 qualem
588 1811 617 1860 16
635 1802 740 1879 jactae,
765 1799 853 1859 debes
874 1800 929 1860 hoc
953 1800 1151 1878 experimento
1175 1799 1248 1858 illud
1275 1801 1471 1878 comprobare,

263 1888 360 1944 omnia
373 1881 543 1959 vendendo;
569 1881 648 1959 quod
669 1899 706 1940 ex
731 1879 889 1958 quaestione
903 1881 925 1940 J
927 1882 1037 1956 avenis,
1060 1889 1089 1939 et
1104 1879 1210 1938 Christi
1224 1879 1262 1937 ad
1275 1900 1339 1940 eam
1353 1898 1471 1956 raspon-

263 1965 344 2022 aione
364 1972 453 2041 patet.
495 1965 523 2021 3.
546 1961 630 2036 Quod
645 1961 777 2020 Christus
798 1960 839 2019 ait
859 1979 946 2018 unum
960 1961 1003 2018 1111
1014 1962 1107 2019 deesse
1127 1979 1187 2018 non
1201 1959 1309 2019 evincit
1323 1959 1470 2018 Christum

261 2044 383 2120 probare
398 2063 462 2120 quae
487 2042 600 2099 dixerat
624 2040 660 2100 de
681 2039 882 2099 observatione
896 2040 1024 2116 perfecta
1038 2039 1135 2116 Legis,
1151 2040 1223 2100 alias
1236 2059 1295 2098 non
1308 2047 1472 2098 recusasset
1546 2067 1547 2124 ,

262 2123 382 2199 obsequi
396 2121 531 2180 mandato
547 2121 672 2196 Christi;
688 2129 732 2178 set
745 2119 779 2178 fit
792 2126 903 2177 tantum
924 2120 963 2177 ad
975 2119 1211 2196 explorationem,
1225 2129 1259 2178 ut
1271 2119 1365 2179 latens
1379 2119 1471 2196 hypo

262 2201 345 2260 crisis
366 2201 470 2259 vitium
490 2199 681 2275 detegeretur.
723 2203 751 2256 4.
774 2198 857 2256 Licet
879 2207 1054 2277 praeceptum
1068 2199 1213 2258 vendendi
1233 2199 1329 2258 omnia
1353 2198 1472 2256 nonsit

262 2281 397 2358 generale
421 2289 451 2337 et
475 2297 634 2351 commune,
649 2297 708 2336 non
723 2278 853 2354 sequitur
866 2297 929 2337 esse
944 2279 1104 2354 consilium,
1120 2279 1189 2356 quia
1202 2287 1297 2356 potest
1310 2297 1374 2337 esse
1396 2297 1469 2355 pras·

261 2368 377 2436 ceptum
392 2358 515 2436 speciale
539 2366 569 2416 et
592 2357 741 2433 personale
756 2361 919 2437 augeo-raah,
940 2358 1018 2435 quod
1032 2359 1118 2418 certis
1132 2359 1168 2417 de
1183 2358 1277 2416 causis
1290 2358 1470 2435 proponitur.

262 2442 291 2498 5.
313 2439 398 2514 Quod
413 2438 552 2511 Christus,
579 2437 670 2494 Maro.
685 2457 715 2496 x.
731 2441 778 2512 21,
794 2437 900 2496 dicitur
914 2459 975 2496 eum
989 2438 1126 2514 1111661666,
1142 2459 1201 2496 non
1225 2437 1311 2496 infert
1329 2437 1470 2513 juvenem

260 2538 332 2577 vera
345 2517 462 2592 dixisse,
485 2534 573 2594 quum
596 2535 626 2574 ae
651 2517 821 2576 observasse
836 2519 932 2576 omnia
944 2518 1033 2595 Legis
1053 2517 1189 2576 mandata
1203 2518 1388 2595 ajuventuto
1403 2537 1470 2594 pro·

261 2598 378 2658 fitetur:
393 2616 460 2656 nam
474 2595 600 2671 tristitia,
612 2616 698 2673 quam
710 2597 841 2674 concepit
851 2617 889 2655 ex
900 2597 1035 2656 mandato
1050 2598 1166 2674 Christi,
1183 2599 1254 2656 satis
1267 2597 1377 2655 evincit
1390 2617 1470 2655 amo·

261 2699 322 2736 rem
338 2679 401 2755 ejus
415 2696 486 2753 erga
501 2677 595 2734 Deum
610 2676 767 2752 perfectum
782 2696 840 2734 non
862 2675 959 2753 fuisse,
979 2676 1037 2736 sed
1051 2677 1166 2755 signum
1180 2677 1235 2737 fuit
1248 2677 1469 2752 benevolentiae,

260 2766 377 2835 propter
390 2755 565 2816 desiderium
587 2755 664 2832 quod
686 2757 846 2815 testabatur
869 2757 938 2815 vitae
954 2765 1068 2816 aeternae
1093 2757 1266 2830 obtinenda,
1287 2764 1317 2815 et
1337 2755 1468 2816 studium

261 2837 339 2916 quod
359 2835 538 2914 impenderat
551 2835 581 2892 in
596 2835 741 2913 implenda
756 2835 843 2913 Lege,
858 2836 927 2896 licet
942 2837 1002 2896 suis
1016 2837 1107 2896 naevis
1121 2857 1180 2895 non
1194 2843 1311 2895 careret.

302 2918 358 2976 VI.
381 2918 476 2992 Quum
493 2915 661 2992 Apostolus,
679 2919 695 2973 1
712 2915 777 2975 Cor.
792 2917 842 2975 vii.
859 2918 906 2990 25,
923 2917 1042 2993 opponit
1054 2916 1151 2993 γιᾶμηι
1165 2917 1284 2996 ἔπιταγῇ,
1310 2923 1339 2974 61
1352 2914 1425 2974 dicit
1439 2935 1471 2975 se

260 3016 320 3057 non
341 2997 447 3056 habere
470 2996 588 3066 iamin
615 3015 667 3054 sen
693 2998 859 3054 mandatam
882 2999 917 3054 de
943 2996 1103 3072 or'rqiazbna,
1127 2997 1178 3055 sed
1207 2997 1274 3054 dare
1298 2995 1395 3070 φάμεν
1417 3015 1470 3054 666

260 3079 421 3138 cenantium
444 3085 472 3134 et
491 3077 642 3152 6666111616,
658 3083 691 3134 61
704 3075 743 3134 V.
757 3075 796 3133 V.
811 3074 922 3151 reddit;
944 3075 1017 3134 nihil
1031 3076 1119 3134 habet
1132 3075 1210 3153 quod
1224 3075 1320 3134 faveat
1339 3075 1470 3134 consiliis

262 3157 450 3236 Evangelicis
465 3155 700 3230 Pontificiorum3
722 3153 791 3232 quia
801 3156 897 3232 agitur
911 3155 946 3214 de
960 3175 991 3213 re
1005 3155 1097 3214 libera
1110 3165 1140 3217 et
1154 3155 1319 3233 adiaphora,
1335 3175 1400 3231 qna
1415 3175 1469 3212 nec

261 3237 390 3312 praestita
413 3254 467 3292 nec
480 3236 589 3292 omissa
610 3234 701 3292 ullum
715 3242 825 3292 reatum
841 3233 971 3308 inducit;
993 3255 1059 3294 nam
1075 3236 1137 3294 sive
1152 3235 1236 3312 virgo
1250 3234 1390 3312 nupserit,
1408 3235 1470 3292 siro

261 3329 328 3389 non,
344 3313 461 3371 minime
475 3321 583 3388 peccat,
599 3331 664 3370 cum
683 3320 802 3388 uterque
827 3320 920 3371 status
945 3314 1008 3372 Deo
1033 3324 1133 3391 gratus
1146 3334 1210 3374 esse
1224 3315 1324 3392 possit,
1350 3315 1376 3372 si
1390 3315 1421 3373 in
1435 3333 1471 3371 eo

162 3453 167 3466 ,
261 3414 332 3470 pure
346 3409 503 3450 versemur.
545 3395 572 3448 2.
596 3391 656 3448 Noc
680 3390 706 3447 si
731 3391 839 3448 Paulus
864 3391 980 3469 subjicit
1003 3395 1100 3453 metius
1116 3398 1225 3470 facere,
1241 3414 1269 3454 v.
1290 3397 1340 3468 38,
1361 3399 1472 3474 agriem

262 3477 344 3547 ποιῶ,
355 3471 403 3548 qui
413 3469 555 3546 virginem
565 3470 714 3545 innuptam
729 3469 874 3546 relinquit,
884 3479 943 3528 tam
957 3471 1094 3550 intelligit
1108 3475 1208 3532 bonum
1216 3475 1359 3533 honeatum
1370 3485 1398 3532 et
1410 3494 1470 3532 mo·

261 3556 333 3626 rulo,
351 3548 505 3629 (siquidem
520 3569 557 3608 ex
571 3549 634 3624 ipso
651 3549 750 3622 Paulo,
766 3567 794 3607 v.
811 3552 858 3624 28,
884 3550 909 3608 si
928 3553 1019 3611 nubat
1033 3554 1116 3630 virgo
1131 3573 1189 3612 non
1203 3561 1312 3630 peccat,
1328 3561 1358 3612 et
1374 3553 1469 3611 Hebr.

262 3632 324 3690 xiii.
335 3635 362 3705 4,
378 3632 456 3705 siam
471 3638 515 3686 eat
529 3629 611 3704 γάμος
626 3630 936 3702 ὲιπέπ,1οηοναπᾱ661
951 3641 991 3690 cst
1003 3634 1161 3709 conjugium
1175 3633 1205 3691 in
1219 3633 1366 3712 omnibus)
1383 3651 1471 3710 quam

261 3712 328 3769 utile
351 3718 379 3768 et
390 3711 571 3784 commodum,
586 3718 702 3785 propter
723 3729 865 3768 aerumnas
878 3711 982 3786 varias,
1008 3731 1081 3789 quas
1094 3721 1160 3789 post
1174 3732 1204 3771 se
1218 3713 1307 3770 trahit
1320 3713 1469 3771 matrimo-

261 3791 350 3864 nium,
376 3796 406 3847 et
426 3788 569 3865 praecipue
583 3788 693 3847 ratione
707 3789 843 3865 temporis
857 3789 943 3866 111166,
959 3800 1076 3868 propter
1089 3792 1229 3852 instantes
1242 3792 1469 3868 persecutiones,

260 3870 292 3930 in
304 3870 412 3948 quibus
425 3867 528 3926 melius
542 3867 590 3945 agi
614 3867 738 3928 debebat
751 3888 816 3926 cum
828 3869 988 3946 caelibibus,
1013 3890 1099 3948 quam
1114 3891 1180 3930 cum
1194 3871 1367 3948 conjugatis,
1391 3869 1470 3948 qnod

263 3949 423 4026 Apostolus
447 3968 475 4006 v.
491 3949 529 4005 28
551 3947 653 4020 innuit,
679 3951 747 4006 talea
770 3949 946 4021 afflictionem
959 3949 1083 4008 161116νί
1093 3960 1158 4010 aunt
1170 3951 1199 4009 in
1213 3970 1307 4024 66166,
1323 3958 1353 4007 61
1367 3969 1398 4009 v.
1421 3953 1469 4024 35,

262 4030 389 4086 16611166
410 4033 469 4107 πςὶς
483 4032 510 4085 st
526 4030 590 4102 1μῶ
604 4029 732 4108 repetens,
755 4031 796 4089 ad
808 4031 981 4086 commodum
994 4038 1124 4088 vestam.
1167 4033 1195 4088 3.
1210 4029 1241 4088 Si
1254 4029 1363 4088 beatior
1377 4049 1468 4088 voca·
1546 4035 1547 4104 j

262 4115 310 4166 tur
323 4127 387 4183 quae
402 4107 432 4164 in
446 4115 522 4166 statu
536 4108 686 4166 coelibatus
700 4110 901 4182 1666616411,
917 4109 971 4166 hoc
987 4108 1207 4185 intelligendum
1220 4128 1279 4167 non
1293 4116 1339 4167 661
1353 4107 1390 4166 de
1404 4128 1468 4185 por·

261 4186 374 4246 iectiori
396 4186 492 4261 aliquo
507 4185 600 4262 gradu
613 4187 721 4262 gloriae,
737 4187 789 4245 sed
802 4186 838 4245 de
853 4196 930 4246 statu
944 4187 1031 4264 hujus
1046 4188 1122 4264 vite,
1144 4189 1213 4266 quia
1226 4188 1323 4247 minus
1337 4186 1469 4247 afflictio·
1546 4187 1547 4192 ’

260 4265 347 4325 nibus
360 4273 391 4323 et
404 4265 610 4324 tentationibus
624 4265 724 4325 debuit
737 4285 800 4324 esse
814 4266 954 4342 exposita.

302 4345 376 4405 VII.
398 4344 531 4402 Eunuchi
541 4344 578 4403 de
592 4345 697 4421 quibus
711 4346 814 4423 agitur,
831 4345 889 4404 lea.
903 4345 955 4404 lvi.
970 4348 998 4421 3,
1013 4349 1041 4423 4,
1053 4347 1158 4423 quibus
1172 4347 1349 4424 promittitur
1365 4349 1384 4378 “
1395 4345 1472 4405 intra

261 4445 359 4485 muros
382 4424 546 4484 Jerusalem
571 4425 693 4501 spatium
718 4435 748 4484 et
769 4443 874 4484 nomen
896 4425 999 4484 melius
1012 4445 1099 4503 quam
1119 4426 1244 4485 filiorum
1258 4436 1288 4485 et
1302 4425 1469 4501 filiarum;’'
1546 4451 1547 4504 ,

261 4525 320 4564 non
335 4514 402 4564 sunt
416 4503 550 4563 Eunuchi
564 4504 726 4578 voluntarii,
749 4505 797 4581 qui
819 4524 850 4562 se
864 4513 933 4563 voto
947 4505 1070 4582 cuipiam
1085 4505 1302 4580 obstrinxerint,
1318 4505 1369 4564 sed
1384 4512 1469 4564 natu·
1546 4505 1547 4580 1

258 4586 344 4660 rules,
354 4585 404 4643 vel
417 4604 468 4660 per
481 4585 540 4643 vim
552 4583 628 4659 facti,
641 4583 746 4660 quibus
755 4583 809 4642 sub
823 4603 899 4642 novo
911 4584 1045 4661 Testem,
1058 4584 1214 4644 dummodo
1223 4585 1360 4662 pietatem
1371 4585 1469 4644 colue-
1546 4583 1547 4656 j

258 4665 326 4738 rint,
342 4663 517 4740 promittitur
531 4662 668 4721 admissio
681 4662 711 4719 in
734 4663 884 4738 Templum
899 4671 929 4721 et
943 4663 1097 4722 Civitatem
1113 4665 1176 4740 Dei,
1193 4664 1231 4724 id.
1247 4665 1278 4722 in
1293 4663 1466 4740 Ecclesiam,
1546 4661 1547 4750 1
