3202 5194
179 428 185 436 ¹
251 353 479 437 aasentias]
779 374 818 416 ns
832 375 910 417 neca
924 374 985 417 aar.
1405 363 1462 421 145

251 517 390 578 scortatio
404 537 422 575 a
437 514 563 593 Paganis
577 513 636 574 fere
651 535 702 592 pro
716 535 747 575 re
762 517 919 596 adiaphora
932 515 1102 592 habebatur,
1118 507 1168 577 vel
1182 519 1285 578 saltem
1306 538 1358 596 pro
1372 519 1460 580 levis·

251 599 326 658 sima
340 599 433 677 culpa,
454 596 612 674 praesertim
626 595 704 672 apud
719 597 846 673 Graecos,
870 597 947 675 apud
960 617 1034 674 qnos
1055 599 1183 676 scortari,
1206 607 1239 658 ut
1259 598 1300 657 ait
1315 600 1459 678 Comicus,

250 679 395 756 flagitium
409 696 468 736 non
482 684 552 736 erat.
594 680 623 735 4.
646 676 731 751 Quod
746 677 809 736 Lex
823 679 880 737 ista
893 687 960 738 ante
976 677 1090 738 Mosam
1104 678 1164 737 lata
1183 678 1246 755 fuit,
1270 679 1345 738 Gen.
1367 679 1408 738 ix.
1423 685 1458 758 4,

251 758 326 834 Quia
340 758 431 817 multa
445 755 657 815 caeremonialia
670 765 737 816 ante
752 758 866 817 Mosam
877 759 940 836 jam
954 757 1133 836 obtinebant,
1149 767 1182 818 ut
1195 758 1344 834 sacrificia,
1359 767 1390 819 et
1404 761 1458 819 cir·

248 839 397 898 cumcisio.
440 839 469 898 5.
485 836 570 912 Quod
583 837 657 896 ratio
673 835 761 914 Legis
776 839 814 897 sit
827 838 944 897 moralis
958 845 988 898 et
1001 847 1148 915 perpetua,
1164 859 1200 899 ne
1214 838 1346 898 homines
1360 859 1460 900 maue-

250 927 364 978 scentes
379 917 515 994 sanguini
527 917 655 976 humano
670 917 844 977 crudeliores
858 918 971 995 forent,
995 917 1069 992 Quia
1083 919 1157 977 ratio
1171 919 1288 977 moralia
1303 939 1361 978 non
1384 939 1458 978 sem·

249 1019 302 1078 per
320 998 416 1076 arguit
437 997 547 1074 Legem
570 997 717 1072 moralem,
743 1007 775 1058 ut
796 999 911 1076 septimi
935 997 994 1057 diei
1015 998 1180 1058 observatio
1208 999 1349 1058 rationem
1370 999 1460 1060 hahet

249 1079 389 1138 moralem
403 1097 440 1136 ex
455 1078 552 1153 quiete
568 1077 632 1152 Dei,
648 1097 707 1135 non
720 1086 817 1138 tamen
831 1087 876 1137 est
890 1078 1024 1153 moralis;
1046 1077 1121 1138 adde
1141 1079 1218 1157 quod
1240 1079 1313 1138 ratio
1335 1079 1386 1137 illa
1406 1081 1458 1140 ha·

248 1159 312 1217 buit
325 1158 436 1236 aliquid
449 1157 562 1216 forense
577 1158 825 1218 accommodatum
839 1158 956 1218 duritiei
970 1167 999 1217 et
1012 1158 1127 1217 ferociae
1146 1159 1242 1236 gentis
1263 1158 1285 1218 J
1286 1157 1406 1234 udaicae,
1428 1169 1459 1220 et

248 1259 300 1316 pro
325 1239 435 1296 ratione
459 1238 539 1296 illius
563 1235 709 1314 temporis,
731 1258 789 1314 quo
811 1246 878 1298 ante
892 1239 1035 1298 diluvium
1049 1239 1213 1298 immaniter
1232 1239 1355 1316 grassati
1376 1247 1459 1298 erant

248 1317 377 1378 caedibus
391 1327 421 1377 et
434 1317 601 1391 latrociniis,
618 1317 693 1376 Gen.
709 1317 748 1375 vi.

290 1398 404 1458 XXII.
426 1401 454 1456 6.
470 1397 532 1456 Neo
547 1397 671 1474 danique
685 1397 764 1474 quod
777 1397 945 1458 confirmata
959 1405 1004 1458 est
1017 1419 1068 1476 per
1084 1399 1235 1476 Synodum
1246 1398 1457 1477 Gangrensern,

249 1497 312 1555 oap.
328 1482 355 1553 2,
371 1485 401 1536 et
415 1477 764 1554 constantinopolitanam
777 1478 942 1555 secundam,
965 1498 1028 1555 cap.
1050 1481 1098 1554 67,
1120 1487 1150 1538 et
1170 1499 1188 1536 a
1210 1479 1306 1538 Leone
1329 1481 1457 1556 Impera-

247 1565 309 1617 tore
324 1557 354 1615 in
367 1557 469 1634 quinto
484 1556 590 1633 secula,
607 1565 636 1616 ct
649 1555 700 1615 diu
714 1557 868 1617 observata
887 1558 918 1615 in
940 1557 1073 1616 Ecclesia
1094 1559 1273 1634 Christiana;
1296 1559 1372 1618 unde
1387 1560 1457 1618 Ter·

248 1638 312 1696 tull.
326 1637 357 1694 in
372 1636 499 1714 Apolog.
515 1655 577 1714 cap.
594 1638 621 1712 9,
636 1637 712 1695 inter
725 1645 903 1697 tentamenta
917 1637 1146 1696 Christianorum
1159 1639 1247 1698 refert
1259 1640 1354 1697 solitos
1365 1640 1457 1713 faisse

248 1717 395 1776 comem
415 1717 481 1793 ἐρεῖς
505 1718 610 1775 botulos
629 1736 730 1775 mucre
754 1717 905 1789 distent&
926 1726 959 1776 ut
982 1717 1069 1776 hodie
1094 1717 1217 1777 Armeni
1242 1718 1351 1795 Legem
1376 1719 1456 1777 illam

248 1799 411 1870 observant,
434 1815 487 1855 nec
510 1796 615 1856 desunt
633 1817 672 1856 ex
697 1797 929 1856 Proteatantibus
952 1797 1003 1874 qui
1035 1816 1098 1855 eam
1123 1797 1303 1856 retinendam
1327 1807 1455 1858 censent.

247 1877 323 1952 Quia
335 1876 496 1935 authoritas
509 1876 636 1936 humana
650 1896 708 1934 non
723 1876 810 1936 debet
823 1875 1042 1954 preponderare
1055 1876 1171 1951 divinae,
1188 1896 1246 1954 qua
1260 1877 1457 1938 destituuntur

247 1957 390 2017 Veteres:
411 1956 574 2015 diuturnior
587 1975 658 2016 usus
673 1955 762 2033 Legis
777 1956 861 2015 istius
876 1965 920 2016 est
941 1977 979 2014 ex
999 1975 1136 2033 perversa
1156 1957 1214 2016 loci
1235 1956 1319 2016 istius
1340 1959 1456 2035 exposi-

247 2037 335 2112 tione,
351 2045 381 2096 et
394 2044 530 2113 acceptus
553 2035 688 2096 ferendus
702 2055 801 2096 eorum
824 2036 946 2096 inscitiae
971 2046 1000 2095 et
1020 2035 1172 2115 καοζηλίᾳ,
1195 2037 1245 2114 qui
1269 2057 1315 2096 res
1339 2047 1457 2115 propter

247 2116 326 2176 aliud
339 2125 369 2176 et
391 2119 462 2174 naret
475 2121 501 2174 rt
524 2116 679 2192 institutas,
695 2115 874 2192 distinguere
895 2115 1081 2176 nesciverunt
1096 2118 1144 2178 vel
1164 2117 1320 2178 noluerunt
1340 2117 1455 2178 abillis

248 2211 313 2274 qua
326 2196 496 2276 simpliciter
510 2204 540 2256 et
552 2205 670 2275 propter
683 2215 715 2256 se
728 2204 797 2256 sunt
811 2195 971 2256 servande.

672 2520 866 2596 QUAESTIO
891 2521 1017 2582 XXVI.

390 2681 439 2741 An
455 2681 651 2758 chsorenae'a
664 2681 700 2740 sit
712 2683 853 2760 odropm
866 2683 896 2742 in
909 2683 992 2743 Nouo
1008 2683 1207 2742 Testamcntol
1239 2680 1315 2741 Dist.

332 2905 338 2918 ,
551 2841 576 2900 Ι.
603 2841 666 2900 Lex
685 2841 811 2916 forensis
839 2861 890 2900 seu
914 2841 1069 2902 Judioialis
1096 2841 1151 2900 fuit
1178 2839 1214 2899 de
1239 2838 1458 2900 Gubernatione

279 2901 464 3011 Lmfflffl
510 2920 589 2979 civili
603 2921 703 2999 populi
718 2921 774 2980 Dei
788 2922 819 2979 in
832 2921 872 2980 V.
886 2922 930 2997 T,
946 2931 976 2980 et
989 2921 1132 2980 continuit
1147 2921 1281 2997 Systema
1299 2928 1457 2997 praecepto·

510 3021 573 3059 rum
589 3001 624 3060 de
639 3001 730 3060 forma
743 3001 828 3060 iatius
846 3001 996 3079 regiminis
1016 3001 1137 3078 politici.¹
1178 2999 1276 3075 Hujus
1296 2999 1369 3057 tinas
1383 2999 1458 3058 varii

251 3077 373 3156 fuerunt,
391 3084 417 3139 1.
428 3082 541 3154 Εὖτιξίι
555 3089 584 3140 et
597 3081 728 3158 legitima
742 3081 910 3140 constitutio
922 3079 1264 3155 parcimoniaeque
1278 3077 1379 3138 debuit
1392 3097 1458 3138 esso

250 3177 318 3217 vara
328 3161 474 3241 languerit,
490 3172 523 3221 ut
537 3181 600 3220 eam
614 3170 700 3220 vocat
713 3161 882 3237 losephus3
904 3164 932 3219 2.
948 3160 1093 3218 Discretio
1113 3159 1198 3217 istius
1214 3158 1296 3236 Reip.
1312 3165 1341 3217 et
1362 3158 1458 3235 gentis

251 3238 287 3296 ab
301 3241 435 3301 omnibus
449 3241 514 3301 aliis
534 3241 649 3319 populis
662 3250 693 3300 et
708 3240 940 3317 Rebuspublicis,
964 3249 994 3299 et
1014 3248 1048 3299 ut
1073 3237 1178 3298 Politia
1202 3238 1252 3296 illa
1274 3246 1351 3298 esset
1373 3238 1458 3299 sedes

251 3312 398 3394 Ecclesiae,
414 3330 444 3382 et
456 3322 539 3381 locus
552 3320 777 3397 patefactionum
793 3321 865 3396 Dei;
888 3319 1094 3379 evindicatio
1109 3319 1199 3396 Legis
1212 3318 1330 3377 moralis
1350 3327 1381 3377 et
1401 3339 1456 3377 cae-

249 3400 414 3459 remedialis
427 3422 445 3459 a
463 3409 637 3478 contemptu,
660 3400 790 3478 adeoque
804 3399 936 3478 obsequii
957 3419 1027 3476 erga
1046 3407 1198 3475 unamque
1219 3407 1249 3457 et
1269 3397 1457 3475 obligationis

249 3477 414 3556 adstrictio;
436 3485 465 3540 4.
480 3479 675 3539 Adumbratio
690 3480 786 3557 Regni
801 3479 959 3557 spiritualis
974 3479 1091 3538 Christi.

249 3584 285 3632 υς
309 3589 361 3644 050,
391 3589 491 3647 ,hm
562 3559 605 3618 II.
629 3559 712 3618 Circa
725 3559 942 3636 abrogationem
956 3559 1019 3636 ejus
1040 3567 1100 3617 tres
1122 3557 1371 3618 suntseutentiao:
1394 3557 1457 3616 Pri-

278 3645 345 3692 usne
367 3649 418 3692 tres
439 3661 492 3693 sen·
512 3659 560 3697 ma
572 3639 603 3696 in
618 3639 740 3715 defectu,
755 3639 1016 3715 Anahnptistorum,
1037 3645 1066 3697 et
1086 3639 1310 3714 Antinomowm,
1321 3638 1371 3714 qui
1391 3657 1457 3698 eam

251 3781 254 3788 Ι
279 3705 372 3750 “²²¹²
512 3719 644 3779 absolute
659 3729 689 3778 et
702 3719 796 3796 simpl.
812 3717 910 3796 quoad
930 3719 1026 3777 omnia
1046 3718 1215 3794 abrogatam
1228 3727 1362 3794 censent,
1385 3717 1457 3776 Ideo

250 3815 429 3876 quaecuaque
443 3797 583 3857 adversus
597 3799 677 3876 ipsos
690 3819 728 3857 ex
742 3798 811 3857 Vet.
826 3797 1011 3856 Testamento
1025 3797 1151 3856 rationes
1165 3805 1302 3874 petuntur
1321 3816 1373 3872 pro
1390 3797 1457 3872 jure

250 3875 449 3954 Magistratus,
465 3887 496 3938 et
508 3879 587 3954 belli,
603 3898 656 3956 pro
669 3878 871 3937 haereditatum
885 3877 1086 3952 divisionibus,
1109 3885 1138 3936 et
1160 3875 1254 3950 siunt,
1270 3876 1325 3932 hac
1339 3895 1397 3934 aura
1410 3895 1456 3934 re·

249 3957 402 4034 sponsione
417 3958 512 4017 solent
526 3959 649 4032 solvere,
664 3957 790 4017 forensia
803 3958 859 4016 ista
872 3977 945 4032 esse,
961 3957 1043 4016 etad
1058 3956 1196 4034 populum
1219 3953 1412 4012 Israeliricum
1427 3963 1457 4014 et

248 4035 286 4094 V.
301 4036 380 4095 Test.
405 4038 558 4113 pertinere,
575 4037 627 4096 sed
648 4057 726 4096 nunc
751 4037 805 4096 sub
827 4037 912 4096 Novo
932 4036 1073 4113 abrogata
1093 4055 1174 4110 esse;
1199 4033 1333 4092 Secunda
1352 4033 1383 4091 in
1404 4054 1456 4092 ex·

248 4133 454 4190 serracorum
478 4116 528 4193 qui
550 4117 660 4194 Legem
680 4117 767 4176 istam
787 4116 882 4175 adhuc
897 4117 1005 4193 vigere,
1028 4122 1058 4175 et
1078 4112 1257 4174 retinendam
1278 4121 1404 4188 censent,
1427 4119 1457 4172 et

249 4193 337 4272 Resp.
353 4195 532 4255 Christianae
546 4196 584 4255 ad
597 4215 727 4254 normam
743 4196 765 4256 J
766 4195 878 4256 udaicas
892 4195 1034 4273 regendas
1048 4214 1121 4268 esse,
1136 4213 1201 4271 quae
1220 4191 1276 4251 fuit
1291 4192 1455 4253 Carolosta·

247 4275 295 4350 aa,
322 4283 357 4350 et,
373 4275 542 4335 Guatoliom's
566 4277 718 4352 sententia,
741 4275 779 4334 ad
799 4295 872 4352 quos
892 4277 1109 4334 Brachmanae
1130 4273 1314 4332 Lutheranus
1334 4271 1455 4331 accedit.

247 4351 379 4432 Utraque
403 4374 504 4414 aveto
519 4355 653 4416 aberrat:
676 4355 768 4430 Prior,
783 4355 852 4431 quia
873 4355 915 4414 sic
936 4355 1027 4413 multe
1047 4353 1167 4412 moralia
1187 4352 1327 4426 abrogata
1347 4359 1453 4426 essent,

245 4450 312 4509 quae
332 4433 448 4510 legibus
461 4433 625 4494 forensibus
644 4436 848 4510 continentur,
872 4434 1027 4510 Posterior,
1042 4433 1111 4509 quia
1125 4432 1166 4490 sic
1180 4429 1272 4488 multa
1285 4428 1383 4504 typica
1403 4430 1455 4488 ob-

245 4513 390 4570 servanda
403 4523 509 4590 essent,
525 4523 554 4573 et
567 4535 633 4592 quae
648 4535 666 4573 a
683 4523 845 4592 temporum
867 4522 1028 4573 nostrorum
1049 4512 1160 4570 ratione
1182 4515 1249 4567 sunt
1269 4506 1454 4568 alienissima·

246 4589 349 4649 Tertia
363 4593 603 4670 Orthodoaeorum,
618 4594 669 4671 qui
683 4593 810 4653 medium
825 4601 957 4652 tenentes
970 4590 1155 4650 distinetione
1169 4607 1230 4648 rem
1243 4586 1410 4663 expediunt,
1425 4596 1457 4650 et

244 4669 492 4750 secundum-quid
505 4673 675 4752 abrogatam
689 4693 762 4749 ease,
777 4671 936 4751 meandum
951 4671 1021 4750 quid
1035 4689 1105 4729 vero
1119 4667 1214 4728 adhue
1227 4673 1376 4728 retentam.

350 4767 422 4810 raas
436 4770 468 4811 11.
1193 4767 1215 4806 rr
