3152 5198
169 349 280 398 eumer.
296 329 377 410 vrri]
611 347 648 386 ne
670 345 923 387 susrrrrcarrosa.
1330 331 1389 387 595

170 492 249 566 viva,
265 489 317 549 sed
330 497 465 564 mortua;
496 487 562 563 Sed,
587 489 636 544 An
659 485 869 563 quajnatzflcat,
885 505 935 544 sen
951 487 980 544 iu
994 497 1061 548 aeta
1074 488 1137 566 ipso
1155 488 1381 568 justificationis,

171 571 225 630 sub
239 569 291 629 tali
306 577 384 639 σχίιιι
399 567 554 646 spectanda
573 567 610 626 sit
625 590 632 642 ς
655 566 738 641 Quod
753 585 901 642 negamus.

213 651 286 710 VII.
310 649 396 709 Unde
419 648 546 723 Quaestio
567 667 601 706 eo
623 647 705 722 redit,
728 645 778 703 An
809 645 890 720 fides,
912 666 970 705 non
999 656 1032 706 ut
1056 649 1185 724 objectiva
1206 658 1250 708 est
1278 649 1380 708 salutis

171 731 311 806 doctriua,
327 729 379 788 sed
393 729 543 804 subjective,
558 735 591 786 ut
605 726 724 786 salutari
738 726 787 784 isti
808 725 945 786 doetrinae
970 729 1126 788 assentitur
1139 737 1168 787 et
1182 749 1245 787 eam
1260 729 1316 786 sibi
1329 749 1379 806 ap·

171 813 278 890 plicat;
300 829 359 867 non
384 829 441 888 qua
465 807 575 884 aliquid
598 805 791 884 promittimus
813 814 846 865 ut
859 806 917 882 fiat,
934 807 984 865 sed
1009 829 1066 884 qua
1089 809 1328 886 promissionibus
1349 809 1380 866 in

172 892 287 952 Christo
301 889 450 948 innitimur
464 895 497 947 ut
511 887 650 962 satisfiat;
665 890 735 962 soba,
751 906 809 945 non
828 886 939 945 ratione
961 889 1118 964 exstantiae,
1142 889 1173 947 id
1199 897 1251 964 est,
1281 889 1379 948 solita·

171 972 214 1030 ria
228 972 336 1046 absque
346 989 396 1046 spe
408 978 437 1027 et
445 968 592 1042 charitate,
605 968 657 1026 sed
667 967 777 1026 ratione
787 967 910 1024 muneris
919 986 969 1025 seu
979 969 1134 1043 efficientiae,
1148 969 1287 1046 justificet
1299 991 1306 1044 3
1321 988 1380 1028 non

172 1071 223 1129 per
243 1050 360 1108 modum
384 1049 602 1127 preparationis
625 1067 690 1106 eum
705 1047 816 1106 caeteris
837 1045 1002 1122 virtutibus,
1018 1049 1067 1107 vel
1080 1049 1183 1125 meriti,
1199 1049 1251 1107 sed
1264 1051 1379 1108 rebrtive

170 1151 223 1208 per
246 1129 364 1188 modum
388 1129 499 1206 organi,
516 1127 748 1188 satisfactionem
762 1127 869 1185 Christi
894 1128 1143 1206 apprehendentis
1159 1138 1188 1188 et
1209 1129 1380 1189 fiducialiter

172 1209 352 1288 applicantis.
395 1209 512 1288 Negant
528 1207 680 1284 Pontifieii,
697 1208 758 1266 Nos
772 1205 936 1265 asserimus.

172 1330 255 1375 Finem
267 1331 343 1374 solam
361 1329 412 1385 jus·
474 1288 567 1347 VIII.
590 1288 696 1364 Primo,
712 1287 786 1362 Quia
799 1287 885 1345 homo
896 1287 1137 1363 justificaturfide
1152 1289 1213 1348 sine
1228 1289 1379 1368 operibns,

201 1388 295 1433 ersom
326 1389 410 1444 proba.
434 1369 513 1445 Ergo
528 1368 590 1427 sola
603 1367 669 1427 fide.
712 1368 798 1426 Ratio
823 1367 1036 1444 consequentiae
1059 1369 1219 1445 manifesta,
1240 1369 1380 1446 quianon

172 1452 251 1549 12³1}-
281 1505 303 1549 R
374 1505 400 1549 Π,
438 1449 543 1508 dantur
566 1449 663 1525 plures
683 1447 763 1506 modi
779 1447 958 1524 justificandi
978 1448 1058 1507 hisce
1082 1448 1203 1525 duobus,
1219 1469 1272 1526 per
1294 1449 1381 1510 fidem

189 1536 238 1608 ⁸28.
247 1519 262 1548 ¹
281 1545 282 1548 ’
304 1519 353 1549 ⁰¹²¹·
403 1536 409 1549 “
438 1537 468 1588 et
482 1550 532 1606 per
546 1548 651 1606 opera3
674 1529 777 1605 Itaque
799 1534 910 1586 remote
923 1547 990 1602 uno,
1005 1547 1123 1587 necesse
1137 1537 1182 1588 est
1195 1549 1254 1587 non
1267 1537 1380 1590 tantum

436 1609 558 1669 alterum
582 1609 715 1685 relinqui,
745 1608 905 1667 sedebam
931 1609 1032 1684 solum,
1059 1609 1186 1685 alioquin
1201 1610 1378 1670 enumeratio

172 1709 230 1748 non
244 1687 318 1748 soret
331 1687 470 1766 legitime.
504 1689 562 1748 Cur
576 1709 645 1748 vero
659 1690 745 1748 toties
758 1696 788 1747 et
802 1696 860 1747 tam
875 1708 1010 1767 expresse
1026 1687 1186 1766 Apostolus
1201 1689 1379 1750 Antithesim

172 1777 269 1846 posset
283 1769 433 1828 instituere
447 1770 523 1829 inter
532 1769 618 1828 fidem
633 1777 663 1829 et
676 1789 763 1847 opera
776 1768 806 1825 iu
819 1769 875 1826 hoe
889 1769 1015 1845 negotio,
1027 1769 1052 1828 si
1061 1789 1148 1846 opera
1162 1789 1227 1827 cum
1237 1769 1295 1828 fide
1308 1789 1379 1846 quo·

173 1868 285 1926 cunque
300 1848 435 1908 modoad
452 1849 668 1925 justificationis
679 1858 775 1910 actum
789 1852 1013 1908 concurrerent?
1054 1849 1156 1908 Nonne
1179 1850 1234 1908 hae
1249 1850 1279 1907 in
1299 1858 1380 1927 parte

173 1929 287 1987 errandi
311 1929 491 1988 occasionem
513 1930 683 2006 praebuisset
707 1929 850 2004 fidelibus,
866 1948 953 2005 opera
966 1929 1097 1987 absolute
1112 1936 1141 1988 et
1154 1929 1322 2006 simpliciter
1336 1950 1379 1990 re·

172 2010 316 2067 movendo
331 2009 368 2066 ab
382 2029 424 2081 ea,
441 2010 466 2066 si
480 2008 589 2086 aliquid
604 2009 718 2068 adeam
733 2008 907 2068 conferunt?
948 2009 1157 2086 Expendantur
1180 2009 1245 2068 loca
1265 2009 1317 2068 illa
1330 2029 1381 2068 va·

173 2089 223 2163 ria,
239 2089 345 2165 quibus
359 2089 517 2148 exclusisse
531 2088 712 2165 adhibentur,
728 2096 757 2147 et
770 2107 816 2146 res
837 2088 902 2146 luce
916 2088 1074 2146 meridiana
1088 2089 1192 2147 clarior
1205 2089 1278 2148 erit:
1295 2090 1379 2149 Rom.

172 2167 213 2226 iii.
229 2171 276 2244 28,
291 2171 308 2200 “
318 2169 524 2229 Concludimus
538 2169 683 2228 hominem
700 2167 853 2247 justificari
864 2167 921 2226 fide
936 2169 997 2227 sine
1012 2168 1146 2246 operibus
1161 2168 1250 2245 Legis
1260 2170 1287 2244 ;''
1304 2169 1380 2247 Eph.

173 2247 202 2306 ii.
225 2249 252 2306 8.
296 2250 314 2282 ‘⁴
326 2248 428 2308 Gratia
438 2250 508 2308 estis
523 2251 630 2310 servati
640 2270 691 2327 per
704 2249 800 2324 fidem,
815 2247 902 2325 idque
913 2267 971 2306 non
986 2268 1024 2307 ex
1038 2246 1131 2323 vobis,
1142 2249 1198 2306 Dei
1209 2247 1316 2307 donum
1327 2257 1380 2326 est,

173 2347 231 2387 non
246 2349 284 2386 ex
298 2329 431 2405 operibus
442 2331 469 2404 ;'’
492 2330 532 2389 Et
546 2330 652 2389 elarius
663 2329 730 2390 Gal.
745 2329 774 2387 ii.
792 2331 838 2403 16,
863 2329 880 2359 “
894 2328 1024 2387 Scientes
1039 2329 1183 2386 hominem
1197 2349 1256 2388 non
1273 2329 1379 2406 justifi-

173 2407 233 2466 cari
247 2427 284 2465 ex
298 2407 433 2484 operibus
448 2409 545 2486 Legis,
572 2419 608 2464 tte
619 2418 651 2478 pt
663 2414 699 2463 διὰ
711 2416 816 2474 aetmm,
832 2407 882 2465 sed
897 2407 1048 2485 perfidem
1069 2409 1144 2468 Jesu
1159 2408 1266 2468 Christi
1281 2410 1308 2485 ;’'
1330 2409 1381 2468 ubi

173 2495 282 2545 certum
298 2495 342 2545 est
355 2488 524 2563 particulam
540 2500 590 2559 stat
605 2508 668 2548 esse
683 2488 897 2547 adversativam
912 2495 941 2546 et
959 2487 1148 2563 exelusIvam,
1164 2497 1196 2548 ut
1211 2509 1286 2566 saepe
1301 2488 1380 2566 alibi,

175 2565 295 2644 (Marah.
311 2567 361 2626 xii.
377 2570 404 2642 4,
420 2577 449 2627 et
472 2571 555 2630 xxir.
581 2571 629 2645 36,
652 2569 744 2627 Mare.
759 2568 821 2627 xiii.
844 2571 892 2640 32,
914 2569 985 2628 Joh.
1017 2568 1089 2626 xvii.
1117 2571 1163 2644 12,
1186 2567 1279 2646 Apoc.
1295 2569 1335 2628 ix.
1351 2573 1379 2645 4,

173 2655 202 2704 et
216 2646 277 2706 xxi.
294 2646 356 2728 tt)
372 2667 409 2706 ex
434 2647 464 2706 vi
485 2648 659 2708 immediatae
680 2649 870 2725 oppositionis
880 2647 948 2706 fidei
969 2656 998 2707 et
1013 2667 1139 2726 operum,
1155 2667 1219 2723 quse
1234 2667 1265 2706 se
1279 2657 1380 2708 mutuo

173 2727 287 2786 tollunt.
338 2727 399 2786 Nee
428 2729 574 2789 Pontificii
600 2728 657 2806 ipsi
679 2729 735 2786 hoc
759 2727 875 2786 diffiteri
896 2736 1026 2804 possunt.
1077 2728 1175 2784 Estius
1197 2726 1380 2788 doctissimos

171 2826 302 2884 quosque
324 2806 495 2884 interpretes
519 2811 594 2868 hanc
616 2809 787 2868 sententiam
812 2807 894 2885 sequi
908 2807 967 2882 ait;
984 2805 1061 2884 quod
1076 2807 1227 2865 confirmat
1240 2809 1378 2884 Salutem,

172 2888 474 2963 manumissionis
518 2890 638 2948 Frustra
662 2908 732 2965 ergo
747 2888 796 2946 alii
819 2886 994 2964 pertendunt
1018 2887 1065 2944 hic
1088 2896 1123 2941 ts.
1134 2895 1166 2954 μὴ
1182 2906 1245 2945 esse
1259 2890 1380 2964 excepti·

172 2987 245 3040 vum,
261 2977 293 3027 ut
307 2967 344 3027 sit
359 2987 469 3044 sensae,
485 2970 630 3028 hominem
644 2989 703 3026 non
713 2967 867 3045 justificari
881 2967 1024 3044 operibus,
1039 2965 1096 3024 nisi
1106 2965 1179 3025 fides
1192 2966 1223 3024 in
1235 2967 1380 3028 Christum

173 3046 293 3106 accedat
316 3046 354 3106 ad
376 3067 471 3125 opera.
514 3049 589 3124 Quia
613 3049 667 3107 hoe
692 3049 788 3126 ipsum
815 3055 868 3123 est,
893 3046 972 3124 quod
996 3046 1104 3105 Paulus
1118 3055 1267 3123 oppugnat
1281 3057 1381 3108 contra

174 3125 473 3205 Pseudo-Apostolos,
488 3130 539 3207 qui
552 3149 611 3187 non
626 3149 712 3206 opera
727 3128 789 3188 sola
802 3126 1011 3205 pertendebant
1024 3127 1170 3184 hominem
1183 3146 1269 3203 posse
1293 3127 1379 3204 justi·

171 3205 266 3280 ficare,
282 3207 334 3266 sed
348 3207 435 3266 fidem
449 3228 515 3268 enm
529 3210 664 3288 operibus
687 3209 855 3282 miscebant,
871 3215 903 3266 ut
916 3208 1020 3286 partim
1033 3205 1111 3280 fidei,
1126 3207 1230 3283 partim
1245 3207 1379 3284 operibns

169 3287 339 3364 justificatio
353 3289 535 3365 tribueretur,
546 3289 624 3367 quod
633 3296 763 3346 retusam
773 3307 836 3346 esse
848 3289 957 3346 Paulus
966 3307 1025 3346 non
1033 3286 1123 3345 semel
1131 3293 1261 3361 testetur,
1273 3295 1307 3345 ut
1315 3288 1379 3346 sat-

172 3386 249 3425 mero
259 3376 289 3426 et
301 3369 399 3426 Estiue
412 3369 467 3428 hoe
482 3377 652 3447 agnoscunt.
695 3368 762 3426 Non
774 3367 879 3428 melius
894 3368 1041 3427 Cornelius
1060 3387 1080 3424 e
1093 3366 1206 3443 Lepide
1220 3375 1318 3427 censet
1331 3367 1380 3426 hie

172 3445 289 3505 excludi
310 3456 423 3507 tentum
447 3469 535 3528 opera
559 3449 657 3526 Legis,
682 3447 735 3507 sed
756 3468 814 3507 non
837 3467 924 3526 opera
939 3448 1015 3524 Spei,
1032 3447 1157 3505 Timoris
1171 3455 1201 3506 et
1215 3446 1379 3524 Charitatis,

171 3545 236 3603 quae
251 3525 322 3586 fides
346 3527 441 3605 giguit
464 3538 493 3588 et
505 3529 648 3606 producit,
663 3547 728 3604 quae
742 3536 810 3587 sunt
825 3529 878 3587 sub
900 3527 966 3604 fide,
978 3535 1011 3587 ut
1024 3527 1091 3586 filiae
1106 3527 1160 3586 sub
1174 3533 1274 3586 matre.
1307 3527 1382 3602 Quia

172 3625 259 3683 supra
271 3607 398 3666 vidimus
412 3626 430 3664 a
445 3609 537 3668 Paule
551 3608 668 3668 excludi
690 3608 786 3665 omnia
804 3607 921 3665 omnino
935 3627 1030 3684 opera,
1051 3627 1110 3666 non
1123 3613 1236 3666 tantum
1248 3627 1380 3668 caeremo-

170 3685 266 3759 nialia,
280 3685 331 3746 sed
342 3695 371 3746 et
382 3688 509 3762 moralia,
525 3709 579 3747 nec
589 3695 702 3748 tantum
715 3687 866 3746 laetaante
880 3688 1012 3764 gratiam,
1028 3686 1079 3746 sed
1093 3687 1180 3746 etiam
1194 3707 1232 3746 ex
1243 3688 1336 3764 gratia
1350 3688 1380 3746 in

172 3765 288 3824 renatis.

301 3851 302 3854 ’
475 3848 535 3907 ΙΧ.
560 3846 702 3923 Secundo,
727 3845 802 3921 Quia
825 3865 876 3923 per
900 3845 973 3904 illud
996 3847 1088 3905 solum
1106 3844 1306 3922 justificamur,
1329 3864 1381 3922 par

173 3920 195 3966 ²·
211 3919 277 3969 0³³³
298 3923 353 3990 ‚⁸⁰¹³
372 3937 414 3994 er
434 3928 684 4006 quodapplicatur
703 3926 788 3985 nobis
805 3925 921 4005 justitia
935 3925 1049 3998 Christi,
1073 3923 1123 4000 qui
1142 3942 1193 3999 pro
1207 3923 1291 3980 nobis
1307 3923 1380 4002 Legi

187 3977 415 4092 fffflffihm'
436 4006 583 4066 satisfecit.
625 4007 669 4066 At
694 4007 750 4065 hoe
764 4006 797 4065 fit
820 4026 872 4083 per
906 4005 996 4063 solam
1023 4003 1130 4078 fidem3
1153 4002 1214 4060 Nee
1237 4002 1378 4080 charitati,

384 4121 389 4125 -
436 4086 484 4142 vel
498 4085 560 4162 spei
572 4087 627 4146 hoc
637 4085 783 4163 competit.
825 4085 891 4144 Non
903 4083 972 4161 spei,
988 4101 1053 4161 quae
1063 4102 1123 4142 rem
1137 4081 1308 4158 premissam
1322 4103 1380 4142 non

173 4160 371 4238 apprehendit,
388 4163 440 4223 sed
454 4173 597 4242 expectat.
639 4167 706 4226 Non
720 4165 862 4240 charitati,
877 4185 942 4242 quse
957 4169 1113 4240 occupatur
1140 4161 1216 4220 eirea
1237 4162 1379 4240 impletio·

174 4259 241 4299 nem
255 4241 393 4319 mandati,
409 4263 467 4302 non
481 4245 558 4304 circa
571 4246 768 4322 promissionis
782 4243 1048 4322 apprehensionem.

173 4358 195 4402 3,
218 4358 283 4407 Qu„
308 4361 417 4406 abrahe·
479 4323 522 4384 X.
544 4325 652 4402 Tertio,
668 4325 743 4400 Quia
763 4325 864 4384 eadem
886 4324 1005 4399 ratione,
1021 4341 1078 4400 que
1093 4320 1278 4378 Abrahamus
1293 4319 1381 4381 Pater

204 4429 261 4460 mus
290 4419 342 4463 sola
368 4419 417 4466 fide
438 4404 616 4464 credentium
626 4405 803 4484 justificatus
814 4412 866 4480 est,
879 4403 979 4464 eadem
994 4412 1023 4461 et
1033 4421 1086 4461 nos
1097 4401 1296 4478 justificamur,
1313 4403 1381 4478 quia

202 4473 356 4532 justificatus
375 4485 421 4526 ⁸³⁶·
441 4485 520 4562 quod
533 4485 570 4542 de
584 4485 635 4544 illo
656 4485 794 4562 seriptum
816 4492 869 4561 est,
884 4505 942 4543 non
964 4483 1001 4542 ad
1015 4483 1096 4541 illum
1111 4481 1261 4556 duntaxat,
1278 4480 1329 4539 sed
1343 4479 1381 4540 ad

174 4579 229 4620 nos
243 4561 330 4620 etiam
344 4566 476 4642 pertinet,
493 4565 578 4624 Rom.
594 4566 632 4626 iv.
648 4569 697 4625 24.
740 4565 782 4624 At
794 4564 1049 4624 Abrahamussole
1062 4561 1119 4621 fide
1137 4560 1312 4638 justificatus
1327 4569 1379 4640 est,

175 4639 250 4700 Gen.
265 4661 315 4702 xv.
331 4645 359 4720 6,
383 4644 543 4707 “Credidit
564 4645 714 4705 Abraham
726 4645 799 4722 Dee,
812 4655 841 4706 et
861 4645 904 4704 illi
917 4645 1091 4724 imputatum
1102 4650 1146 4702 est
1160 4639 1197 4700 ad
1207 4639 1380 4718 justitiam,'’
