3186 5210
139 368 248 419 111111.
265 347 310 429 1.]
556 365 833 407 11111111111111
855 367 934 406 1111.
1283 353 1341 408 471

139 532 214 589 saepe
236 516 369 568 manente
385 508 550 582 voluntate;
574 507 659 567 Unde
673 508 704 566 in
724 507 828 586 impios
842 508 928 566 etiarn
950 507 1035 582 cadit,
1052 515 1084 568 ut
1104 508 1134 565 in
1149 508 1295 585 Balaam0,
1320 515 1349 568 et

140 592 203 650 aliis
214 591 310 648 visum
325 612 331 648 :
368 589 426 648 Sed
442 587 569 665 operatio
582 587 691 647 Gratiae
712 588 874 646 necessario
897 587 982 646 infert
1003 589 1097 646 cordis
1117 589 1304 648 mutationem
1318 598 1349 649 11

139 670 299 731 sanctitatis
315 669 450 728 studium.

180 752 244 810 LV.
267 751 340 808 Cum
354 749 485 826 Spiritus,
502 748 552 824 qui
566 747 730 805 immediate
745 747 776 805 in
790 748 873 806 uobis
888 755 1029 824 operatur,
1052 748 1128 806 idem
1151 749 1188 808 sit
1212 748 1242 804 in
1257 750 1347 808 omni·

139 833 193 890 bus
219 831 338 902 Electis,
363 829 414 905 qui
438 829 559 906 inspirat
583 829 654 904 ipsis
669 827 852 886 dilectionem
866 827 1005 902 veritatis,
1033 837 1061 887 et
1083 829 1253 905 obsequium
1268 830 1345 905 fidei,

138 921 167 971 11
190 920 293 970 caetera
316 909 392 967 dona
419 909 489 985 ipsis
511 908 651 984 largitur;
692 909 846 984 Perpcram
871 908 1031 965 traducitur
1060 917 1198 984 tanquam
1223 909 1347 986 Spiritus

135 993 274 1068 privatis,
291 990 340 1066 qui
355 989 438 1047 nobis
453 987 642 1046 aPontifioiis
656 987 845 1064 injustissime
860 988 1004 1064 objicitur.

180 1072 262 1130 LVI.
286 1070 367 1127 Licet
381 1077 476 1126 motus
491 1067 641 1126 deliberati
656 1077 685 1125 11
699 1067 852 1125 rationales
867 1068 1012 1144 appetitus
1032 1068 1195 1146 supponant
1208 1068 1347 1146 praeviam

138 1152 332 1229 cognitionem
347 1149 510 1209 intellectus
525 1148 555 1206 in
569 1147 669 1206 ordine
683 1147 808 1205 naturali
822 1156 851 1205 et
864 1147 937 1205 bene
947 1149 1121 1221 constitute,
1139 1149 1205 1207 Non
1219 1149 1350 1226 sequitur

139 1234 180 1291 ita
195 1252 225 1290 11
240 1250 300 1288 rem
322 1229 428 1287 habere
457 1249 570 1305 semper
591 1228 622 1284 in
644 1227 744 1285 ordine
768 1227 935 1303 perturbato
956 1235 984 1284 11
1010 1237 1088 1287 statu
1115 1229 1245 1305 peccati:
1281 1229 1350 1305 quia

139 1313 245 1371 dantur
258 1310 333 1368 varii
348 1318 443 1368 motus
469 1307 659 1381 indeliberati,
677 1306 727 1384 qui
752 1308 884 1364 oriuntur
897 1307 933 1364 ab
962 1307 1113 1366 affectibus
1137 1309 1287 1384 corruptio,
1300 1309 1350 1385 qui

136 1393 279 1470 judicium
307 1390 401 1467 ipsum
425 1389 590 1447 intellectus
614 1395 811 1463 praevertunt;
844 1387 902 1443 imo
927 1386 964 1443 ad
978 1387 1051 1445 illud
1072 1408 1138 1446 curn
1153 1389 1305 1465 impellunt
1319 1397 1349 1447 11

141 1472 340 1544 determinant,
354 1470 440 1546 juxta
454 1467 527 1526 illud
541 1468 649 1540 tritum,
670 1468 707 1525 Ut
720 1467 835 1542 quisque
849 1475 889 1524 eat
902 1469 1018 1540 affictus
1024 1467 1147 1542 judicat.
1191 1469 1276 1526 Unde
1298 1489 1350 1545 per

140 1552 232 1611 solum
243 1550 385 1627 judicium
400 1549 564 1608 intellectus
586 1546 692 1624 corrigi
714 1566 771 1604 non
792 1555 921 1623 possunt,
945 1547 997 1604 sed
1021 1567 1038 1604 1
1060 1547 1162 1605 Gratia
1184 1546 1350 1605 immediata

140 1631 234 1691 sanari
249 1630 364 1688 debent.

181 1710 283 1769 LVII.
306 1708 444 1783 Quamvis
455 1707 559 1765 modus
574 1705 731 1765 secundum
746 1725 832 1780 quem
847 1706 940 1782 gratia
954 1705 1120 1763 immediata
1134 1706 1163 1763 in
1178 1705 1261 1763 nobis
1276 1706 1347 1782 agit,

139 1811 192 1850 nee
205 1790 331 1867 perfecte
346 1788 458 1864 concipi
473 1808 525 1846 nec
540 1787 662 1863 exprimi
673 1786 773 1862 possit,
788 1805 845 1843 non
861 1795 1010 1862 propterea
1022 1785 1084 1861 ejus
1096 1786 1203 1844 veritas
1216 1785 1350 1862 neganda

140 1881 201 1930 est:
241 1871 314 1928 Cum
335 1868 485 1926 innumera
506 1867 564 1925 sint
585 1886 706 1942 quorum
727 1866 834 1924 veritas
856 1887 872 1922 a
894 1885 1037 1942 quoquam
1059 1866 1159 1942 negari
1173 1885 1231 1924 non
1242 1874 1347 1943 potest,

138 1970 259 2029 quorum
268 1957 366 2007 tamen
381 1947 500 2007 modum
514 1968 531 2004 a
545 1946 625 2004 nullo
640 1945 765 2023 intelligi
780 1953 903 2004 constat.

615 2207 815 2279 QUAEsrlo
839 2207 877 2266 V.

139 2398 193 2454 Aa
206 2395 345 2469 inprime
361 2394 563 2454 Conversioais
576 2400 726 2460 momento,
741 2391 822 2450 homo
836 2411 912 2448 mere
922 2391 1035 2466 passive
1049 2413 1077 2450 se
1091 2394 1202 2464 11111111,
1217 2391 1351 2450 Ancora

180 2473 311 2532 voluntas
324 2477 382 2550 ejas
395 2478 496 2551 pratioe
510 2473 570 2532 Dei
590 2482 734 2544 utcunque
755 2473 945 2546 cooperetur?
986 2469 1074 2529 Prius
1094 2472 1221 2544 Affirm,
1237 2470 1350 2528 Poster.

181 2550 214 2609 N
215 2570 270 2626 eg,
286 2561 390 2611 contra
403 2573 506 2612 omnes
523 2549 717 2627 Synergistas.

181 2709 208 2768 Ι.
232 2709 367 2778 Quaestio
388 2713 452 2768 haec
472 2711 559 2768 nobis
579 2707 734 2765 intercedit
761 2724 829 2765 cum
850 2709 1022 2778 Pontifieiia‚
1040 2707 1213 2776 Soeinianis,
1239 2712 1270 2763 11
1294 2705 1352 2763 111-

139 2790 383 2860 monstrantibus,
397 2790 534 2864 Aliisque
544 2786 777 2860 Pelagianorum
796 2794 826 2844 et
846 2788 1153 2863 semipelagianorum
1169 2784 1351 2856 traducibus,

140 2867 193 2942 qui
214 2887 251 2924 ne
272 2869 400 2925 liberum
420 2867 550 2926 hominis
563 2863 720 2924 arbitrium
733 2864 870 2937 laedatur,
884 2867 933 2923 vel
952 2865 1107 2922 auferatur
1127 2863 1165 2920 ab
1185 2861 1306 2918 homine
1320 2861 1353 2918 in

141 2945 317 3018 vocatione,
329 2954 449 3004 censent
458 2947 490 3003 id
501 2945 633 3022 aliquam
644 2942 754 3000 habere
769 2953 893 3019 emtgynav
916 2950 947 3001 et
970 2961 1146 3000 concursum
1171 2958 1238 2997 cum
1257 2940 1354 3013 gratia

143 3023 209 3094 Dei,
225 3027 306 3082 unde
320 3023 392 3082 dicti
406 3031 478 3081 sunt
493 3023 671 3099 Spaorpa'stoe.

182 3101 228 3160 II.
250 3103 282 3161 N
284 3123 322 3161 on
337 3104 484 3177 quaeritur
499 3101 544 3160 De
559 3101 689 3158 secundo
706 3097 913 3158 Conversionis
933 3105 1095 3168 momento,
1109 3099 1141 3153 in
1158 3115 1219 3172 quo
1239 3102 1354 3153 eertum

140 3183 352 3239 esthominem
374 3200 434 3238 non
455 3199 535 3238 mere
549 3179 664 3256 passive
685 3195 715 3234 se
735 3181 853 3250 habere,
869 3181 920 3235 aed
935 3178 1001 3235 Deo
1015 3175 1174 3251 cooperari,
1191 3176 1237 3231 vel
1252 3174 1352 3248 potius

139 3259 332 3336 subopera1i3
354 3259 502 3334 siquidem
517 3266 586 3316 actu
610 3257 703 3315 credit
716 3265 746 3315 et
767 3276 798 3315 11
819 3259 858 3314 ad
874 3256 973 3314 Deum
995 3255 1147 3324 convertit,
1172 3255 1246 3309 dum
1271 3258 1354 3309 actus

139 3338 211 3412 agit,
231 3346 261 3396 11
279 3339 430 3413 regenitus
448 3345 600 3396 1111111111
618 3355 637 3392 a
655 3335 729 3404 Deo,
749 3337 878 3411 seipsum
898 3341 998 3392 movet
1019 3333 1058 3390 ad
1079 3332 1252 3389 exercitium
1267 3348 1353 3387 novae

140 3417 233 3488 vitae3
263 3417 322 3476 Sed
344 3416 390 3473 De
411 3415 507 3491 primo
536 3419 696 3484 momento,
718 3434 778 3490 quo
800 3413 930 3490 primum
961 3413 1154 3481 convertitur,
1183 3417 1213 3467 et
1242 3427 1354 3467 novam

139 3494 233 3552 vitam
247 3513 300 3570 per
312 3495 568 3568 regenerationem
583 3492 704 3567 accipit;
726 3493 758 3550 in
773 3512 833 3568 quo
846 3511 926 3548 mere
940 3491 1054 3566 passive
1069 3509 1099 3547 se
1113 3490 1222 3546 habere
1236 3489 1276 3545 ad
1289 3507 1354 3544 mo-

139 3573 213 3630 dum
228 3573 354 3648 subjecti
368 3573 544 3648 recipientis,
559 3590 620 3628 non
634 3588 705 3627 vero
719 3571 856 3646 principii
871 3570 997 3645 agentis,
1013 3568 1231 3626 contendimus.
1300 3563 1301 3568 '

182 3651 247 3710 III.
270 3652 342 3709 Non
357 3651 503 3726 quaeritur
517 3667 627 3719 rursus,
645 3649 696 3706 An
709 3651 800 3707 homo
815 3668 845 3706 11
860 3656 1030 3707 convertere
1041 3646 1135 3723 possit
1155 3647 1218 3704 sine
1239 3645 1352 3721 gratis:

139 3729 287 3787 Pontificii
301 3729 381 3786 enirn
392 3735 559 3804 agnoscunt
569 3727 772 3785 necessitatem
792 3728 896 3802 gratiae
918 3727 1074 3802 cujusdam
1095 3726 1303 3801 praevenientis
1324 3732 1354 3782 et

142 3808 299 3864 excitantis
310 3831 318 3877 3
343 3827 395 3865 nec
409 3809 569 3883 quisquam
590 3807 647 3862 hoc
658 3806 783 3864 sustinet
798 3823 934 3875 asserere,
945 3805 1002 3862 nisi
1013 3805 1065 3880 qui
1075 3804 1187 3880 peccati
1200 3801 1352 3875 originalis

140 3884 240 3939 labem
253 3885 342 3957 plane
355 3887 525 3960 negaverit:
549 3885 617 3954 Sed,
635 3885 684 3941 An
701 3883 853 3959 cooperari
866 3885 958 3958 possit
972 3884 1075 3957 gratiae
1089 3883 1134 3937 illi
1149 3879 1311 3937 excitanti?

183 3959 241 4016 IV.
264 3960 336 4018 Non
351 3963 505 4037 quaeritur,
522 3965 574 4022 An
595 3965 666 4019 ullae
681 3964 853 4020 necessariae
874 3962 933 4019 sint
953 3961 1159 4035 dispositiones
1173 3957 1205 4013 in
1219 3955 1349 4028 homine,

143 4038 253 4112 quibus
267 4041 305 4095 ad
321 4042 541 4100 conversionem
554 4048 757 4117 praeparetur:
786 4042 929 4099 Fatemur
943 4039 1022 4095 enirn
1044 4038 1074 4092 in
1096 4035 1244 4110 spirituali
1261 4051 1350 4106 gene·

140 4115 266 4186 ratione,
287 4135 348 4172 non
368 4118 468 4174 minus
488 4137 522 4176 ac
542 4121 574 4176 in
594 4119 734 4190 naturali,
750 4138 802 4196 per
815 4118 927 4175 multas
942 4115 1146 4191 praecedaneas
1164 4111 1350 4186 operationes

140 4196 179 4253 ad
201 4193 386 4269 spiritualem
406 4195 592 4254 nativitatem
612 4199 768 4273 perveniri,
796 4205 826 4254 et
850 4194 959 4264 Deum,
974 4193 1026 4267 qni
1050 4209 1125 4264 opus
1143 4190 1224 4245 istud
1244 4190 1275 4245 in
1297 4191 1351 4248 ho-

140 4273 221 4330 mine
242 4291 302 4329 non
323 4291 376 4348 per
396 4280 499 4349 raptus
512 4275 666 4346 violentos,
681 4277 729 4332 vel
750 4283 850 4334 motus
870 4269 1106 4329 Enthusiasticos
1119 4269 1186 4324 vult
1199 4285 1349 4344 peragere,

140 4352 191 4410 sed
212 4353 304 4408 modo
326 4358 443 4409 naturae
463 4359 571 4410 nostra
592 4354 788 4425 convenienti,
816 4360 847 4410 et
870 4350 1004 4426 quinon
1021 4365 1082 4404 uno
1110 4353 1272 4415 momento,
1298 4348 1350 4403 aed

140 4429 305 4488 successive
326 4437 356 4488 11
379 4430 528 4505 gradatim
542 4431 618 4489 illud
632 4439 799 4507 promovet,
814 4430 859 4487 uti
871 4429 960 4486 variis
973 4425 1225 4502 dispositionibus,
1240 4423 1349 4499 quibus

138 4512 230 4567 homo
251 4509 399 4584 paulatim
419 4515 602 4584 praeparetur
622 4512 660 4569 ad
681 4511 809 4588 gratiam
830 4509 993 4567 salutarem
1014 4504 1224 4579 recipiendam,
1245 4503 1350 4560 saltem

138 4589 170 4645 in
186 4587 356 4648 Vocatione
378 4587 546 4658 ordinaria;
570 4589 620 4648 Ita
640 4595 675 4647 ut
696 4589 771 4648 varii
792 4589 852 4646 sint
872 4593 955 4646 actus
970 4581 1162 4642 antecedanei
1176 4583 1215 4639 ad
1229 4598 1351 4638 conver-

139 4666 265 4742 sionem,
286 4675 316 4727 et
337 4665 424 4746 quasi
448 4667 561 4745 gradata
581 4669 623 4726 ad
642 4691 713 4742 rem,
737 4675 898 4744 antequam
919 4666 957 4724 ad
979 4669 1089 4721 statum
1118 4659 1350 4736 regenerationis
