3108 5198
100 403 215 453 anns‘r.
230 383 286 466 ra]
633 399 672 440 oa
687 401 764 440 urar
778 400 838 441 aar.
1312 389 1330 446 9

107 546 169 623 lari,
183 543 315 622 reliquis
330 540 518 620 manentibus
532 541 677 619 obligatis.
708 543 876 602 Declamatio
890 560 942 602 seu
955 545 1158 620 Inter-pretatis
1173 546 1264 623 Legis
1277 555 1331 623 est,

112 626 226 704 qnando
237 625 414 684 declaratur
428 622 537 698 Legem
550 623 581 680 in
594 621 691 699 aliquo
706 643 775 682 casu
788 643 847 681 non
861 623 999 700 obligare.
1041 626 1171 684 Irritatio
1186 634 1230 685 eat
1244 647 1334 703 quum

117 707 178 766 lex
201 705 342 764 aboletur
371 709 527 780 antequam
553 701 678 780 perfecte
706 702 834 780 obliget;
866 703 1021 778 Atropatio
1048 723 1137 781 quum
1165 705 1335 784 simpliciter

120 787 248 847 aboletur
273 782 452 858 attollitur,
478 800 543 859 quae
560 783 623 860 jam
643 782 770 860 perfecte
795 782 962 862 obligabat,
991 785 1158 862 Deroqutrb,
1182 805 1272 864 quum
1296 805 1334 847 ex
1451 857 1457 868 ¹

124 876 201 946 parte
213 866 340 939 tollitur,
356 871 387 922 et
401 881 440 921 ex
454 871 535 939 parte
549 872 655 921 manet.

161 947 221 1005 ΙΙΙ.
242 946 273 1006 2.
298 941 517 1020 Distinguenda
538 951 605 1002 sunt
628 945 777 1019 Praecepta
797 943 943 1020 simplicia,
959 943 999 1002 id.
1022 963 1100 1004 mere
1119 945 1248 1022 moralia,
1269 966 1333 1024 que

123 1035 189 1086 sunt
198 1027 276 1104 juris
289 1022 449 1098 naturalis3
472 1023 512 1081 Et
524 1023 615 1081 aniate
628 1043 666 1082 ex
687 1023 789 1082 morali
803 1032 832 1082 et
846 1023 1046 1098 caeremoniali,
1067 1044 1133 1101 quae
1147 1034 1215 1085 sunt
1228 1028 1334 1103 partim

119 1107 193 1185 jnris
206 1105 359 1179 naturalis,
373 1103 479 1180 partim
490 1103 566 1179 juris
579 1102 706 1180 positivi,
718 1111 751 1162 ut
764 1112 899 1180 quartum
913 1102 949 1162 de
965 1104 1122 1180 Sabbatha,
1132 1106 1211 1183 quod
1224 1107 1333 1167 morale

122 1195 167 1246 est
190 1185 288 1263 quood
312 1202 408 1261 genus
432 1183 527 1241 cultus
550 1183 668 1259 publici,
684 1183 881 1242 caeremoniale
895 1202 970 1242 vcro
979 1184 1076 1262 quoad
1090 1185 1334 1245 circumstantiam

121 1265 259 1343 temporis
273 1264 396 1338 definiti,
412 1269 442 1321 et
455 1262 596 1339 quintum,
611 1263 690 1340 quod
703 1263 811 1322 morale
822 1270 867 1322 est
877 1263 973 1340 quoad
988 1263 1112 1323 officium
1126 1267 1333 1344 praescriptum,

123 1357 153 1406 et
165 1345 389 1423 promissionem
402 1342 607 1420 longaevitatis,
622 1343 675 1403 aed
689 1343 886 1403 ceremoniale
900 1343 997 1421 quoad
1010 1344 1198 1422 appendicem
1211 1347 1333 1425 promis-

124 1426 216 1486 sionis
230 1435 314 1486 terre
330 1423 457 1484 Oauaan.

266 1572 272 1583 Ι
433 1502 489 1563 IV.
511 1505 539 1562 3.
561 1502 781 1564 Observandum
804 1506 860 1563 Jus
873 1504 933 1563 Dei
951 1511 1094 1582 quatenns
1115 1505 1233 1584 respicit
1256 1527 1335 1567 crea-

146 1571 358 1676 Junpqphffiat
395 1590 483 1658 turos,
514 1583 563 1641 vel
586 1601 650 1643 esse
673 1584 809 1660 Domioir',
833 1584 912 1662 quod
935 1584 1059 1643 includit
1078 1585 1137 1645 Jus
1157 1587 1333 1664 possidendi,

217 1645 240 1686 κ’
394 1663 574 1741 disponendi,
591 1671 620 1722 et
633 1663 734 1722 utendi
748 1665 895 1740 creaturis,
910 1672 944 1723 ut
957 1664 1091 1723 dominus
1113 1685 1164 1726 ssu
1178 1667 1334 1744 proprieta-

125 1745 195 1818 rius,
211 1743 262 1822 qui
280 1751 380 1822 potest
400 1743 443 1802 uti
464 1750 493 1802 et
512 1743 568 1802 frui
588 1743 675 1803 rebus
696 1744 757 1802 suis
777 1764 829 1821 pro
851 1763 903 1804 suo
925 1744 1064 1803 arbitrio:
1092 1745 1150 1804 Vel
1168 1747 1333 1821 Repimr‘m'a,

126 1823 206 1902 quod
220 1831 333 1902 spectat
346 1823 462 1901 proprie
476 1831 621 1883 creaturas
635 1823 799 1896 rationales,
816 1842 889 1900 quas
903 1823 1046 1900 gubernat
1058 1831 1092 1882 ut
1114 1825 1222 1883 Rector
1235 1832 1265 1883 et
1280 1825 1334 1884 Le·

128 1904 256 1982 giahtor,
272 1903 311 1962 ad
325 1903 406 1980 quod
419 1903 543 1980 pertinet
558 1903 728 1981 Legislatio,
739 1902 763 1962 J
764 1902 892 1962 udicinm
906 1910 935 1961 et
949 1903 1102 1978 Executio,
1117 1911 1151 1963 ut
1163 1912 1336 1982 potestatem

128 1985 233 2043 babeat
255 1983 354 2061 legem
375 1983 494 2058 ferendi,
516 2003 554 2042 ex
574 2003 609 2042 ea
625 1981 786 2060 judicandi,
809 1991 839 2041 et
859 1981 1032 2041 sententiam
1052 1983 1140 2041 letam
1162 1985 1335 2061 exequendi.

127 2064 151 2125 J
151 2085 186 2123 us
199 2065 253 2123 boc
268 2063 461 2123 communiter
471 2062 659 2141 distinguitur
669 2063 699 2120 in
710 2065 842 2122 actarde
856 2072 882 2121 et
889 2063 1062 2139 positam,-
1076 2062 1164 2140 Illud,
1177 2064 1335 2124 secundum

128 2145 207 2222 qnod
219 2163 278 2203 non
291 2151 390 2222 potest
404 2162 462 2202 non
476 2144 660 2220 prescribere
674 2143 813 2202 creaturis
827 2142 1016 2202 rationalibus
1029 2142 1131 2219 officia,
1147 2164 1269 2221 qnorum
1284 2165 1334 2224 op·

127 2224 221 2303 posita
240 2224 426 2302 implicarent
446 2223 711 2298 contradictionem,
731 2243 768 2282 eo
782 2223 861 2302 quod
874 2243 933 2282 non
946 2222 1103 2282 fundentur
1123 2224 1292 2302 simpliciter
1304 2225 1335 2284 in

128 2305 227 2363 divina
240 2303 403 2377 voluntate,
419 2303 515 2362 sedin
528 2303 637 2362 divina
657 2313 768 2364 natura
787 2303 972 2382 perfectione,
994 2305 1158 2378 eminentia,
1182 2305 1334 2365 sanctitate
1380 2331 1383 2335 ·

128 2393 159 2444 et
172 2383 363 2444 rectitudine:
385 2383 453 2442 Hoc
467 2391 571 2458 autem
583 2383 829 2460 secundumquod
841 2383 933 2443 libere
944 2391 1021 2442 etex
1034 2403 1114 2442 mero
1129 2403 1181 2443 suo
1195 2385 1333 2462 benepla-

130 2465 189 2524 cito
203 2465 274 2524 talia
283 2463 461 2541 prescripsit
475 2462 575 2539 officia,
586 2483 651 2540 quae
661 2463 709 2522 vel
723 2463 865 2541 potuisset
878 2483 937 2522 non
947 2463 1140 2540 prescribere,
1150 2464 1199 2522 vel
1212 2484 1335 2542 quorum

131 2544 264 2622 opposita
277 2543 482 2603 antecedenter
495 2543 526 2601 in
546 2543 631 2620 signo
651 2543 770 2602 rationis
791 2543 829 2602 ad
843 2543 971 2602 divinem
991 2543 1171 2602 voluntatem
1192 2545 1335 2621 potuisset

130 2624 207 2683 sella
222 2633 251 2684 et
265 2624 421 2701 injungere
436 2623 507 2682 citra
520 2623 612 2682 ullum
626 2623 810 2702 perfectionis
824 2632 854 2683 et
868 2623 1030 2682 sanctiatis
1051 2643 1111 2682 suae
1124 2623 1333 2702 prejudicium,

130 2712 160 2764 et
172 2705 285 2782 absque
299 2704 361 2764 ulla
375 2703 612 2762 mansuetionis
625 2703 830 2780 implicatione.

169 2783 208 2843 V.
231 2783 421 2861 Quaecunque
435 2803 505 2860 ergo
519 2791 579 2843 tam
597 2793 705 2842 arctam
720 2784 828 2843 babent
852 2803 916 2843 cum
937 2783 994 2842 Dei
1016 2791 1128 2858 natum,
1150 2782 1334 2861 perfectione,

130 2865 287 2924 emmeutia
301 2873 332 2924 et
345 2863 498 2923 sanctitate
512 2863 729 2940 connexionem,
745 2873 849 2923 utnon
863 2863 954 2941 possit
968 2863 1100 2941 opposito
1113 2863 1250 2922 mandare
1265 2864 1337 2923 citro

130 2953 239 3004 nabnae
255 2965 316 3004 suae
330 2942 539 3022 praejudicium,
555 2952 585 3003 et
598 2963 663 3020 quae
676 2943 826 3020 implicant
838 2943 1092 3002 contradictionem
1108 2949 1141 3000 ut
1154 2942 1335 3018 mandentur,

132 3034 198 3084 snnt
214 3025 293 3103 juris
307 3023 393 3083 istius
405 3023 565 3084 naturalis:
587 3023 662 3098 Quia
675 3032 784 3082 certum
799 3032 844 3083 est
859 3023 953 3080 Deum
967 3040 1026 3078 non
1040 3039 1124 3096 posse
1144 3020 1271 3097 seipsum
1285 3021 1335 3080 ab·

132 3123 246 3182 negare,
261 3112 315 3164 aut
328 3103 424 3162 facere
444 3103 492 3162 vel
506 3103 660 3181 praecipere
674 3103 829 3180 quicquam
843 3100 922 3179 quod
943 3101 981 3158 sit
1001 3099 1177 3158 contrarium
1191 3100 1338 3160 sanctitati

132 3192 161 3243 et
172 3183 346 3262 perfectioni
360 3203 429 3242 suae.
473 3183 522 3242 Sic
537 3184 618 3243 Deus
631 3203 690 3242 non
704 3191 800 3260 potest
813 3181 967 3260 praecipere
982 3179 1027 3238 sui
1041 3177 1147 3256 odium,
1162 3179 1336 3257 blasphemi·

132 3263 443 3420 t’atttttttt
456 3263 646 3402 {tritt
657 3259 1337 3402 tttt{tntutttlfittttttttt

131 3444 193 3482 sam
204 3433 235 3484 et
246 3423 407 3483 Dominum
421 3422 585 3482 absolutum
598 3445 606 3483 ι
628 3423 702 3482 Haec
714 3432 781 3482 sunt
794 3442 860 3499 qua
871 3385 1109 3496 Bradwaidioua,
1142 3421 1262 3480 eGausa
1271 3421 1336 3498 Dei,

130 3503 206 3562 libro
227 3503 248 3562 i.
263 3523 326 3581 cap.
345 3505 391 3579 18,
406 3503 684 3562 vocata-arenariae
703 3504 817 3579 priora,
837 3521 901 3580 quae
927 3508 995 3560 sunt
1015 3501 1086 3560 talia
1099 3501 1268 3560 naturaliter
1288 3521 1337 3559 an·

131 3583 301 3644 tecedenter
313 3582 352 3641 ad
365 3583 545 3642 voluntatem
559 3582 698 3641 divinam.
734 3583 778 3640 Ea
792 3601 861 3640 vero
874 3582 973 3640 omnia
985 3580 1022 3640 de
1036 3580 1142 3657 quibua
1156 3580 1214 3639 dici
1227 3581 1337 3657 nequit,
1381 3617 1384 3628 ·

132 3663 231 3722 Deam
245 3663 284 3722 ad
298 3663 419 3722 alteram
433 3662 668 3722 counadictionis
682 3669 793 3739 partem
817 3681 856 3720 ex
868 3669 978 3720 mane
992 3661 1164 3720 necessitate
1176 3659 1266 3719 fuisse
1288 3659 1339 3718 ad·

133 3745 276 3817 strictum,
291 3751 343 3802 ant
356 3743 387 3800 in
402 3742 507 3819 quibus
521 3742 656 3802 novimus
671 3743 766 3801 Deum
779 3741 874 3800 facere
887 3759 972 3818 posse
987 3749 1041 3800 sert
1055 3759 1156 3798 revera
1168 3739 1272 3798 fecisse
1287 3740 1338 3798 ali-

132 3843 221 3899 quam
231 3822 424 3882 mutationem
438 3821 468 3880 in
479 3821 664 3899 obligatione,
681 3829 748 3882 sunt
757 3821 842 3881 Juris
854 3820 988 3899 positivi3
1004 3820 1102 3897 qualis
1116 3819 1171 3878 fuit
1182 3819 1246 3876 Lex
1261 3839 1339 3896 sym-

133 3902 231 3961 bolica
244 3903 315 3961 dota
329 3901 455 3978 Adamo,
471 3909 500 3960 et
514 3901 610 3979 Leges
623 3901 837 3960 caeremoniales
848 3900 886 3959 V.
896 3899 940 3974 T,
956 3919 1022 3976 quae
1032 3919 1050 3957 a
1062 3899 1155 3957 libera
1166 3898 1223 3956 Dei
1236 3897 1339 3957 volun-

134 3989 194 4041 tate
215 3981 401 4060 pendebant:
423 3981 488 4056 Quo
502 3981 589 4040 etiam
603 3980 702 4040 referri
716 3981 791 4040 solet
804 3979 955 4057 permissio
969 3977 1089 4056 peccati.

176 4061 233 4121 VI.
256 4062 369 4120 Praeter
387 4063 444 4120 Jaa
457 4060 581 4120 Meam
601 4063 732 4120 murrata
752 4061 915 4134 increatum,
938 4058 1015 4136 quod
1033 4055 1207 4133 muman
1225 4055 1340 4136 dicitur,

135 4141 188 4218 qui
211 4141 350 4201 fundatur
374 4131 539 4200 inimediate
558 4141 590 4199 in
613 4149 716 4200 natura
734 4140 800 4217 ipsa
818 4147 847 4198 ct
868 4139 1019 4197 sanctitate
1035 4137 1099 4212 Dei,
1114 4144 1144 4195 et
1167 4138 1251 4214 cujus
1272 4158 1341 4198 con·
1392 4157 1395 4165 ’

135 4221 256 4281 narium
269 4220 349 4280 velle
369 4228 421 4279 aut
433 4221 588 4298 precipere
609 4239 666 4279 non
680 4226 787 4297 posset,
803 4218 873 4296 quin
895 4217 1021 4295 seipsum
1042 4216 1217 4294 abnegaret;
1249 4216 1342 4277 Aliud

136 4299 229 4376 datur,
244 4309 374 4360 acutum
387 4309 417 4358 et
429 4301 635 4375 secundus-ium,
648 4299 729 4377 qnod
742 4298 880 4358 firndatur
892 4297 923 4355 in
937 4305 1040 4356 nemra
1055 4315 1160 4372 rerum,
1172 4296 1260 4372 juxta
1274 4317 1340 4354 con·

138 4381 318 4441 stitutionem
332 4399 351 4437 a
367 4379 430 4438 Deo
444 4379 558 4454 factem,
574 4388 603 4440 et
617 4379 778 4439 decentiam
793 4399 844 4437 seu
858 4377 1089 4436 convenientiam
1107 4395 1202 4434 rerum
1217 4376 1292 4433 inter
1310 4394 1342 4432 se

138 4459 271 4536 invicem,
287 4459 370 4538 quod
383 4459 453 4519 licet
466 4479 504 4518 ex
516 4459 674 4538 hypothesi
688 4459 797 4518 ordinis
817 4477 835 4516 a
850 4458 913 4516 Deo
927 4456 1060 4530 instituti,
1077 4452 1234 4514 secundum
1255 4470 1341 4526 quem

136 4541 223 4600 talem
237 4560 337 4600 rerum
351 4546 485 4598 naturam
498 4559 562 4600 esse
576 4539 678 4614 voluit,
694 4539 732 4598 sit
744 4537 955 4613 necessarium,
970 4555 1028 4594 non
1039 4543 1135 4593 tamen
1149 4528 1277 4606 ejusdem
1291 4546 1340 4585 ne-

137 4621 282 4681 cessitatis
292 4627 392 4697 potest
406 4619 517 4678 censeri
530 4639 596 4679 eum
611 4618 712 4696 prime,
727 4637 781 4677 nee
795 4617 888 4677 officie
898 4635 964 4694 quae
978 4635 1016 4674 ex
1029 4613 1081 4672 illo
1094 4609 1188 4668 fluunt
1201 4603 1341 4682 aqualem

133 4699 244 4760 babent
258 4698 452 4776 obligationis
466 4699 597 4775 gradum.
637 4698 717 4757 Illud
730 4697 806 4756 euim
822 4703 866 4756 cst
880 4694 1012 4755 absoluto
1026 4687 1213 4761 Inmutabile,
1229 4701 1282 4741 nec
1296 4684 1341 4740 ul-
