3150 5206
111 447 227 497 eumer.
244 426 314 509 vm]
555 445 593 486 nn
608 445 734 486 rmuuns
748 445 879 488 onerum.
1266 429 1322 488 197

111 588 208 665 minis,
224 586 303 647 unde
317 586 390 646 fides
404 584 518 663 Abelis,
535 586 656 664 Enochi,
673 585 793 664 Ncachi,
815 606 833 646 a
848 585 940 647 Paulo
954 585 1123 661 celebratur,
1140 585 1217 646 Heh.
1233 586 1317 664 xes,

110 672 139 742 5,
156 671 184 744 6,
198 673 226 728 7.
257 669 319 727 Nee
334 667 390 726 alio
402 674 567 746 spectarunt
583 666 725 726 sacrificia
742 668 865 728 tunsae
875 665 976 744 primis
986 666 1045 726 illis
1061 664 1239 745 temporibus
1254 666 1318 728 Deo

110 748 242 808 oblstaa
261 748 319 825 piis
332 765 391 806 non
405 747 467 807 sine
482 746 539 806 Dei
552 745 696 822 mandato,
719 747 816 808 oblata
829 748 936 825 quippe
956 745 1117 824 perfidem,
1135 765 1201 824 quse
1214 745 1317 808 nititur

111 828 170 887 Dei
184 827 292 904 Verbo,
308 846 395 904 quam
409 833 442 886 ιιι
455 846 487 886 se
501 835 695 888 sustentarent
708 825 739 886 in
753 846 804 905 spe
818 827 922 887 futurae
937 825 1167 904 Redemptionis.

110 941 309 1048 affl
327 943 359 1046 :t
378 906 545 1048 ..cirilli
566 905 1316 1064 diffieilfdlibhhilillilffldlidhlff

154 1057 182 1104 Μ
184 1073 257 1104 ⁰⁰⁰⁰⁰
377 1065 409 1124 in
429 1086 494 1144 qua,
517 1085 583 1126 cum
606 1065 805 1143 promissionis
826 1066 933 1126 divinae
953 1085 1092 1125 memoria
1111 1065 1143 1124 in
1165 1063 1316 1127 hominum

109 1144 216 1203 animis
230 1143 289 1204 fere
304 1144 503 1222 obsolevisset,
524 1152 553 1206 et
566 1144 707 1204 idolatriae
721 1146 865 1224 contagio,
880 1146 968 1206 etiam
982 1153 1114 1206 sanctum
1127 1163 1220 1223 genus
1236 1145 1315 1206 semi

109 1234 141 1284 et
158 1224 254 1282 There
268 1223 407 1284 familiam
428 1225 661 1301 contaminasset,
676 1226 698 1286 J
699 1246 741 1285 os.
755 1227 839 1285 xxiv.
854 1230 882 1302 2,
906 1226 986 1286 Deus
1010 1227 1119 1286 selecto
1136 1233 1315 1304 evocatoque

108 1303 178 1364 inde
193 1303 370 1382 Abrahamo,
394 1305 489 1364 soedus
509 1305 652 1383 cumipse
666 1313 695 1365 et
716 1307 824 1365 semine
845 1309 909 1384 eJus
925 1306 1094 1382 renovavit;
1117 1305 1256 1367 Messiam
1276 1325 1315 1364 ex

107 1383 202 1462 ipsius
215 1385 339 1462 posteris
352 1385 529 1444 nesciturum
543 1384 697 1463 spondens,
712 1393 742 1445 et
755 1384 842 1444 fidem
856 1385 1075 1464 ecobsequium
1086 1385 1215 1446 vicissim
1226 1384 1263 1444 ab
1277 1405 1313 1446 eo

107 1463 270 1542 postulans,
287 1464 363 1526 Gen.
376 1464 438 1524 xiii.
455 1467 501 1542 18,
517 1473 547 1525 et
560 1465 632 1524 xvii.
649 1467 675 1540 1,
691 1467 720 1526 2.
1015 1499 1017 1504 ·

150 1543 247 1604 XIX.
270 1544 427 1608 Promissio
441 1543 495 1604 suit
509 1564 567 1603 non
588 1545 682 1607 solnm
696 1544 732 1607 de
749 1543 898 1614 beneflciis
918 1544 1125 1625 temporalibus
1139 1551 1168 1604 et
1181 1544 1312 1622 enanis,

106 1622 145 1682 de
161 1623 400 1702 multiplicatione
423 1623 555 1699 Seminis,
571 1631 601 1683 et
613 1624 805 1684 illustratione
819 1625 961 1700 Nominis,
983 1633 1013 1686 et
1033 1624 1215 1703 possessione
1228 1632 1313 1684 terrae

106 1703 244 1779 Censen,
267 1703 319 1763 sed
339 1704 482 1782 praecipue
506 1703 542 1762 de
566 1703 764 1780 spiritualibus
787 1712 818 1767 et
839 1704 1015 1780 ooelestibns,
1037 1725 1102 1783 quse
1126 1703 1314 1764 includuntur

105 1784 138 1841 in
162 1782 363 1844 benedictione
378 1783 545 1843 Abrahamo
566 1781 642 1858 dete,
666 1785 704 1842 Ιιι
717 1792 743 1842 te
765 1785 959 1844 benedicentur
972 1805 1066 1845 omnes
1079 1784 1203 1860 familiia
1216 1791 1310 1860 terra,

106 1863 218 1922 Genes.
239 1863 291 1921 xii.
306 1866 325 1924 3
338 1886 345 1938 ;
387 1865 424 1924 Ic
438 1873 471 1939 tc,
486 1863 526 1922 id.
541 1863 570 1922 iu
590 1863 692 1922 semine
712 1871 768 1939 tuo,
789 1871 823 1924 ιιι
842 1863 1014 1941 explicatur,
1030 1883 1093 1942 cap.
1114 1863 1188 1924 xxii.
1211 1865 1257 1938 18,
1280 1871 1311 1924 et

104 1943 192 2001 xxvi.
208 1945 236 2000 4.
271 1943 433 2002 Benedictio
447 1951 543 2002 autem
562 1942 619 2000 iste
633 1961 717 2002 omne
731 1961 824 2020 genus
836 1941 979 2002 bonorum
988 1943 1158 2004 salutarium
1166 1943 1309 2021 complec-

102 2022 187 2096 titur,
205 2022 312 2099 Ephes.
327 2022 346 2082 i.
362 2025 390 2098 3,
403 2020 449 2096 (ut
463 2022 620 2082 maledictio
633 2020 678 2080 illi
691 2022 832 2100 opposita,
852 2043 938 2083 omne
952 2043 1046 2100 genus
1060 2023 1201 2082 malornm
1216 2022 1310 2082 inclu-

102 2101 219 2182 debat)
231 2121 318 2179 quam
330 2101 539 2179 Evangelicam
549 2121 613 2162 esse
624 2109 653 2161 et
663 2101 705 2160 rei
718 2101 810 2179 ipsius
820 2111 923 2163 netma
933 2101 1050 2179 evincit,
1063 2111 1092 2163 et
1101 2122 1160 2162 vox
1172 2101 1310 2179 Apostoli

103 2181 202 2257 docet,
224 2201 314 2258 quum
335 2201 400 2241 eam
423 2181 519 2258 refert,
543 2184 569 2240 l.
591 2181 629 2240 ad
649 2180 896 2259 justificationem,
912 2182 979 2244 Gal.
1000 2183 1042 2244 iii.
1064 2186 1092 2258 7,
1114 2185 1143 2258 8,
1177 2185 1196 2218 “
1212 2181 1309 2260 Scrip-

102 2262 203 2336 turs,’'
218 2261 321 2339 inquit,
345 2263 363 2296 “
377 2261 549 2339 previdens,
564 2259 643 2338 quod
657 2261 738 2322 Deus
749 2261 891 2338 justificat
905 2263 1016 2324 Gentes
1030 2281 1069 2322 ex
1081 2261 1147 2337 fide,
1159 2280 1308 2339 praevan-

102 2342 248 2420 gelizavit
261 2340 438 2417 Abrahemo,
454 2341 561 2417 dicens,
584 2341 621 2400 In
634 2348 664 2400 te
684 2341 890 2402 benedicentur
903 2361 1003 2402 omnes
1017 2342 1150 2420 gentes,”
1171 2349 1201 2402 et
1215 2361 1244 2401 v.
1261 2343 1308 2418 13,

104 2425 150 2497 14,
181 2422 199 2454 “
211 2421 343 2481 Christus
355 2441 409 2480 nos
423 2420 544 2479 redemit
565 2420 601 2478 ab
615 2421 797 2480 execratione
819 2421 916 2498 Legis,
938 2420 1032 2482 factus
1052 2441 1104 2500 pro
1121 2421 1207 2480 nobis
1220 2421 1309 2481 male·

102 2499 209 2574 dictio,
224 2508 257 2559 ιιι
269 2499 432 2560 benedictio
442 2499 603 2560 Abrahami
613 2499 727 2559 veniret
739 2500 770 2558 in
784 2520 884 2560 omnes
898 2501 1110 2580 credentesper
1124 2501 1270 2561 Christum
1279 2500 1308 2576 ;'’

103 2585 132 2641 2.
148 2579 191 2640 ad
206 2579 397 2657 adoptionem,
414 2580 481 2642 Gal.
495 2579 537 2638 iii.
552 2582 600 2654 29,
624 2580 642 2612 “
656 2579 682 2638 si
696 2599 795 2640 sumus
810 2580 926 2658 Christi,
948 2600 1048 2642 sumus
1062 2580 1191 2640 Abrabae
1211 2599 1311 2640 semen

102 2669 132 2720 et
146 2659 310 2720 secundum
323 2659 543 2738 promissionem
555 2658 715 2735 baeredes,’'
737 2667 766 2720 et
780 2680 805 2719 c.
819 2659 858 2720 iv.
874 2663 922 2736 28,
946 2663 965 2695 “
979 2661 1041 2720 Nos
1055 2680 1154 2722 snmus
1168 2660 1206 2719 ad
1219 2661 1311 2720 instar

104 2741 201 2800 Issaei
222 2738 275 2798 lilii
295 2739 494 2818 promissionis
505 2740 534 2814 ;''
567 2742 596 2798 3.
610 2737 649 2797 sd
669 2739 895 2816 conversionem,
910 2739 979 2800 Act.
993 2740 1034 2800 iii.
1049 2741 1098 2816 26,
1122 2740 1218 2800 “Vos
1238 2741 1310 2800 estis

105 2820 173 2879 Filii
190 2820 412 2897 Prophetarum,
428 2827 457 2879 et
470 2819 595 2894 foederis,
606 2818 685 2896 quod
700 2818 780 2878 Deus
794 2819 880 2880 inivit
893 2838 959 2880 cum
971 2819 1115 2895 Patribus,
1131 2819 1231 2880 dicens
1245 2819 1308 2878 Ab·

102 2900 234 2975 rabam0,
251 2899 288 2958 In
302 2899 410 2958 semine
424 2907 474 2960 tuo
489 2898 695 2960 benedicentur
709 2918 808 2959 omnes
822 2899 939 2958 familiae
953 2907 1055 2977 terrse;
1076 2899 1171 2959 Vobis
1184 2898 1308 2976 primum

103 2980 255 3040 Christum
276 2980 446 3040 suscitatum
466 2979 546 3038 misit
567 2979 656 3053 Deus,
679 2979 728 3055 qni
749 2977 834 3038 vobis
855 2978 1046 3054 benediceret,
1068 2975 1265 3038 convertendo
1278 2987 1309 3038 et

101 3058 271 3118 revocando
285 3078 550 3136 unumquemquea
570 3058 697 3136 peccatis
718 3057 778 3116 suis
790 3058 819 3134 ;''
841 3059 869 3118 4.
885 3057 923 3116 ad
936 3057 1156 3136 promissionem
1171 3057 1306 3135 Spiritus,

103 3139 169 3200 Gal.
185 3139 231 3198 iii.
245 3141 300 3214 14;
333 3141 361 3198 5.
376 3138 414 3197 ad
422 3137 678 3216 glorificationem
700 3137 768 3196 binc
781 3144 884 3214 gentes
898 3135 1033 3197 dicuntm
1046 3137 1220 3196 accubiturae
1240 3156 1308 3196 cnm

102 3218 276 3279 Abrahamo
290 3217 322 3278 in
334 3238 424 3296 regno
439 3219 585 3294 coelorum,
602 3217 707 3277 Mattb.
722 3217 783 3276 viii.
801 3219 847 3286 11,
864 3217 935 3278 Luc.
950 3217 1012 3278 xvi.
1027 3220 1076 3294 23,
1091 3225 1121 3278 et
1131 3217 1217 3278 electi
1228 3218 1307 3279 heac·

103 3301 171 3358 dicti
182 3307 329 3358 vocantur
342 3299 448 3374 Patras,
465 3298 569 3358 Mattb.
585 3317 656 3356 xxv.

142 3379 223 3439 XX.
247 3379 347 3437 Samen
361 3378 391 3436 iu
405 3398 462 3456 qno
475 3377 638 3438 benedictio
652 3377 709 3436 ista
722 3375 809 3437 debet
823 3375 954 3453 conferri,
969 3397 1029 3441 non
1041 3383 1087 3440 est
1099 3377 1230 3438 naturale
1244 3384 1308 3438 tan·

103 3465 172 3535 tum,
196 3457 253 3518 sed
276 3457 430 3534 mysticum
455 3465 484 3516 et
506 3456 699 3532 benedictum,
724 3457 794 3517 nim.
817 3458 952 3534 Chresti-s,
977 3457 1133 3536 interprete
1153 3458 1306 3536 Apostolo,

104 3537 169 3597 Gal.
185 3539 228 3598 iii.
248 3541 295 3613 16,
319 3540 337 3571 “
359 3535 569 3596 Promissiones
590 3536 675 3596 dictae
696 3543 764 3596 sunt
787 3536 956 3596 Abrahamo
970 3546 1000 3597 et
1022 3536 1132 3598 Semini
1145 3537 1227 3616 ejus3
1249 3557 1309 3596 non

102 3616 173 3676 dicit
186 3617 358 3692 seminibus,
368 3617 451 3694 quasi
466 3623 562 3681 essent
575 3616 675 3691 multa,
691 3616 742 3676 sed
756 3625 892 3695 tanquam
907 3637 1020 3695 enuno,
1035 3617 1144 3678 Semisd
1157 3625 1217 3694 tuo,
1229 3616 1309 3696 quod

102 3698 321 3758 esthristus.''
364 3697 404 3758 Et
417 3717 463 3756 res
477 3695 540 3774 ipsa
552 3696 609 3756 hoc
622 3696 784 3756 necessario
798 3697 933 3775 postulat,
948 3697 1018 3774 quia
1030 3697 1088 3758 tale
1102 3704 1147 3757 est
1162 3697 1268 3758 Semen
1278 3697 1310 3758 in

103 3793 160 3852 quo
180 3775 390 3836 benedicendas
404 3785 501 3836 essent
514 3796 614 3836 omnes
634 3775 751 3870 familiae
773 3785 864 3853 terrae,
878 3786 916 3869 'et
931 3777 1081 3837 Abraham
1102 3777 1190 3837 Pater
1202 3777 1307 3838 multa·

103 3865 313 4010 illidii
324 3855 1167 4016 tttlfitttttttttdtttttntbtttt.t,
1182 3857 1309 4012 ilii

104 4014 293 4076 tificationem
308 4014 445 4093 conferre,
470 4015 592 4094 quadiu
607 4015 721 4076 Christo
736 4023 849 4078 tanmm
862 4016 1005 4094 impletur,
1027 4016 1056 4076 ia
1069 4035 1124 4092 qao
1141 4014 1307 4091 promessio-

103 4114 150 4152 aea
162 4115 260 4156 omnes
273 4105 339 4155 sant
350 4097 435 4156 atram
448 4105 475 4156 ct
488 4116 578 4171 amesa,
594 4099 612 4156 2
628 4097 693 4156 Cor.
708 4095 727 4154 i.
743 4099 791 4156 20.
834 4096 871 4156 In
885 4095 1001 4156 Christo
1014 4114 1084 4172 ergo
1102 4093 1308 4155 benedeende

104 4171 220 4235 suerunt
234 4184 347 4254 gentes,
362 4175 459 4251 idest,
475 4185 537 4236 tum
552 4195 609 4252 per
622 4185 650 4235 ct
663 4186 786 4253 propter
807 4177 907 4253 ipsam,
923 4175 973 4253 qui
987 4173 1142 4252 acquisivit
1155 4173 1242 4234 istam
1255 4174 1306 4234 be·

104 4254 299 4314 nedictionem
320 4255 423 4314 meritc
438 4275 499 4331 suo,
515 4263 576 4316 tum
590 4256 620 4315 ia
640 4255 700 4332 ipso
719 4264 749 4316 et
769 4277 831 4316 cum
844 4257 914 4333 ipso,
930 4255 969 4314 id
984 4254 1015 4312 vi
1029 4252 1144 4314 unionis
1165 4253 1305 4330 mystica,

105 4351 190 4408 quam
203 4335 315 4396 hebent
327 4335 430 4396 fideles
443 4355 510 4394 cnm
523 4335 595 4415 ipso,
611 4341 644 4396 ιιι
657 4335 753 4396 unitas
768 4336 885 4396 seminis
899 4342 1022 4409 notetur,
1038 4352 1096 4391 non
1110 4333 1229 4411 precise
1242 4353 1307 4410 per·

106 4429 191 4490 souae,
207 4413 261 4474 sed
277 4415 412 4494 Corporis
430 4415 557 4509 aiicujus
566 4415 692 4494 mystici,
707 4415 780 4477 uniti
800 4414 952 4496 perfidem
967 4413 1022 4474 sub
1036 4411 1136 4492 Capite
1151 4411 1275 4489 Christo,
1290 4431 1309 4473 a

106 4495 734 4653 quhllaeiirlldiiidirhrhddrhishihnlddhrrhbs,
756 4574 786 4636 in
800 4594 858 4653 qua
872 4581 982 4636 cetere
1001 4590 1101 4634 omnes
1115 4571 1307 4647 continentur,

108 4653 243 4730 estquod
266 4654 285 4686 ‘⁶
300 4655 380 4715 Deus
394 4653 508 4716 saturus
522 4664 599 4716 esset
612 4655 694 4715 Deus
708 4655 807 4733 ipsius,
823 4664 853 4716 et
866 4653 983 4716 seminis
997 4653 1089 4733 ipsius
1102 4661 1169 4733 post
1182 4651 1307 4731 ipsum,’'

110 4727 180 4790 Gen.
196 4731 270 4793 xvii.
286 4732 323 4794 de
336 4735 420 4815 cnjus
441 4754 528 4798 sensu
541 4744 571 4798 et
584 4735 737 4798 latitudine
759 4755 846 4815 supra
866 4734 984 4796 dotum.
1028 4730 1118 4797 Porro
1141 4733 1221 4797 Deus
1241 4752 1306 4814 pro·
