3150 5206
253 345 309 402 176
680 359 771 402 socos
785 359 983 402 nuenscnrus.
1276 337 1399 418 [eumer.
1414 357 1444 398 r.
1521 331 1522 334 '

249 499 396 577 quirendae
411 498 591 574 sustinerent,
603 497 669 575 quis
678 519 736 557 non
747 499 828 558 videt
838 500 911 558 tales
924 497 1127 576 promissiones
1138 497 1273 556 Patribus
1286 497 1446 574 propositas

249 577 337 636 fuisse
352 577 390 635 ad
403 577 528 653 ipsorum
544 577 701 636 solatium?
742 582 770 636 2.
793 577 902 638 Eodem
916 577 1002 636 modo
1015 577 1218 654 promissiones
1231 575 1270 633 ad
1290 577 1368 653 ipsos
1381 597 1444 652 per·

247 656 403 729 tinuerrmt,
418 655 562 731 quomodo
576 655 700 732 adoptio,
719 657 820 732 gloria,
835 657 950 731 foedera,
966 656 1119 731 legislatio,
1141 664 1170 713 et
1183 655 1287 730 cultus,
1303 655 1387 713 Rom.
1402 656 1442 711 ix.

248 737 267 791 4
278 755 286 808 3
319 733 362 792 At
382 733 437 792 iste
449 734 563 810 proprie
577 733 614 791 ad
629 733 749 793 Veteres
763 735 952 811 pertinebant.
994 739 1022 794 3.
1046 734 1077 794 si
1098 733 1301 810 promissiones
1315 733 1353 791 ad
1365 734 1444 810 ipsos

247 831 305 870 non
319 811 530 889 pertinuissent
546 831 603 870 non
617 813 778 889 potuissent
790 833 844 872 nec
858 813 1025 873 debuissent
1035 832 1084 871 eas
1098 813 1154 870 sibi
1167 812 1318 889 applicare,
1339 821 1372 871 ut
1386 811 1443 870 lac·

247 900 310 950 tum
331 890 368 949 ab
393 889 569 964 Abrahamo,
596 891 669 949 Gen
685 911 734 950 xv.
750 894 777 967 6,
801 891 850 968 qui
874 893 960 950 etiem
981 893 1036 950 hac
1060 891 1170 950 ratione
1190 890 1366 966 justificatus
1389 899 1442 962 est,

248 969 332 1028 Rom.
347 967 396 1044 iv,
412 988 430 1026 a
443 970 465 1029 J
466 969 564 1044 accho,
576 969 649 1028 Gen.
664 970 736 1029 xlix.
751 972 797 1044 18,
809 991 827 1028 a
838 971 959 1046 Davide,
976 970 1025 1029 Ps.
1039 971 1100 1028 xvi.
1115 978 1145 1028 et
1157 969 1240 1026 xxiii.
1252 978 1281 1027 et
1296 969 1336 1028 xl.
1351 977 1440 1027 etex.

246 1056 276 1106 ct
297 1047 396 1106 cxviii.
419 1055 448 1105 et
466 1047 573 1124 passim
595 1047 673 1122 alibi,
695 1049 733 1106 ab
757 1049 843 1122 Isaia,
869 1069 930 1126 cap.
945 1049 985 1106 ix.
1001 1052 1039 1108 6:
1063 1048 1173 1106 “Puer
1192 1056 1335 1107 natusest
1348 1048 1441 1122 nobis,

248 1126 341 1184 Filius
355 1125 439 1184 datus
453 1135 498 1184 cst
510 1125 623 1202 nobia,''
648 1135 677 1185 et
698 1135 759 1186 tots
772 1128 903 1186 Ecclesia
918 1127 1085 1201 Isra'e'litics,
1101 1127 1158 1185 Isa
1172 1127 1224 1184 liii.
1238 1143 1290 1203 per
1302 1133 1404 1201 totum,
1426 1147 1444 1184 a

246 1205 269 1264 J
271 1205 383 1278 eremis,
399 1224 424 1263 c.
439 1204 531 1276 xxiii,
543 1205 631 1263 Mich.
646 1225 674 1262 v.
687 1209 705 1263 2
716 1229 723 1281 ;
746 1206 811 1265 Non
822 1215 919 1283 posset
930 1205 1024 1264 dicere
1036 1206 1147 1280 Petrus,
1160 1205 1227 1263 Act.
1240 1225 1269 1264 x.
1279 1207 1328 1280 43,
1344 1224 1443 1264 omnes

247 1283 406 1360 Prophetas
420 1283 518 1341 testari
532 1284 727 1342 remissionem
737 1294 918 1361 peccatomm
929 1292 1111 1360 accepturum
1126 1284 1258 1362 quemvis
1271 1284 1323 1360 qui
1331 1284 1362 1340 In
1376 1303 1442 1342 eum

246 1361 407 1436 crediderit,
422 1361 535 1420 nemine
549 1371 670 1438 excepto
681 1371 739 1420 tam
754 1383 791 1421 ex
801 1363 936 1422 fidelibus
947 1363 984 1422 V.
994 1383 1080 1440 quam
1092 1363 1128 1420 N.
1144 1363 1221 1420 Test.
1233 1384 1241 1438 ς
1258 1363 1319 1422 Nec
1334 1362 1443 1422 Paulus

247 1439 392 1498 Christum
414 1439 521 1498 factum
545 1459 608 1498 esse
633 1441 822 1500 Mediatorem
847 1442 885 1499 ad
898 1441 1092 1518 expiationem
1105 1449 1288 1518 peccatomm
1302 1440 1442 1502 factorum

246 1518 301 1578 sub
312 1519 378 1577 Vct.
390 1517 479 1592 Test,
493 1527 526 1577 ut
539 1519 636 1577 vocati
646 1519 684 1576 ad
697 1527 832 1578 aternam
843 1520 1038 1579 haereditatem
1052 1520 1271 1596 promissionem
1285 1537 1442 1597 conseque·

247 1605 353 1656 rentur.
395 1601 423 1655 4.
446 1597 515 1655 Alia
528 1598 600 1656 ratio
611 1607 655 1656 cst
670 1597 839 1657 Vocationis
853 1598 1001 1668 Gentium,
1015 1619 1080 1675 quas
1093 1598 1166 1655 nihil
1178 1598 1263 1674 plane
1277 1597 1442 1656 conferebat

244 1676 284 1734 sd
298 1676 419 1735 salutem
432 1677 454 1735 J
456 1676 610 1752 udaeorum,
620 1677 677 1735 alia
687 1676 829 1735 adventus
844 1677 959 1736 Messias
973 1687 1003 1736 et
1013 1678 1113 1754 gratiae
1127 1677 1158 1734 in
1172 1677 1296 1750 Christo,
1310 1676 1371 1734 sine
1386 1697 1443 1754 qno

246 1755 326 1812 nulla
338 1755 432 1831 potuit
445 1755 516 1832 ipsis
529 1754 668 1832 effulgere
682 1775 748 1832 spes
763 1755 872 1814 salutis.

286 1833 393 1898 Xan.
415 1837 443 1892 2.
460 1833 525 1892 Non
539 1834 642 1892 melius
655 1834 797 1910 regeritur
811 1834 964 1893 Oracmum
978 1854 996 1891 a
1010 1834 1124 1893 Christo
1138 1834 1257 1893 allatum
1268 1833 1353 1892 Matt
1368 1833 1440 1891 xxii.

246 1912 394 1970 obscurius
408 1911 505 1986 fuisse,
520 1931 607 1989 quam
620 1921 652 1971 ut
666 1932 683 1969 a
697 1912 830 1972 fidelibus
843 1913 951 1990 percipi
965 1914 1107 1989 potuerit;
1130 1913 1186 1970 Vel
1207 1911 1284 1989 quod
1298 1912 1441 1988 generalis

150 2033 159 2047 .
245 2010 303 2049 non
317 1991 354 2049 sit
368 1989 470 2048 future
484 1990 552 2048 vitae
565 1991 725 2067 promissio,
741 1991 792 2050 sed
806 1992 939 2068 specialis
958 2011 1022 2067 quae
1037 1991 1243 2066 Abrahamum,
1259 1991 1392 2048 Issacam
1412 2000 1441 2049 et

244 2067 390 2128 Jacobum
403 2069 572 2127 nominatim
586 2070 729 2144 spectarit,
745 2078 778 2128 ut
790 2070 919 2147 loquitur
937 2071 1039 2128 Vollecl.
1054 2071 1074 2128 1.
1089 2069 1129 2127 iii.
1145 2090 1169 2128 c.
1186 2073 1233 2128 11.
1285 2069 1360 2143 Quis
1373 2069 1441 2128 licet

244 2148 394 2208 obscurius
406 2155 582 2224 proponatur
594 2146 745 2224 promissio
759 2149 827 2206 vitae
848 2157 961 2207 setcmee
975 2149 1005 2205 in
1025 2148 1081 2206 isto
1095 2149 1219 2222 oraculo,
1234 2167 1293 2225 prce
1312 2146 1441 2210 claritate

244 2227 465 2304 promissionum
479 2225 506 2282 N
508 2225 556 2283 ovi
569 2226 764 2302 Testamenti;
788 2227 853 2286 Non
868 2227 996 2303 sequitur
1009 2235 1158 2303 propterea
1168 2245 1225 2284 non
1239 2225 1366 2302 potuisse
1377 2246 1439 2302 per-

245 2305 302 2382 cipi
316 2325 333 2364 a
348 2304 490 2378 Patribus,
506 2312 644 2380 quantum
658 2304 751 2364 facere
765 2312 877 2382 poterat
890 2305 928 2363 ad
946 2325 1044 2364 eorum
1058 2305 1210 2380 solatium3
1233 2305 1296 2363 Imo
1310 2304 1366 2362 nisi
1380 2305 1439 2362 evi·

244 2383 316 2442 dens
330 2391 359 2441 et
372 2391 470 2459 aperta
483 2382 584 2441 fuisset
596 2383 736 2460 probatio,
756 2383 794 2442 ad
807 2403 869 2442 eam
887 2383 1038 2442 Sadducaei
1058 2403 1115 2442 non
1130 2383 1347 2456 obmutuissent,
1363 2383 1440 2459 quod

243 2481 301 2520 non
315 2461 444 2520 fecerunt
457 2469 572 2538 propter
585 2463 787 2521 authoritatem
808 2462 961 2539 loquentis,
977 2461 1029 2520 sed
1051 2461 1197 2520 evidentia
1210 2462 1337 2520 rationis.
1379 2462 1439 2520 Nec

244 2541 337 2618 gratia
351 2540 482 2616 specialis
497 2539 572 2598 sacta
586 2540 760 2600 Patriarchis
773 2549 869 2618 potest
882 2541 948 2616 dici,
963 2539 1032 2618 quia
1044 2541 1210 2600 extenditur
1222 2539 1260 2598 ad
1274 2559 1371 2599 eorum
1395 2560 1438 2599 se-

242 2639 317 2692 men,
331 2619 405 2678 Gen.
418 2618 487 2677 xvii.
502 2624 528 2694 7,
540 2619 612 2678 olias
625 2641 678 2678 nec
690 2621 796 2678 Christi
806 2619 937 2697 probatio
948 2619 1086 2678 adversus
1099 2619 1273 2678 Sadducaeos
1283 2619 1353 2677 satis
1364 2627 1440 2678 esset

242 2697 332 2772 firma,
348 2719 401 2756 nec
417 2697 529 2757 Psaltes
549 2706 647 2775 posset
668 2699 782 2759 beatam
795 2717 899 2757 vocare
920 2706 1036 2776 gentem
1057 2699 1140 2774 cujus
1161 2699 1279 2757 Jehova
1292 2698 1372 2755 Deus
1385 2706 1438 2772 est,

246 2777 294 2836 Ps.
313 2778 417 2836 xxxiii.
435 2780 480 2836 12.

283 2856 408 2915 XVIII.
430 2859 457 2915 3.
474 2856 627 2934 Perpersm
636 2857 751 2917 additur
761 2857 819 2918 dici
828 2858 929 2916 Patres
937 2863 1120 2933 exspectasse
1129 2856 1275 2916 civitatem
1286 2855 1437 2914 habentem

242 2935 436 3011 fundamenta,
452 2936 529 2994 Heb.
541 2936 582 2994 xi.
596 2939 641 3013 16,
654 2957 712 2996 non
721 2937 799 3013 quod
813 2937 849 2994 iis
858 2936 999 3013 promisse
1010 2944 1094 3007 esset,
1105 2934 1156 2993 sed
1166 2933 1244 3012 quod
1254 2953 1352 2991 eorum
1362 2933 1439 2992 votis

242 3023 318 3074 esset
332 3014 554 3091 accommodata,
564 3024 594 3074 et
607 3014 691 3074 factis
704 3023 905 3089 consentanea,
915 3023 944 3073 et
954 3012 1032 3090 quod
1041 3013 1177 3071 credibile
1186 3021 1263 3070 esset
1273 3013 1367 3070 Deum
1377 3031 1438 3070 cam

241 3094 400 3154 cultoribus
414 3093 474 3153 suis
488 3094 629 3168 daturum,
644 3101 677 3152 nt
698 3093 774 3152 idem
793 3095 898 3152 Volkcl.
912 3094 961 3168 ait,
982 3101 1011 3151 et
1027 3093 1137 3150 Gatecd.
1152 3093 1246 3150 Rako.
1261 3089 1297 3148 de
1312 3091 1438 3166 Prophe·

242 3173 299 3230 tico
314 3172 421 3231 Christi
434 3191 560 3231 munere.
602 3172 677 3230 Nam
691 3190 823 3248 quasnam
863 3179 939 3232 otest
953 3190 1016 3230 esse
1031 3189 1104 3246 spes,
1120 3189 1185 3246 quae
1198 3169 1278 3228 nullo
1292 3169 1381 3227 verbo
1395 3169 1438 3226 ni-

242 3251 336 3307 titur?
356 3250 421 3308 Imo
435 3269 500 3307 oum
513 3259 689 3325 proponatur
698 3259 731 3308 ut
742 3259 823 3309 actus
833 3193 910 3326 dcci,
921 3249 1138 3326 promissionem
1149 3247 1309 3306 necessario
1323 3247 1439 3324 respicit

242 3335 271 3383 et
285 3327 439 3402 supponit;
470 3325 556 3384 Unde
576 3325 712 3385 dicuntur
726 3329 744 3360 “
755 3324 912 3386 secundum
926 3327 1012 3386 fidem
1026 3327 1161 3401 mortui,’'
1175 3345 1204 3385 v.
1222 3329 1268 3400 13,
1283 3333 1313 3384 ct
1328 3327 1374 3402 14,
1392 3327 1436 3398 16,

243 3403 393 3478 “patriam
407 3421 533 3477 quaerere
548 3411 577 3459 et
591 3403 782 3462 desiderare.”
824 3404 975 3478 Quomodo
989 3425 1058 3464 vero
1072 3405 1163 3482 quaeri
1176 3413 1205 3463 et
1219 3403 1374 3464 desiderari
1387 3423 1437 3480 po·

242 3487 307 3552 test,
322 3479 400 3554 quod
413 3497 471 3536 non
485 3481 676 3555 cognoscitur,
688 3500 753 3539 cum
764 3481 857 3557 ignoti
870 3482 950 3540 nulla
961 3483 998 3540 sit
1008 3484 1137 3559 cupido?
1168 3483 1229 3542 Nec
1239 3481 1439 3542 confundenda

242 3565 287 3616 est
300 3557 396 3633 opinio
410 3556 541 3632 evanida,
557 3565 586 3615 et
600 3557 695 3634 dubia,
710 3578 796 3635 quam
808 3559 925 3617 Ethnici
940 3579 1019 3636 spem
1033 3580 1091 3619 non
1100 3561 1249 3636 habentes,
1261 3561 1336 3638 Eph.
1347 3561 1377 3619 ii.
1392 3565 1436 3634 12,

242 3642 396 3711 potuerunt
410 3633 558 3710 concipere
572 3636 803 3710 immortalitatis,
813 3657 878 3696 cum
887 3657 937 3714 spe
946 3637 1028 3697 firma
1042 3649 1071 3698 et
1085 3639 1228 3698 infallibili
1237 3640 1306 3698 vites
1316 3647 1438 3713 aetcrrrae,

242 3731 328 3789 quam
343 3712 464 3770 Veteres
478 3732 516 3770 ex
530 3713 628 3772 Verbo
641 3714 812 3774 hahuerunt.

283 3791 377 3850 XIX.
399 3794 427 3848 4.
443 3791 564 3850 Fmstrs
577 3792 683 3852 dicitur
695 3794 765 3854 Job.
780 3793 841 3852 xix.
857 3797 905 3870 25,
919 3795 969 3872 agi
989 3793 1208 3855 deliberatione
1229 3795 1380 3873 temporali
1401 3815 1438 3854 ex

243 3870 377 3930 aerumnis
390 3867 495 3947 quihus
504 3869 549 3926 vir
559 3871 614 3928 Dei
628 3871 852 3947 conflictabatur,
863 3882 893 3931 et
906 3873 1071 3948 derisione,
1082 3893 1133 3932 scu
1143 3873 1307 3950 cognitione
1321 3874 1440 3932 clariore

242 3949 386 4027 potentiae,
399 3947 553 4025 sapientiae,
566 3958 595 4008 ct
608 3950 796 4027 providentia
808 3951 872 4024 Dei,
887 3961 919 4010 ut
933 3971 995 4028 cap.
1010 3953 1072 4010 xlii.
1087 3955 1115 4026 5,
1132 3955 1150 3985 “
1158 3973 1235 4012 nunc
1245 3953 1346 4010 oculus
1359 3971 1441 4010 meus

242 4028 323 4086 videt
346 4029 412 4103 te;'’
445 4027 584 4102 Quamvis
607 4047 641 4086 ea
663 4029 701 4088 sit
723 4049 805 4088 mens
826 4031 1004 4105 Judseorum,
1026 4039 1055 4089 et
1076 4031 1278 4089 nonnullorum
1301 4031 1387 4089 etiam
1401 4050 1440 4088 ex

243 4104 422 4165 Christianis.
464 4106 559 4165 Multa
571 4108 677 4184 quippe
697 4108 820 4185 probant
834 4109 943 4168 Jobum
963 4109 1080 4184 longius
1093 4109 1243 4186 respicere,
1258 4118 1288 4168 ct
1308 4127 1338 4166 se
1353 4108 1440 4166 solari

242 4182 347 4243 fiducie
360 4185 575 4244 resurrectionis
589 4194 618 4244 ct
632 4184 699 4244 vitae
714 4193 826 4246 aeterne
840 4187 980 4245 adversus
993 4187 1170 4246 calamitates
1185 4207 1252 4246 suae
1272 4195 1302 4246 et
1314 4205 1439 4263 prepos-

241 4269 304 4321 tera
316 4263 464 4322 hominum
478 4262 514 4321 de
528 4283 558 4322 se
570 4264 689 4341 judicia.
730 4268 756 4323 l.
772 4265 846 4339 Quia
859 4267 914 4324 hoc
927 4264 1097 4323 beneficIum
1120 4273 1254 4342 expectat
1275 4285 1293 4323 a
1309 4267 1360 4338 aa,
1382 4265 1440 4322 Rc·

243 4343 386 4417 demptere
406 4361 466 4416 suo,
486 4347 528 4405 hro
549 4351 645 4402 sutem
666 4361 725 4401 non
740 4343 814 4402 allus
831 4352 875 4401 est
896 4351 1000 4420 praeter
1014 4343 1168 4402 Christum.
1201 4347 1229 4402 2.
1244 4342 1389 4419 Expectat
1410 4340 1441 4399 id

242 4427 370 4512 tempore
383 4419 478 4479 ultimi
488 4420 608 4497 judicii;
630 4420 701 4479 dicit
714 4421 790 4478 enim
804 4440 836 4479 se
854 4441 940 4479 nosse
955 4419 1176 4496 Redemptorem
1190 4440 1274 4479 suum
1288 4420 1396 4494 vivere,
1412 4427 1442 4477 et

244 4499 433 4557 novissImum
442 4507 640 4576 superterram
652 4507 854 4562 surrecturum.
887 4503 915 4557 3.
925 4499 1069 4574 Expectat
1078 4498 1111 4558 id
1118 4499 1232 4558 demum
1244 4506 1442 4575 postmortem

243 4593 333 4648 suam,
348 4584 413 4652 post
426 4596 530 4654 corpus
544 4595 628 4636 suum
648 4585 847 4652 consumptum
869 4587 899 4637 et
919 4595 1064 4636 corrosum
1085 4597 1103 4636 a
1122 4577 1277 4651 vermibus,
1300 4575 1443 4652 siquidem
