3202 5194
270 395 308 450 68
725 407 817 450 rocus
831 405 1012 448 censemus.
1267 382 1397 466 [eumer.
1413 406 1486 448 xm.

270 551 348 630 quod
363 560 424 612 erat
436 549 625 629 prestiturus,
641 555 670 608 et
684 549 762 628 quod
782 568 884 608 revera
899 545 1041 627 prestitit,
1057 544 1109 606 sed
1122 543 1244 606 ulterius
1258 565 1317 606 non
1338 545 1486 609 indicavit

270 632 342 710 quid
355 641 432 691 esset
445 631 581 706 facturus,
596 629 736 706 quianon
750 649 822 706 opus
836 637 907 688 erat.

313 711 439 770 XVIII.
461 711 592 770 Christus
605 729 664 768 non
677 710 769 769 utitur
782 706 1020 786 aequivocatione,
1034 707 1142 766 Johen.
1153 706 1204 765 vii.
1220 708 1247 782 8,
1260 726 1350 784 quum
1365 707 1439 768 dicit
1452 730 1484 768 se

271 813 328 850 aon
342 811 521 850 ascensuram
535 793 577 849 ed
588 793 704 866 festum,
721 809 786 848 curn
800 797 896 848 tamen
910 789 997 847 tacite
1012 787 1160 847 statuisset
1174 787 1252 865 apud
1265 807 1296 846 se
1311 788 1482 866 ascendere,

272 881 305 931 ut
319 871 387 931 iecit
400 871 487 950 paulo
500 879 575 949 post.
611 870 685 944 Quia
697 889 756 928 non
770 877 858 944 negat
872 868 1040 945 simpliciter
1054 887 1084 925 se
1099 887 1294 944 ascensurum,
1310 867 1362 926 sed
1376 889 1482 928 secun·

273 951 342 1010 dum
356 952 427 1029 quid
439 952 550 1011 ratione
564 950 635 1009 certi
649 949 795 1026 temporis,
811 949 879 1020 Ἐγὸ
894 944 1108 1024 adsodianensis,
1124 949 1189 1024 Ego
1209 950 1333 1006 nondum
1348 954 1481 1026 αεσεηᾱο,

273 1032 341 1110 quie
366 1032 476 1092 scilicet
496 1030 687 1108 prestitutum
709 1049 792 1088 suum
817 1038 931 1107 tempus
955 1048 1006 1088 seu
1028 1029 1100 1086 hora
1123 1028 1281 1086 constituta
1303 1029 1482 1088 ascendendi

272 1112 400 1171 nondum
416 1113 581 1185 advenerat,
597 1117 629 1168 ut
642 1108 724 1168 addit
738 1109 853 1168 statim:
875 1128 1026 1168 ascensum
1040 1127 1110 1185 ergo
1124 1107 1244 1184 distulit,
1268 1128 1328 1166 non
1348 1111 1480 1188 negavit.

276 1192 333 1267 Sic,
350 1193 440 1250 Marc.
455 1191 517 1250 xiii.
533 1193 580 1264 32,
597 1189 765 1267 simpliciter
778 1197 867 1266 negat
885 1207 916 1248 se
937 1189 1011 1247 scire
1032 1187 1108 1246 diem
1130 1195 1159 1246 et
1178 1189 1278 1246 horam
1296 1189 1403 1266 judicii
1417 1190 1482 1249 sine

273 1272 334 1330 ulle
347 1272 542 1332 reservatione
556 1269 683 1344 mentali,
702 1268 754 1327 sed
767 1269 823 1327 hoe
842 1268 979 1345 intelligit
993 1267 1151 1361 seeundum
1165 1267 1320 1326 humanam
1334 1277 1479 1344 natumm,

303 1403 487 1450 Μ
536 1347 1482 1505 attitulemus?trusamIstue

274 1509 363 1569 ullam
388 1509 654 1588 aequivocationem,
678 1507 730 1566 sed
750 1508 972 1567 occultationem
990 1508 1113 1583 consilii,
1135 1507 1214 1584 quod
1234 1473 1395 1585 prudentiae
1414 1509 1481 1586 fuit,

274 1611 333 1649 non
348 1589 598 1668 aequivocationis3
616 1587 783 1647 “Dominus
792 1588 885 1648 voluit
898 1587 1019 1648 ulterius
1033 1587 1197 1665 progredi,”
1212 1587 1307 1664 iuquit
1321 1587 1483 1648 Barradius

274 1670 296 1731 J
298 1673 398 1747 esuita,
406 1672 489 1730 Tem.
499 1670 539 1728 iv.
547 1670 568 1728 1.
578 1671 606 1744 8,
619 1667 760 1744 c.12,“si
773 1687 832 1726 non
845 1669 1017 1728 retineretur
1030 1688 1047 1726 a
1060 1666 1240 1745 discipulis.”
1284 1667 1356 1726 “Nil
1368 1669 1483 1728 veritas

274 1751 390 1829 fingit,”
404 1752 445 1810 eit
455 1751 572 1810 Ribera.
589 1749 650 1809 “Si
663 1769 729 1808 eum
743 1767 801 1806 non
815 1749 985 1824 tenuissent,
997 1747 1159 1807 transiisset
1169 1748 1231 1806 siue
1242 1747 1335 1823 dubio,
1348 1746 1483 1826 issetque

273 1831 322 1890 lon
346 1833 419 1892 ‘us'’

315 1853 410 1973 XIX.
432 1911 525 1972 Aliud
539 1917 584 1970 est
596 1911 760 1970 seminium
775 1911 812 1968 ad
825 1909 977 1969 veritatem
991 1908 1156 1986 eruendam,
1173 1907 1265 1967 Aliud
1278 1909 1482 1985 ndtsrsupiam

274 1990 311 2050 ad
325 1992 506 2052 mendacium
520 1990 708 2070 palliandum.
752 1991 881 2048 Primum
902 1989 1087 2049 confirmatur
1107 2009 1144 2048 ex
1161 1988 1324 2048 Solomonis
1344 1989 1430 2066 praxi
1451 1989 1483 2046 in

274 2073 457 2131 meretricum
471 2091 567 2147 causa,
583 2078 613 2128 et
635 2071 797 2129 Ser-vetoris
812 2089 877 2128 cum
893 2070 1036 2148 Philippo,
1052 2089 1136 2147 quem
1158 2068 1194 2127 de
1214 2070 1339 2146 panibus
1359 2089 1482 2147 percon-

536 2148 660 2224 tabatur,
676 2151 694 2182 ‘¹
709 2157 824 2208 tentam
838 2169 912 2223 eum,
928 2149 990 2227 ipse
1011 2149 1088 2209 enim
1109 2149 1218 2208 sciebat
1232 2148 1302 2226 quid
1324 2159 1402 2208 esset
1422 2150 1481 2208 fac-

313 2205 477 2308 J}„},f?,}{¹g
534 2229 647 2302 turus,''
662 2228 732 2287 Joh.
747 2228 787 2288 vi.
804 2231 830 2287 6.
869 2229 954 2287 Unde
968 2238 1082 2289 constat
1095 2229 1309 2306 explorationes
1322 2228 1412 2307 longe
1426 2230 1482 2288 dif-

536 2308 609 2366 ferre
626 2306 663 2366 ab
684 2307 970 2386 aequivocationibus,
986 2319 1016 2370 et
1035 2308 1192 2388 prudenter
1211 2309 1337 2386 aliquem
1359 2319 1481 2386 tentare,

274 2395 325 2447 aut
338 2387 517 2466 propositum
532 2387 634 2464 celare,
649 2396 708 2446 tam
722 2387 810 2465 longe
824 2388 926 2447 abesse
947 2409 964 2447 a
984 2389 1144 2466 mendacio,
1160 2398 1193 2449 ut
1207 2389 1255 2448 isti
1276 2410 1293 2447 a
1315 2391 1482 2450 sinceritate

275 2468 437 2527 Christiina
451 2469 564 2544 absunt,
573 2469 622 2544 qui
636 2467 852 2545 patrocinantur
865 2468 1025 2528 mendacio.
1062 2469 1098 2528 In
1112 2469 1291 2548 explorando
1304 2469 1374 2530 lieet
1388 2470 1483 2530 celare

274 2547 443 2624 ueritatem,
466 2548 645 2622 Armentis,
661 2547 769 2622 fallere,
784 2549 921 2626 pejerare,
937 2559 970 2610 ut
984 2550 1075 2610 totins
1089 2550 1231 2628 explores,
1246 2549 1399 2610 nonlicet.

314 2627 393 2687 XX.
416 2629 596 2688 Medicorum
617 2637 779 2687 commenta
800 2630 838 2687 ad
858 2629 1064 2690 demulcendos
1086 2630 1278 2708 phreneticos,
1294 2630 1482 2690 subistellee·

273 2715 333 2768 tam
348 2729 460 2787 semper
473 2708 583 2768 habent
600 2707 852 2786 modificationem,
868 2729 922 2769 usu
943 2711 1132 2786 notissimam,
1147 2719 1181 2769 ut
1201 2719 1313 2770 constet
1334 2731 1373 2769 ex
1394 2731 1425 2770 re
1446 2709 1483 2768 de

273 2809 331 2866 qna
345 2789 450 2867 agitur,
466 2797 495 2848 et
508 2788 565 2848 fine
580 2808 665 2866 quem
680 2797 852 2866 proponunt,
869 2790 936 2850 illos
949 2811 1008 2850 non
1028 2790 1138 2868 fingere
1159 2798 1193 2849 ut
1213 2789 1324 2864 fallant,
1341 2790 1394 2850 sed
1415 2790 1484 2848 ficta

273 2878 386 2930 tanturn
399 2889 524 2947 narrare,
548 2877 581 2931 ut
602 2871 769 2947 aegrotantis
790 2869 950 2930 infirmitati
973 2872 1132 2946 consulant,
1148 2871 1199 2929 ubi
1219 2869 1334 2947 adjecta
1354 2871 1386 2929 in
1400 2870 1485 2930 exitu

273 2951 383 3030 negotii
398 2950 563 3030 explicatio,
574 2971 633 3008 non
647 2948 757 3027 perfida
771 2951 1009 3028 aequivoeatIonis
1023 2951 1191 3028 impostura,
1206 2958 1289 3009 sanat
1302 2950 1411 3010 omnia.

314 3031 411 3091 XXI.
432 3032 528 3108 Quum
542 3031 681 3110 quaeritur
693 3029 764 3108 quid
778 3029 923 3108 agendum
938 3031 976 3090 sit
990 3032 1021 3088 in
1036 3031 1179 3108 Principis
1193 3038 1244 3089 aut
1258 3030 1364 3090 Patriae
1379 3031 1481 3090 dutri-

272 3113 359 3188 mine,
375 3113 423 3171 rel
438 3112 476 3171 ad
490 3111 718 3171 conservandam
732 3111 833 3170 uxoris
854 3117 904 3170 aut
917 3111 1017 3170 matris
1032 3111 1202 3186 castitatem,
1217 3110 1265 3169 vel
1280 3110 1317 3169 ad
1331 3110 1481 3170 declinan-

273 3191 338 3249 dam
361 3192 391 3249 in
411 3191 527 3269 proprio
547 3192 676 3268 periculo
690 3191 819 3268 Tyranni
841 3190 976 3250 irruentis
997 3191 1146 3266 saevitiam,
1162 3191 1209 3249 vel
1232 3190 1270 3248 ad
1290 3191 1482 3250 avertendum

271 3269 412 3329 latronem
428 3279 457 3330 et
471 3271 605 3328 sicarium
619 3270 656 3328 ab
669 3270 794 3330 innocuo
808 3270 934 3348 viatore;
957 3271 1073 3330 Certum
1088 3279 1118 3330 et
1135 3271 1248 3348 justum
1262 3269 1398 3330 elabendi
1413 3272 1480 3331 sub-

272 3349 428 3426 terfugium
442 3349 543 3407 haberi
556 3369 614 3407 non
628 3357 724 3426 potest
739 3349 768 3406 in
791 3350 1027 3426 equivocatione,
1043 3371 1107 3428 quae
1129 3351 1190 3411 sine
1211 3357 1330 3428 peccato
1343 3351 1408 3410 fieri
1421 3371 1480 3410 non

271 3437 376 3508 potest.
418 3427 565 3488 Audiatur
584 3428 680 3506 potIus
695 3429 812 3486 Fimaes
822 3429 984 3509 Episcopus
998 3431 1185 3510 Tagastensis
1204 3430 1283 3509 apud
1297 3429 1428 3510 August
1442 3432 1481 3491 de

273 3507 391 3567 Mende.
407 3507 444 3565 ad
459 3507 582 3566 Consen.
598 3527 660 3585 cap.
678 3509 724 3582 13,
739 3507 790 3585 qui
804 3507 998 3588 interrogatus
1012 3511 1048 3570 de
1070 3512 1187 3570 homine
1208 3511 1245 3569 ab
1266 3511 1481 3588 apparitoribus

271 3587 403 3665 quaesito,
411 3588 496 3646 “Nec
505 3587 654 3665 prodam,”
666 3587 769 3666 inquit,
782 3591 859 3648 “nec
867 3591 1025 3669 mentiar;'’
1048 3593 1087 3651 Et
1096 3591 1214 3650 foemina
1224 3592 1255 3649 in
1266 3592 1392 3670 equuleo
1403 3592 1482 3670 apud

272 3668 415 3745 Hierony.
430 3668 467 3726 ad
482 3667 653 3728 Innocent.:
676 3669 770 3727 “Non
784 3667 851 3727 ideo
864 3689 970 3748 negare
979 3672 1055 3748 volo,
1066 3692 1103 3730 ne
1117 3691 1241 3750 peream,
1253 3671 1304 3730 aad
1319 3671 1386 3731 ideo
1399 3692 1480 3731 men·

271 3748 320 3808 tiri
334 3748 410 3824 nolo,
425 3767 462 3807 ne
476 3749 622 3826 peccem.''
665 3747 843 3807 Faciendum
864 3769 933 3828 ergo
956 3751 1041 3810 nobis
1055 3752 1133 3830 quod
1153 3753 1244 3812 nostri
1259 3760 1304 3810 est
1324 3751 1420 3829 officii,
1435 3771 1481 3812 re-
1562 3771 1563 3822 ζ

271 3828 348 3888 lictis
371 3829 483 3888 caeteris
507 3829 563 3887 Dei
586 3827 785 3906 providentiae,
802 3849 867 3908 quae
891 3831 974 3891 novit
996 3832 1160 3892 insontibus
1181 3833 1345 3912 prospicere
1370 3833 1482 3910 absque
1562 3837 1563 3866 l

271 3909 382 3990 peccati
395 3908 565 3989 patrocinio.

717 4069 911 4146 Qumsulo
932 4071 1028 4132 x111.

562 4219 567 4227 ’
672 4247 713 4288 nn
728 4249 917 4292 rsncsersu
930 4251 1084 4301 esseron.

269 4392 317 4452 Aa
330 4391 359 4449 ia
373 4391 519 4468 Praecepto
533 4390 588 4448 IV.
609 4390 645 4448 sit
653 4391 752 4466 prema
766 4391 898 4452 institutio
911 4393 1054 4466 daiberti,
1076 4403 1104 4453 et
1121 4394 1169 4453 Aa
1182 4393 1347 4452 mandatum
1361 4392 1397 4450 sit
1404 4413 1481 4470 por-

365 4472 415 4530 tim
429 4471 543 4548 morale,
555 4471 665 4547 param
678 4472 895 4533 emmoniae!
936 4475 1021 4533 Prius
1036 4475 1120 4553 Neg,
1137 4475 1249 4533 Poster.
1264 4471 1378 4531 Affirm.

294 4655 494 4705 voetrsmbsahr
572 4631 598 4691 I.
619 4630 671 4690 Ad
684 4630 842 4695 faciliorem
867 4632 1043 4709 Quaestionis
1065 4633 1261 4694 vexatissimae
1276 4631 1312 4691 de
1329 4631 1482 4692 Sabbatho

343 4720 450 4772 etymon.
530 4711 759 4790 intelligentiam,
775 4713 907 4792 quaedam
919 4714 1120 4792 praemittenda
1135 4721 1211 4790 sunt,
1226 4721 1288 4774 tum
1303 4713 1340 4772 de
1353 4712 1487 4772 nominis.
