3214 5194
170 381 227 438 152
612 391 920 437 nonusnuonscmcs.
1209 375 1371 459 [666661.
1595 199 1601 508 l

171 537 295 616 quadrat
305 534 335 594 in
347 534 441 594 foedus
453 534 673 612 Evangelieum,
683 535 761 614 quod
772 536 802 595 in
814 536 929 597 Christo
939 544 1052 597 mortuo
1063 536 1207 616 fundatur,
1217 547 1250 598 ut
1261 537 1374 614 dicitur,

173 619 240 678 Gal.
254 618 295 676 iii.
313 620 359 675 17.
381 614 479 680 lustina
492 617 639 696 666666μὲ6
653 622 683 682 n
697 628 807 698 116666,
829 617 923 677 166166
942 619 1045 677 161166
1070 619 1100 676 16
1120 618 1234 678 Christo
1256 619 1325 677 laeso
1346 626 1376 677 61

173 717 310 777 percusso
325 741 332 772 ,
348 717 382 755 ae
396 696 517 774 proinde
531 696 626 755 diviso
640 717 717 775 agno
731 697 782 756 illo
796 699 990 774 immaculato,
1005 698 1108 776 inquo
1122 699 1204 758 Deus
1217 707 1280 758 erat
1293 718 1375 757 mun·

173 779 243 838 dum
258 777 314 835 sibi
328 777 527 851 reconcilians,
548 780 566 834 2
589 776 762 853 (166619,
783 787 813 836 61
830 798 882 856 per
902 799 989 856 quem
1009 779 1094 856 quasi
1114 779 1265 856 uansiens,
1281 778 1376 838 foedus

171 857 247 917 illud
260 856 459 918 confirmatum
473 863 503 916 et
515 863 610 916 ratum
624 855 701 917 fecit.

240 993 245 1004 ,
287 991 292 1006 ,
329 991 334 1003 ,
478 935 538 994 111.
561 936 651 1013 Apud
676 937 795 998 Gnaeos
819 957 879 997 vox
903 936 1020 998 foederis
1044 938 1119 998 66161
1138 937 1229 1015 vulgo
1253 935 1376 1014 exprimi

197 991 393 1104 Qurpsngppnest
439 1035 491 1093 per
505 1013 631 1094 tustinum
654 1037 718 1094 quse
739 1017 778 1077 ad
798 1017 994 1078 6666166166
1014 1025 1044 1076 61
1063 1025 1179 1095 666166
1192 1017 1292 1076 referri
1313 1016 1375 1093 qui·

440 1095 506 1155 dem
520 1105 633 1175 potest3
654 1106 759 1157 utnon
774 1098 863 1158 semel
876 1099 932 1157 hoc
946 1117 1033 1157 sensu
1047 1097 1186 1156 sumitur:
1202 1097 1274 1155 Luc.
1288 1096 1307 1153 i.
1318 1099 1374 1171 725

175 1175 244 1236 Act.
260 1175 301 1235 iii.
316 1177 365 1250 25,
385 1181 415 1233 61
427 1175 478 1233 611.
494 1177 530 1252 85
554 1177 676 1236 Roman.
691 1178 733 1236 ix.
748 1181 784 1254 43
807 1178 904 1237 Galat.
919 1177 959 1237 iii.
976 1179 1023 1252 15,
1044 1185 1074 1235 61
1087 1177 1127 1234 16.
1142 1180 1198 1252 24;
1222 1175 1330 1254 Ephes.
1345 1175 1376 1234 ii.

177 1260 232 1333 12;
256 1256 333 1315 Heb.
347 1255 409 1313 viii.
425 1257 452 1331 6,
468 1257 496 1330 8,
512 1259 540 1333 9,
556 1254 610 1315 &a
645 1256 703 1316 Sed
716 1258 899 1334 peculiariter
912 1277 977 1316 cum
991 1256 1121 1315 foederali
1135 1256 1267 1334 pactione
1280 1257 1376 1314 Testa·

173 1337 342 1396 mental-iam
365 1335 570 1412 dispositionem
589 1345 678 1412 notat,
701 1357 758 1414 quo
780 1337 944 1414 significatu
963 1336 1085 1396 sumitur
1106 1335 1211 1394 Matth.
1226 1335 1310 1394 xxvi.
1325 1337 1373 1410 28,

176 1420 191 1475 1
209 1415 437 1493 (1661616125,
460 1425 489 1475 61
502 1417 645 1494 praecipue
661 1416 753 1475 Hebr.
767 1417 808 1476 ix.
825 1419 871 1493 15,
888 1419 934 1492 16,
954 1417 1005 1476 61ιί
1029 1415 1100 1475 11611
1115 1415 1223 1475 Paulus
1246 1417 1264 1450 “
1279 1415 1376 1474 Chris-

173 1505 236 1556 tum
251 1495 359 1556 166166
372 1495 461 1555 161666
476 1495 667 1554 Μ61161οι66
681 1497 718 1553 N.
733 1496 869 1572 Testem,
884 1505 925 1573 ut,
942 1506 1035 1556 morte
1052 1495 1248 1555 intercedente
1267 1495 1305 1554 ad
1326 1515 1376 1553 ex·

173 1577 331 1654 piationem
352 1584 535 1652 peccatorum
556 1575 779 1652 precedentium
794 1577 848 1635 sub
868 1577 961 1654 primo
975 1577 1169 1651 Testamento,
1191 1575 1288 1634 vuenti
1302 1574 1377 1634 acei-

174 1657 257 1736 piant
278 1657 498 1735 promissionem
519 1655 726 1715 baereditatis.”
769 1656 837 1714 Non
857 1658 919 1715 sine
942 1657 1068 1714 Numine
1089 1665 1185 1714 autem
1206 1655 1323 1731 166166,
1344 1662 1379 1713 61

175 1736 289 1812 Lxx,
306 1755 379 1814 quos
393 1736 441 1795 bic
456 1735 585 1813 sequitur
600 1735 714 1814 Apost,
725 1755 827 1795 vocem
841 1755 915 1795 6666
930 1756 982 1814 per
996 1733 1105 1798 1661166
1118 1735 1215 1812 661166
1229 1754 1316 1812 quam
1326 1753 1379 1811 per

174 1819 285 1880 mittan
303 1815 490 1892 reddiderint,
512 1835 578 1894 qun
598 1816 757 1894 simplicem
777 1817 942 1894 pactionem
955 1823 1053 1890 notat;
1075 1815 1143 1893 quia
1162 1813 1256 1874 166166
1278 1814 1379 1891 gratiae

173 1897 263 1956 habet
276 1895 387 1974 aliquid
400 1896 525 1954 mixtum
540 1916 577 1954 ex
601 1898 774 1955 Testamenta
788 1904 818 1956 et
830 1899 961 1972 sedern
983 1895 1070 1956 Unde
1090 1914 1149 1953 non
1162 1895 1238 1952 mele
1258 1901 1380 1952 vocatur

175 1977 465 2051 Testamenta-sardas,
480 1977 585 2033 Foedns
601 1977 861 2053 Testamentaeinm,
877 1985 907 2036 et
922 1978 1125 2035 Testamentum
1137 1977 1288 2050 federale.
1314 1975 1378 2031 Fa·

174 2057 374 2134 1666616616
388 2055 425 2113 ad
446 2054 565 2113 modum
579 2055 696 2115 foederis
710 2057 865 2115 conventio
885 2055 918 2114 111
931 2057 1007 2114 inter
1027 2063 1133 2133 partes,
1149 2063 1178 2113 et
1199 2053 1379 2112 conditiones

175 2137 312 2213 utrinque
326 2143 481 2212 ponuntur,
497 2141 526 2192 et
539 2143 652 2212 aparte
668 2135 732 2210 Dei,
745 2144 802 2193 eta
815 2143 896 2212 parte
907 2134 1065 2209 bominum,
1081 2141 1110 2192 61
1125 2133 1271 2191 Mediator
1285 2133 1378 2208 datur,

175 2213 691 2293 611166616611661166166666611161;
716 2213 774 2272 Sed
791 2216 993 2273 Testamentum
1008 2214 1093 2272 etiam
1109 2220 1162 2288 est,
1186 2215 1213 2271 1.
1229 2211 1303 2286 Quia
1317 2213 1379 2290 agi-

174 2305 223 2354 tur
236 2294 273 2352 de
287 2293 403 2368 foedere,
419 2312 477 2369 quo
490 2292 667 2370 promittitur
679 2293 842 2367 hareditas,
857 2312 922 2370 quse
935 2292 1098 2351 necessario
1111 2299 1233 2350 mortem
1247 2293 1380 2350 Testato-

174 2375 215 2434 ris
234 2371 451 2432 antecedentem
471 2372 616 2448 postulat;
640 2372 672 2430 Is
692 2371 800 2450 quippe
820 2372 937 2430 demum
958 2380 1092 2431 censetur
1109 2372 1211 2446 hares,
1235 2372 1282 2430 cui
1303 2371 1380 2432 bona

175 2453 331 2529 obtingunt
364 2450 576 2510 interveniente
597 2449 777 2528 disponentis
795 2451 955 2511 voluntate.
998 2451 1071 2510 Cum
1102 2451 1192 2528 igitur
1212 2447 1312 2515 3161161
1343 2453 1382 2510 611

175 2530 319 2610 ejusmodi
334 2532 486 2606 1666666111,
509 2531 593 2606 cujus
607 2531 638 2588 61
652 2530 805 2590 baereditss
820 2531 954 2606 cernitur,
976 2549 1096 2590 neeesse
1117 2539 1162 2590 est
1175 2538 1208 2590 ut
1227 2533 1265 2590 sit
1278 2532 1380 2590 Testa·

175 2610 325 2671 66616116.
367 2610 440 2669 1166
454 2609 572 2688 subjicit
586 2609 756 2689 Apostolus,
776 2611 834 2670 Ubi
845 2610 916 2669 enim
930 2607 1037 2686 3161166,
1059 2610 1266 2688 nimirumque
1289 2611 1380 2669 16666-

175 2691 251 2750 11166
273 2689 458 2768 promittitur,
474 2689 514 2749 id.
536 2699 735 2767 testammtam,
757 2711 834 2750 mors
855 2691 1007 2750 Testatorss
1027 2692 1181 2750 intercedat
1200 2709 1307 2750 necesse
1331 2699 1383 2750 est.

178 2775 207 2830 2.
223 2771 297 2846 Quia
310 2771 342 2829 in
355 2770 538 2830 commodum
552 2779 683 2830 nostrum
704 2777 816 2830 tuntum
831 2769 926 2830 loedua
940 2771 1019 2830 istud
1039 2789 1207 2848 percussum
1222 2778 1274 2846 est,
1296 2772 1381 2831 utin

177 2851 372 2928 Testamento,
396 2870 455 2909 non
479 2850 648 2926 Testatoris,
672 2849 725 2910 sed
748 2849 897 2909 haeredum
921 2851 1104 2910 commodum
1127 2850 1303 2927 attenditur;
1327 2869 1381 2909 nec

178 2932 310 2992 Deuade
330 2931 439 2990 mutuis
453 2929 611 3007 beneficiis,
635 2930 737 2990 66116
752 2931 812 2990 6616
833 2939 946 2991 166166
966 2931 1131 3009 paciscitur.
1174 2934 1202 2990 3.
1218 2931 1293 3006 Quia
1313 2931 1382 2990 licet

174 3013 311 3090 utrinque
325 3011 506 3071 conditiones
526 3019 732 3090 proponantur,
747 3011 834 3070 unius
848 3018 961 3070 tantum
975 3012 1074 3090 partis,
1090 3010 1226 3070 nimirum
1242 3011 1306 3088 Dei,
1321 3012 1380 3069 vir·

177 3099 240 3151 tute
261 3101 291 3152 61
311 3092 451 3152 fidelitate
472 3091 639 3150 executioni
659 3090 841 3151 mandantur.
885 3091 971 3152 Unde
993 3093 1055 3152 sola
1077 3091 1133 3150 Dei
1153 3092 1247 3168 gratia
1267 3091 1379 3168 nititur,

175 3171 257 3230 nulla
270 3193 340 3232 vero
353 3171 480 3231 hominis
494 3169 683 3248 dispositione
698 3181 728 3230 et
741 3171 853 3248 merito,
868 3179 902 3230 ut
916 3191 969 3232 suo
982 3171 1047 3232 loeo
1061 3171 1154 3230 fusius
1167 3172 1346 3250 probabitur.

480 3250 536 3308 IV.
558 3250 658 3328 Atque
672 3251 740 3309 binc
754 3250 838 3311 166116
853 3251 1008 3330 colligitur,
1016 3252 1086 3330 quid
1101 3251 1285 3312 statuendum
1300 3252 1338 3311 sit
1351 3251 1382 3308 in

176 3324 218 3370 ΑΒ
239 3323 294 3370 vox
314 3316 417 3370 '‘²¹⁶2'‘
440 3329 614 3403 Quaestione,
629 3350 694 3407 quae
721 3331 770 3390 hie
793 3352 811 3391 6
835 3333 982 3392 nonnullis
1005 3340 1139 3390 movetur
1162 3331 1198 3389 de
1223 3351 1278 3390 usu
1299 3330 1382 3388 vocis

206 3385 418 3486 ffilffimffi
438 3408 549 3474 ranan
562 3433 568 3468 :
590 3409 641 3468 An
655 3430 693 3469 ex
706 3429 761 3470 usu
776 3412 813 3470 N.
825 3412 914 3488 Test,
926 3421 956 3471 61
969 3411 1118 3488 speciatim
1133 3411 1225 3486 Pauli,
1238 3409 1382 3487 significet

206 3497 238 3544 N·
251 3497 295 3552 21
325 3498 421 3568 'Annon
441 3497 554 3549 166166
569 3491 794 3567 Testamentum,
810 3511 868 3550 nou
882 3510 954 3550 vero
975 3491 1061 3548 etiam
1083 3491 1194 3553 matiam
1214 3509 1265 3548 seu
1286 3487 1381 3546 foedus

205 3555 422 3660 ipppr'atetumtoe·
442 3577 471 3628 et
491 3569 662 3648 pactionem.
705 3571 778 3630 Cum
799 3572 875 3632 enim
899 3570 1063 3649 promiscua
1084 3569 1123 3628 sit
1142 3568 1220 3646 apud
1233 3567 1382 3627 Authores

438 3649 574 3727 profanos
599 3659 628 3710 et
652 3669 749 3710 sacros
773 3647 884 3715 >usuam
909 3647 1091 3728 significatio,
1119 3655 1179 3707 tam
1202 3667 1255 3725 pro
1279 3647 1380 3705 Testa·

176 3737 284 3799 mento,
300 3749 386 3806 quam
399 3749 453 3806 pro
472 3728 588 3806 foedere,
603 3731 677 3789 ratio
698 3731 779 3790 nulla
799 3730 892 3789 solida
912 3729 1007 3788 afferri
1026 3735 1132 3806 potest,
1154 3747 1205 3786 eur
1226 3727 1288 3786 sola
1308 3726 1382 3786 ratio

177 3809 357 3870 Testamenti
374 3808 452 3886 apud
467 3809 589 3869 Paulum
611 3811 706 3870 locum
728 3810 835 3869 babere
856 3809 970 3885 debeat,
985 3809 1104 3868 exclusa
1124 3808 1235 3867 ratione
1255 3806 1381 3866 scederis.

178 3891 299 3949 Henric.
316 3889 416 3967 Steph.
431 3885 568 3966 3661661
582 3891 702 3967 exponit
715 3909 768 3968 per
781 3891 900 3965 Testari,
916 3899 946 3949 et
958 3909 1010 3967 per
1018 3889 1142 3966 panici:
1157 3889 1299 3965 Cumque
1312 3885 1383 3946 facit

178 3970 315 4046 Budaeus,
331 3970 382 4048 qui
402 3967 512 4034 3161166
531 3989 584 4047 pro
608 3971 794 4030 Testamento
815 3979 844 4029 et
866 3991 919 4048 pro
940 3969 1048 4028 foedere
1068 3969 1200 4046 usurpari
1220 3967 1382 4046 promiscue

177 4049 295 4109 asserit:
310 4051 528 4128 muniamini
538 4059 582 4110 τοῦ
592 4051 739 4126 constipat,
745 4051 887 4127 paciscor.
902 4049 1070 4127 Hesychius
1079 4045 1384 4127 3611166661661666

178 4129 337 4208 mannonis,
353 4149 417 4206 qua
442 4132 472 4188 16
496 4131 629 4208 pactione
643 4130 760 4189 soederis
781 4131 855 4190 solet
869 4149 933 4190 esse
953 4130 983 4188 16
997 4149 1061 4188 666.
1084 4129 1187 4188 LXX.
1204 4128 1383 4206 Interpretes

176 4229 280 4268 vocem
293 4227 352 4269 rum
367 4209 514 4286 explicant
527 4229 579 4288 per
592 4207 709 4286 3161166,
724 4210 776 4269 ubi
789 4211 870 4270 66116
884 4211 941 4270 ulia
955 4229 1040 4288 quam
1053 4209 1132 4287 pacti
1152 4217 1182 4268 61
1201 4208 1318 4268 16616616
1331 4227 1382 4285 po-

179 4297 238 4350 teet
252 4288 381 4348 obtinere
396 4289 578 4367 significatio,
596 4294 611 4349 l
630 4291 707 4350 Sam.
722 4289 763 4349 xi.
780 4295 806 4366 1,
823 4291 898 4350 Gen.
912 4291 996 4349 xxxi.
1011 4293 1060 4348 44.

217 4369 256 4429 V.
280 4369 313 4428 Si
326 4369 427 4428 sedulo
441 4370 642 4448 expendantur
654 4371 719 4429 loca
733 4371 770 4429 N.
784 4371 864 4430 Test.
877 4371 929 4430 ubi
942 4389 1002 4429 vox
1021 4366 1131 4436 1611666
1145 4368 1277 4446 occurrit,
1293 4368 1383 4446 signi-

176 4449 341 4510 ficationem
362 4451 473 4516 mutim
495 4469 554 4509 666
573 4450 660 4509 6616
681 4470 740 4510 666
760 4450 928 4526 excludunt,
944 4450 998 4509 sed
1020 4459 1127 4510 61666
1149 4471 1213 4509 raro
1235 4449 1384 4529 postulant

177 4529 350 4589 necessario.
393 4531 463 4590 Luc.
478 4529 498 4589 i.
514 4533 562 4607 72,
578 4531 646 4589 Α61.
662 4529 702 4590 iii.
718 4533 766 4606 25,
781 4530 889 4590 666116
903 4530 937 4590 fit
950 4527 1069 4604 datiane,
1084 4530 1239 4610 66616616
1259 4537 1383 4588 661666

178 4607 314 4669 Patribus
328 4610 359 4668 in
373 4609 550 4684 Abrabamo,
565 4629 652 4688 quam
667 4609 807 4669 rationem
821 4611 958 4670 habuisse
971 4611 1087 4671 foederis
1101 4611 1202 4689 negari
1215 4629 1274 4669 nou
1287 4609 1383 4687 potest

178 4705 217 4746 ex
231 4689 338 4748 Genea.
353 4689 425 4748 xvii.
444 4691 490 4766 10,
509 4692 554 4766 11,
577 4689 654 4749 6616
675 4689 770 4750 16166
790 4690 842 4750 illo
863 4700 1043 4756 sacramento
1064 4691 1249 4769 obsignatum
1261 4693 1383 4748 vocans

1599 549 1602 612 ι
