3152 5198
211 351 269 408 614
609 369 702 410 iocus
716 367 847 410 oremus
861 367 1016 410 summus.
1244 353 1377 436 [111111.
1394 371 1428 410 11.

214 505 468 577 sanctificationis,
483 509 563 565 etde
586 507 759 584 impossibili
777 508 948 583 impletione
970 509 1076 583 Legis;
1093 509 1174 578 Quia
1195 519 1295 568 tamen
1315 512 1427 568 eodem

213 587 371 660 pertinent,
385 593 416 643 et
429 585 533 643 iisdem
548 587 731 660 argumentis
746 587 920 661 probantur,
935 606 954 643 a
966 587 1052 644 nobis
1066 589 1114 646 hic
1127 589 1360 663 conjungentur.

509 661 568 722 IV.
591 663 635 722 Ut
659 665 760 724 Status
776 665 960 731 Quaestionis
980 665 1035 722 rite
1048 673 1193 740 teneatur,
1218 666 1425 723 Notandum:

231 726 421 831 Sfflit'fgnssuae*
468 741 495 801 1.
516 741 587 798 Non
612 741 706 816 quaeri
729 740 778 798 De
792 741 970 817 Perfeetione
982 745 1161 814 sinceritatis,
1173 764 1241 820 ques
1255 743 1335 800 ineo
1350 761 1426 800 con-

357 818 362 829 '
468 819 551 890 sistit,
565 825 600 874 ut
617 817 684 891 quis
704 820 792 876 eorde
806 838 867 877 non
887 820 989 878 fucato
1003 827 1033 877 et
1052 822 1207 881 dimidiato
1221 821 1332 878 serviat
1345 819 1425 878 Deo.

213 893 302 954 Hnnc
315 897 395 954 enim
417 897 447 953 in
462 897 538 953 veris
561 895 698 951 fidelibus
719 897 841 970 reperiri
865 897 971 954 debere
995 917 1154 970 censemus,
1170 907 1205 957 ut
1225 917 1262 956 ea
1275 898 1424 954 tribuitur

212 973 302 1050 Jobo,
318 994 380 1049 cap.
396 976 415 1032 i.
429 975 455 1043 1,
466 991 562 1047 quum
572 972 681 1029 dicitur
686 977 832 1048 perfectus
842 985 868 1031 et
876 986 975 1046 rectus,
986 977 1085 1036 timens
1093 975 1200 1047 Deum,
1215 987 1241 1036 et
1254 977 1390 1034 recedens
1403 995 1424 1031 a

212 1053 296 1110 nonio,
339 1052 379 1110 Et
392 1051 501 1108 Hiskia
514 1049 569 1107 sibi
583 1067 649 1107 earn
658 1049 798 1122 vindieat,
810 1052 869 1109 Ise¹
880 1054 1040 1112 11111113.
1072 1055 1099 1113 2.
1114 1055 1146 1112 N
1148 1075 1180 1114 ec
1190 1058 1228 1113 de
1238 1053 1424 1131 Per-sectione

208 1131 350 1206 partium,
365 1129 438 1185 'Pam
452 1128 605 1203 subjectiva
619 1135 753 1201 respectu
764 1129 855 1186 totius
868 1131 1007 1204 bominis,
1021 1133 1075 1207 qui
1094 1139 1175 1190 totus
1189 1134 1278 1190 debet
1290 1133 1422 1190 sanetifi-

211 1209 280 1277 enri,
299 1215 361 1263 tarn
376 1207 477 1280 quoad
498 1223 615 1282 corpus,
635 1223 726 1281 quam
749 1208 849 1283 quoad
870 1209 1002 1266 animam
1025 1218 1055 1268 et
1075 1210 1223 1285 spiritum,
1240 1211 1255 1268 1
1272 1210 1376 1268 Thess.
1391 1229 1420 1268 v.

212 1286 259 1354 23,
276 1283 376 1352 Quam
391 1283 528 1360 objectiva
541 1290 674 1359 respectu
689 1285 781 1342 totius
802 1285 892 1358 Legis
905 1287 1007 1361 quoad
1021 1288 1122 1344 omnia
1135 1290 1285 1346 mandata.
1328 1287 1422 1346 Hanc

211 1363 291 1418 enirn
304 1361 394 1418 etiam
408 1379 427 1418 a
440 1361 520 1418 fidoli
535 1361 647 1437 requiri
661 1363 818 1432 oredimus,
832 1369 867 1417 ut
880 1364 917 1419 (11
933 1364 1080 1422 Zacharia
1099 1373 1130 1422 et
1151 1365 1328 1423 Elisabetha
1341 1385 1420 1440 prae·

211 1441 336 1509 dicatur,
362 1441 435 1498 Luc.
455 1439 474 1496 i.
495 1440 522 1496 6.
565 1440 591 1496 3.
614 1437 679 1497 Nec
701 1441 738 1496 de
756 1440 931 1518 perfectione
952 1453 1127 1518 comparata,
1142 1461 1210 1518 quse
1234 1443 1421 1517 quibusdam

210 1519 349 1575 fidelibus
375 1517 609 1593 provectioribus
635 1517 777 1574 tribuitur
812 1536 873 1593 pree
896 1519 979 1589 aliis3
1012 1540 1071 1595 quo
1099 1539 1187 1580 sensu
1208 1521 1312 1578 fideles
1335 1519 1421 1578 Novi

211 1596 393 1654 Testamenti
421 1604 500 1651 staua
526 1601 672 1652 vocantur
705 1602 839 1670 respectu
874 1595 1008 1655 fidelium
1037 1599 1163 1668 Veteris,
1191 1597 1244 1673 qui
1270 1605 1421 1655 vocantur

212 1685 290 1745 11111,
306 1675 322 1732 1
339 1673 405 1733 Cor.
420 1675 450 1732 ii.
466 1677 494 1746 6,
511 1671 577 1732 Gal.
593 1673 631 1729 iv.
653 1673 687 1742 1;
714 1673 754 1730 Et
766 1675 868 1730 fideles
884 1672 1054 1748 Christiani,
1069 1677 1121 1752 qui
1134 1677 1262 1749 majores
1282 1693 1422 1750 progres-

210 1773 260 1812 sus
272 1755 406 1810 fecerum
420 1752 487 1810 aliis
502 1752 605 1809 infide
619 1751 782 1825 etpietate,
797 1757 827 1808 et
848 1751 900 1826 qui
924 1770 1029 1810 sensus
1052 1755 1165 1812 habent
1185 1753 1363 1810 exercitatos
1378 1755 1420 1810 ad

211 1830 416 1889 discretionem
431 1830 503 1888 boni
517 1837 547 1886 et
560 1829 632 1886 mali
646 1846 706 1901 prae
720 1828 795 1900 aliis,
809 1829 862 1904 qui
885 1829 961 1888 lecte
985 1833 1084 1889 udhuo
1098 1849 1172 1908 opus
1185 1831 1305 1900 habent,
1320 1831 1419 1906 etqui

209 1910 240 1966 11
253 1907 430 1967 rudimentis
452 1906 617 1980 Religionis
630 1913 794 1977 versantur,
808 1908 846 1963 de
867 1907 975 1981 quibus
995 1909 1103 1982 agitur,
1120 1909 1198 1966 Phil.
1213 1908 1254 1964 iii.
1271 1907 1317 1977 15,
1334 1907 1417 1966 Heb.

209 2004 237 2044 v.
254 1987 300 2044 13.
341 1989 369 2042 4.
391 1984 423 2043 N
425 2004 458 2043 ec
477 1988 515 2043 de
520 1984 692 2060 perfectione
706 1983 893 2060 Euangeliou,
908 2003 975 2062 quse
985 1993 1029 2043 est
1042 2005 1110 2044 eum
1122 1986 1251 2060 tegmine
1260 1985 1375 2058 gratim
1392 1991 1425 2043 et

208 2083 276 2122 cum
292 2071 398 2134 1111111,
411 2071 544 2137 paterno,
558 2081 652 2138 quum
666 2063 767 2119 omnin
779 2061 858 2122 faeta
871 2062 1061 2136 deputantur,
1075 2065 1195 2138 qnando
1209 2063 1289 2137 quod
1303 2061 1421 2120 factum

209 2161 269 2199 non
284 2151 329 2199 est
341 2141 514 2216 ignoscitur,
526 2149 638 2199 tectum
652 2139 763 2198 scilicet
771 2140 890 2214 justitia
905 2139 1023 2213 Christi,
1035 2141 1065 2198 in
1077 2159 1137 2216 quo
1147 2140 1269 2216 perfecti
1279 2139 1421 2210 dicimur,

210 2217 274 2278 Col.
295 2220 326 2276 11.
350 2221 396 2278 10.
437 2218 603 2276 Η1111111
628 2235 729 2275 omnes
750 2218 964 2292 perfectionum
989 2219 1098 2294 species
1119 2217 1314 2293 agnoscimus.
1357 2217 1421 2275 Sed

209 2295 302 2370 quaeri
317 2297 355 2352 de
369 2295 550 2371 Persectione
564 2297 674 2372 Legati,
689 2295 819 2355 absoluta
833 2296 971 2354 omnibus
985 2297 1124 2366 numeris,
1139 2303 1173 2353 ut
1186 2295 1262 2352 nihil
1274 2283 1319 2352 illi
1330 2295 1420 2366 desit,

209 2381 269 2432 tam
284 2373 384 2446 quoad
399 2374 518 2444 gradus,
533 2391 624 2446 quom
637 2376 737 2448 quoad
752 2381 859 2448 partes,
873 2373 1028 2445 intensive,
1042 2381 1073 2432 11
1085 2374 1245 2432 extensive.

250 2449 289 2508 V.
312 2450 338 2506 2.
354 2447 426 2505 Non
441 2449 534 2524 quaeri
548 2450 585 2506 de
596 2449 830 2526 Impossibiiitate
843 2450 974 2509 absoluta
989 2458 1019 2508 11
1033 2452 1129 2522 totali,
1148 2452 1312 2510 secundum
1323 2467 1419 2526 qnam

208 2527 323 2604 aliquid
346 2526 455 2584 (1111111
478 2544 537 2584 101
562 2545 648 2601 posse
669 2527 742 2597 fieri,
756 2529 804 2585 vel
829 2529 901 2603 quia
923 2529 1186 2587 contradictionem
1209 2529 1352 2604 implicat,
1367 2530 1419 2587 vel

209 2607 281 2686 quia
300 2613 414 2666 natura
438 2604 494 2664 Dei
518 2612 674 2680 repugnat,
695 2606 744 2662 vel
767 2605 839 2680 quia
862 2605 895 2663 in
919 2606 1005 2663 nullo
1027 2614 1108 2664 statu
1129 2606 1244 2664 homiui
1267 2607 1417 2680 competit

209 2687 241 2746 N
243 2705 291 2744 arn
305 2687 363 2742 hoc
376 2703 463 2742 sensu
478 2701 538 2740 non
553 2683 680 2741 dicimus
692 2685 834 2742 mandata
847 2681 905 2740 Dei
919 2700 981 2741 esse
995 2684 1190 2759 impossibilia
1202 2683 1327 2754 homini,
1342 2685 1418 2758 quia

208 2772 238 2822 et
251 2762 404 2839 possibilia
418 2761 539 2819 fuerunt
552 2761 665 2819 homini
680 2761 711 2818 in
725 2769 805 2820 statu
820 2761 955 2833 Nature,
970 2768 1000 2820 et
1023 2762 1176 2836 possibilia
1189 2767 1287 2818 essent
1299 2761 1418 2818 homini

208 2841 342 2916 regenito
356 2840 386 2896 in
401 2847 481 2898 statu
497 2839 617 2910 Gratiae,
632 2839 656 2896 si
670 2839 752 2898 Deus
766 2839 856 2897 talem
871 2846 901 2897 et
915 2847 1028 2898 tantem
1041 2841 1145 2913 1111111
1158 2856 1329 2895 mensuram
1342 2840 1419 2898 dare

208 2921 307 2988 vellet,
322 2937 388 2993 quse
403 2935 521 2976 omnem
545 2919 764 2991 corruptionem
786 2919 882 2976 cordis
906 2919 1033 2987 10111111,
1048 2924 1079 2973 11
1099 2916 1251 2992 possibilia
1271 2923 1360 2973 erunt
1382 2915 1414 2974 in

208 2997 312 3070 gloria.
356 2997 415 3056 Sed
440 2995 532 3070 quaeri
556 2997 593 3052 de
617 2995 849 3070 Impossibiiitate
872 2996 1028 3054 secundnm
1041 2995 1122 3070 qnid,
1135 2995 1229 3052 relate
1243 2995 1285 3051 ad
1303 3001 1417 3052 statum

208 3081 353 3145 nostrum,
368 3082 398 3132 et
412 3073 468 3130 Dei
483 3072 626 3144 ordinem,
641 3074 694 3148 qui
709 3074 779 3131 licet
791 3076 945 3151 potuisset,
960 3072 1058 3130 noluit
1079 3078 1180 3129 tamen
1202 3070 1414 3145 perfectionem

208 3151 447 3210 sanctificationis
461 3151 546 3209 nobis
560 3153 609 3209 hic
621 3152 702 3222 dare,
716 3151 898 3226 gravissimis
911 3154 948 3209 de
958 3149 1062 3219 cnusis,
1072 3157 1137 3206 tum
1147 3157 1182 3206 ut
1195 3149 1236 3207 sic
1245 3148 1415 3222 distingua-

208 3237 259 3290 tur
282 3237 377 3289 status
391 3230 446 3288 viae
468 3237 498 3290 et
520 3229 635 3304 patries,
650 3227 782 3288 Ecclesia
805 3230 935 3287 militans
958 3235 988 3286 et
1010 3227 1205 3301 triumphans,
1230 3233 1295 3283 tum
1316 3232 1352 3282 ut
1372 3225 1417 3284 ita

209 3309 344 3365 studium
358 3307 522 3365 sanctitatis
536 3307 643 3364 fortius
656 3307 800 3366 excitetur
813 3315 844 3364 et
857 3307 983 3366 sciamus
1002 3303 1087 3361 nobis
1100 3322 1161 3360 non
1182 3305 1416 3377 segnescendum

208 3401 270 3440 esse
283 3385 314 3439 11
329 3403 416 3458 opere
430 3385 544 3454 salutis,
556 3401 624 3442 cum
638 3385 753 3460 aliquid
762 3403 876 3460 semper
889 3384 927 3442 sit
937 3383 1097 3460 agendum,
1108 3399 1162 3440 nee
1172 3381 1270 3438 desint
1280 3397 1415 3458 unquam

208 3461 307 3520 hostes
320 3461 500 3534 quibuscum
521 3463 694 3519 certandum
708 3463 792 3520 nobis
806 3470 858 3522 est

249 3537 307 3596 VI.
329 3537 440 3598 enon
455 3538 608 3610 quseritur,
625 3541 676 3595 An
701 3559 791 3614 opera
809 3541 962 3614 justorum
984 3557 1053 3596 vere
1076 3539 1155 3596 bona
1176 3537 1243 3606 sint,
1258 3537 1339 3612 quod
1364 3535 1413 3594 hie

206 3623 314 3694 prester
327 3631 390 3670 rem
404 3619 512 3688 urgent
527 3614 710 3685 Adversarii,
725 3618 796 3690 quia
816 3619 871 3675 hoc
891 3618 931 3674 ed
950 3616 1040 3673 aliam
1060 3615 1254 3690 questionem
1274 3613 1411 3688 pertinet,

208 3693 254 3756 De
267 3693 391 3751 veritate
405 3693 553 3750 bonorum
567 3709 700 3764 operum,
715 3694 767 3750 ubi
787 3696 966 3762 ostendetur,
982 3712 1042 3769 quo
1064 3711 1152 3752 sensu
1173 3692 1306 3750 fidelium
1322 3707 1412 3765 opera

207 3774 267 3834 sint
280 3790 348 3832 vere
372 3772 460 3843 bona,
474 3777 505 3828 et
525 3775 625 3827 temen
639 3775 760 3842 peccata
782 3770 937 3846 dicontur;
963 3770 1021 3828 Sed
1044 3773 1199 3846 quaeritur,
1215 3771 1266 3828 An
1289 3768 1349 3825 sint
1370 3767 1412 3824 ita

206 3852 337 3927 perfecta
350 3857 385 3910 ut
398 3849 597 3928 respondeant
611 3845 694 3922 Legi,
709 3865 763 3906 nec
777 3846 807 3906 iu
831 3847 892 3906 illis
905 3848 1065 3924 quiequam
1088 3850 1198 3907 habeat
1211 3847 1292 3923 quod
1308 3863 1413 3919 repre-

206 3932 341 3990 hendetf

248 4007 326 4066 VII.
349 4007 480 4083 Quaestio
494 4026 529 4066 eo
543 4006 628 4076 redit,
639 4005 689 4064 Au
700 4005 796 4064 fidelis
806 4005 956 4080 regenitus
966 4006 1009 4065 ita
1018 4022 1192 4082 promovere
1203 4002 1296 4079 possit
1305 3999 1412 4058 111111-

206 4086 373 4144 ficationem
387 4105 481 4157 suum,
491 4092 526 4144 ut
539 4085 749 4160 perfectionem
763 4091 947 4160 assequetur,
956 4103 1017 4142 non
1031 4085 1120 4141 modo
1132 4084 1230 4158 quoad
1242 4085 1349 4156 partes,
1360 4077 1411 4134 sed

207 4164 297 4222 etiam
322 4165 421 4239 quoad
445 4165 565 4236 gradus,
581 4161 621 4220 Et
645 4161 757 4237 Legem
781 4162 905 4237 implore
928 4161 1029 4237 possit,
1049 4179 1110 4218 non
1134 4167 1253 4218 tontum
1269 4161 1412 4216 11115111

208 4241 397 4314 Evangelice,
412 4243 462 4298 sod
486 4241 574 4298 otiam
589 4249 683 4314 euertat
699 4247 729 4297 et
752 4239 911 4312 Legaliter,
926 4247 956 4297 et
976 4239 1018 4297 ita
1039 4237 1190 4296 cumulate
1212 4237 1287 4310 Legi
1301 4235 1411 4291 divinae

206 4317 430 4386 satisfacerent
443 4317 525 4374 vivat
539 4335 599 4376 non
618 4325 736 4375 tentum
758 4317 820 4374 sine
839 4316 969 4386 crimine,
984 4318 1037 4374 sed
1051 4315 1140 4373 otiam
1155 4315 1217 4372 sine
1237 4319 1366 4388 peccato,
1381 4317 1412 4366 ot

207 4397 270 4457 Lex
285 4395 358 4454 nihil
374 4395 483 4453 habent
497 4395 578 4471 qnod
600 4395 631 4451 in
645 4396 698 4453 illo
711 4412 848 4452 accusare
861 4401 892 4451 11
905 4395 1047 4451 (11111111
1060 4393 1161 4468 possit,
1176 4394 1201 4450 si
1215 4392 1299 4450 Deus
1312 4391 1342 4446 in
1360 4389 1410 4464 ju-

206 4473 317 4534 dicium
332 4491 400 4530 cum
413 4473 467 4530 illo
481 4473 604 4530 veniatf
626 4473 787 4530 Affirmant
801 4471 985 4542 Adversarii,
1000 4469 1032 4528 N
1034 4490 1066 4529 os
1080 4489 1231 4544 negamus.

247 4549 345 4607 VIII.
367 4549 399 4604 N
401 4569 439 4605 on
454 4550 703 4607 dissimulandum
723 4555 822 4606 tamen
844 4548 1015 4610 Pontificios
1034 4549 1174 4623 perplexe
1188 4549 1236 4605 hic
1249 4545 1342 4622 loqui,
1357 4561 1412 4600 neo

206 4631 334 4681 mentem
346 4643 429 4680 snam
445 4627 516 4684 setis
530 4635 628 4700 aperte
641 4627 689 4681 hic
704 4625 858 4698 explicere.
889 4625 1090 4683 Bellnrminus
1104 4643 1174 4682 sane
1185 4633 1295 4684 statum
1307 4623 1411 4692 Quaes·
