3146 5210
136 380 248 429 QUAES'I'.
265 361 368 446 mm]
482 381 522 421 DE
536 377 652 421 onrlcto
667 377 785 418 CHRISTI
800 375 995 416 nnntnronto.
1287 373 1347 432 435

131 525 182 600 ris,
208 531 241 582 ut
269 522 371 584 fartim
391 531 421 582 et
441 521 553 583 felicius
577 520 717 582 adversus
741 539 791 579 eos
805 516 962 598 ,1118881888
986 519 1138 599 possimus,
1158 527 1287 602 procliue
1302 539 1347 592 est

132 603 229 664 cuiuis
243 605 416 684 intelligere.

439 683 494 743 IV.
518 683 560 744 Ut
583 701 653 741 vero
673 681 727 738 rite
747 685 880 738 teneatur
904 677 1078 752 Quaestionis
1103 683 1211 762 Status,
1236 685 1344 766 inquo

165 750 349 854 Statffiuns-
401 763 535 842 ponendo
550 761 624 822 solet
648 761 768 820 averiis
786 759 907 837 peccari,
931 759 1052 820 Observ.
1069 765 1096 820 l.
1114 763 1179 823 Non
1203 768 1294 842 quaeri
1307 768 1344 829 de

293 841 299 853 ’
403 844 582 904 Adorationa
597 842 704 901 Christi
717 839 895 913 Mediatoris,
911 858 965 898 nee
975 841 1119 917 quodnam
1135 845 1173 904 sit
1203 849 1344 922 otjecam

130 926 287 1001 materiale,
310 926 335 984 si
355 925 399 983 fas
419 925 460 984 ita
480 923 568 1001 loqui,
590 921 775 995 adorationis,
797 921 828 977 in
859 919 937 997 quod
967 921 1067 980 tendat
1098 923 1245 1002 adoretio;
1268 927 1343 988 Nam

130 1004 168 1063 de
191 1025 225 1064 co
253 1005 437 1066 consentiunt
460 1025 560 1064 omnes
583 1001 745 1063 Orthodoxi
772 1008 873 1059 contra
898 1000 1076 1077 socinianos,
1102 1004 1249 1066 Christum
1268 1009 1342 1066 Sudr-

129 1096 230 1164 tgmv,
248 1085 439 1144 Mediatorem
461 1093 600 1159 nostrum,
616 1082 795 1142 adorandum
817 1099 880 1140 esse
904 1079 1071 1141 adoratione
1090 1083 1227 1161 religiosa
1245 1096 1274 1146 et
1288 1090 1343 1148 soli

131 1165 196 1223 Deo
220 1165 338 1243 debite;
362 1165 420 1225 Sed
445 1165 481 1224 de
507 1167 616 1240 OMecto
630 1164 760 1238 forncali,
787 1181 838 1220 seu
862 1161 973 1219 ratione
988 1161 1042 1220 sub
1055 1182 1113 1239 qua
1126 1165 1290 1228 adorandus
1305 1170 1343 1228 811

131 1245 272 1322 Christus,
290 1247 340 1304 An
354 1246 392 1304 sit
406 1254 517 1305 tantum
544 1245 644 1303 Deitas
659 1241 775 1316 Christi,
800 1241 848 1298 An
873 1259 942 1299 vero
957 1241 1043 1300 etiam
1058 1243 1121 1319 ejus
1135 1245 1299 1307 humanitas
1313 1257 1342 1309 81

129 1325 272 1384 Mediatio
287 1346 339 1386 seu
353 1325 488 1385 Officium
504 1324 732 1384 Mediatorium?
757 1323 806 1380 An
822 1322 860 1380 811
873 1320 1037 1380 adorandus
1051 1343 1108 1400 qua
1124 1325 1204 1386 Deus
1218 1336 1340 1407 tanturn,

128 1404 179 1462 An
194 1405 354 1483 etiamque
369 1405 534 1464 Mediator?
568 1405 606 1463 Et
620 1404 688 1481 quia
702 1402 849 1480 particulae
863 1402 927 1459 istae
941 1421 1006 1477 qua,
1023 1412 1166 1481 quatemus,
1182 1408 1258 1484 quia,
1275 1407 1339 1484 dac,

128 1486 178 1543 vel
191 1486 280 1544 latius
291 1497 320 1545 et
333 1487 514 1565 8888ῂί881188
538 1485 613 1544 sumi
638 1485 740 1558 solent,
756 1490 789 1540 ut
814 1481 994 1558 specificatur
1008 1483 1154 1560 objectum
1170 1487 1247 1546 cirea
1260 1491 1339 1566 quod

129 1565 241 1642 ahquid
254 1565 296 1642 fit,
313 1567 361 1624 vel
386 1567 513 1624 strictius
535 1575 563 1624 et
577 1564 785 1641 reduplicatiue,
809 1581 897 1638 quum
911 1561 1052 1621 limitatur
1065 1583 1117 1640 per
1139 1567 1279 1626 rationem
1294 1589 1338 1628 se·

128 1646 255 1704 cundum
269 1666 356 1723 qnam
380 1646 566 1722 praedioatum
589 1645 719 1722 subjecto
734 1642 891 1716 eonvenit;
921 1641 987 1699 Non
1009 1653 1161 1703 sumuntur
1174 1647 1221 1705 hic
1246 1648 1338 1724 primo

129 1745 223 1801 sensu,
241 1726 292 1784 sed
307 1725 466 1804 posteriori.
509 1725 576 1783 Non
590 1725 736 1803 quaeritur,
752 1722 802 1780 An
817 1722 949 1780 Christus
963 1741 1021 1798 qua
1036 1723 1180 1784 Mediator
1193 1729 1335 1802 specifica·

129 1807 190 1880 tiae,
206 1806 245 1864 id.
260 1807 309 1883 qui
320 1806 464 1865 Mediator
478 1814 530 1880 881,
547 1805 584 1864 811
598 1804 771 1878 adorandus,
787 1801 839 1860 aed
856 1802 1066 1878 reduplicative,
1082 1823 1140 1878 qua
1153 1805 1221 1864 talis
1235 1816 1263 1865 et
1283 1809 1337 1867 sub

132 1884 185 1942 illa
198 1885 310 1944 formali
324 1886 443 1945 ratione.

171 1965 208 2024 V.
231 1971 259 2025 2.
283 1967 347 2024 Non
368 1965 459 2043 quaeri
483 1964 519 2023 de
542 1965 648 2024 motivis
672 1971 701 2023 et
725 1961 893 2035 rationibus,
906 1970 1023 2038 propter
1036 1983 1109 2040 quas
1125 1963 1256 2024 Christus
1267 1967 1335 2027 ado-

128 2045 187 2102 rari
200 2054 229 2104 et
243 2046 299 2104 coli
317 2055 412 2123 potest
434 2066 467 2104 88
482 2045 587 2104 debet:
630 2044 773 2104 Convenit
796 2041 873 2100 enim
887 2041 962 2099 inter
976 2062 1074 2101 omnes
1089 2063 1138 2102 eas
1152 2064 1210 2102 non
1224 2055 1336 2106 tantum

128 2125 267 2202 petendas
282 2146 344 2184 esse
358 2126 395 2184 ab
411 2129 521 2207 ὑπιςοχῇ
544 2125 707 2202 Majestatis
726 2123 843 2196 divinae,
867 2121 919 2180 sed
939 2122 1026 2180 etiam
1045 2123 1223 2184 abeneficiie
1238 2127 1335 2204 variis,

127 2224 191 2280 quar
216 2207 253 2264 ab
277 2206 341 2283 ipso
365 2207 449 2265 nobis
473 2207 578 2264 collata
592 2217 668 2280 sunt,
686 2205 747 2262 sive
762 2204 792 2261 in
807 2201 966 2277 Creatione,
983 2203 1089 2261 sivein
1105 2205 1334 2282 Redemptione:

130 2285 189 2344 Sed
203 2285 239 2345 de
246 2289 442 2362 fundamento,
458 2285 537 2363 quod
550 2285 652 2343 fundet
675 2282 914 2356 adorabilitatem‚
935 2301 987 2340 seu
1001 2281 1037 2340 de
1054 2285 1185 2343 Termino
1200 2287 1334 2363 ultimate,

126 2364 158 2421 in
178 2385 264 2442 quem
288 2366 403 2442 seratur,
427 2377 456 2426 81
479 2366 582 2442 inquo
606 2364 775 2424 terminetur
798 2362 937 2421 adoratio.
979 2362 1071 2436 Quem
1091 2364 1142 2422 alii
1155 2365 1258 2425 volant
1272 2387 1336 2426 osse

130 2445 221 2503 solam
236 2447 389 2522 Deitatem,
406 2447 455 2504 alii
468 2446 555 2505 etiam
569 2445 662 2522 ipsam
676 2444 893 2502 Mediatiouem.

169 2525 224 2585 VI.
246 2526 298 2585 Ad
310 2527 486 2586 decisionem
500 2525 683 2601 Quaestionis,
696 2533 819 2601 quatuor
833 2523 879 2581 hie
891 2529 1022 2582 accurate
1038 2531 1106 2582 sunt
1119 2522 1333 2602 distinguenda.

130 2608 156 2663 1.
182 2607 323 2682 Odjectum
337 2607 415 2684 quod
429 2607 573 2666 adoratur.
616 2610 643 2664 2.
666 2607 901 2679 Fundamentum,
918 2623 968 2662 888
983 2603 1055 2662 ratio
1070 2602 1198 2662 formalis
1209 2605 1263 2664 sub
1278 2627 1336 2683 qua

128 2685 272 2746 adoratur.
315 2690 342 2746 3.
365 2689 475 2746 Motiva
499 2695 529 2746 et
551 2685 678 2744 rationes
700 2693 817 2762 propter
830 2703 902 2761 quas
917 2683 1060 2741 adoratur.
1103 2687 1131 2742 4.
1152 2684 1332 2763 Artjumtzun,

128 2766 189 2824 sine
200 2788 258 2844 quo
272 2787 331 2824 non
346 2766 490 2826 adoratur.
535 2768 675 2841 Objectum
699 2775 744 2824 est
759 2766 886 2823 Persona
909 2762 1088 2837 Mediatoris,
1100 2782 1227 2838 nonque
1243 2766 1332 2842 Deus,

127 2847 276 2906 anthemo
290 2847 417 2924 praecise,
434 2846 486 2906 sed
499 2867 557 2924 qua
570 2846 738 2926 &strigam
780 2847 1007 2902 Fundamentum
1023 2841 1199 2901 adorationis
1213 2853 1258 2903 est
1272 2847 1334 2906 sola

129 2926 238 3001 Deitas,
254 2928 322 3004 quia
345 2927 418 2986 nihil
442 2927 621 2985 adorandum
645 2935 689 2985 est
713 2933 817 3004 praeter
842 2925 959 2998 Deum;
988 2923 1125 2980 Motiuum
1140 2942 1197 2980 non
1212 2932 1257 2984 ost
1272 2926 1333 2985 sola

131 3005 299 3066 Divinitatis
322 3008 503 3082 excellentia,
529 3007 580 3066 sed
603 3007 684 3064 varia
707 3005 801 3063 officia
823 3012 852 3063 et
865 3001 1010 3060 beneficia
1019 3001 1135 3078 Christi,
1151 3003 1332 3079 potissimum

129 3104 198 3142 vero
213 3087 275 3163 ipsa
297 3087 460 3164 Madiatio;
488 3089 660 3163 Athanatum
684 3094 728 3144 881
743 3084 825 3158 Caro,
851 3101 903 3140 seu
918 3081 1055 3140 Humana
1068 3082 1132 3158 ejus
1143 3093 1254 3158 natura,
1270 3085 1332 3144 sine

127 3184 184 3241 qua
208 3165 335 3226 Persona
356 3187 415 3225 non
437 3167 580 3226 adoratur.
633 3165 718 3240 Quod
746 3173 868 3241 quatuor
893 3161 1143 3238 Propositionibus
1167 3164 1332 3241 complecti·

126 3264 198 3304 mur.

166 3325 239 3386 VII.
262 3327 378 3387 Prima:
392 3327 533 3386 Adoretio
549 3326 661 3387 01181818
675 3322 833 3383 Mediatori
845 3323 967 3396 debetur,
983 3329 1009 3380 et
1017 3323 1139 3398 proprie
1147 3331 1187 3380 est
1199 3325 1334 3383 Persona

126 3407 302 3484 Mediator-is,
318 3417 344 3466 et
354 3410 396 3466 ad
404 3428 464 3466 eam
474 3407 607 3484 pertinet.
650 3407 694 3464 De
709 3425 767 3482 qua
780 3403 860 3462 nulla
873 3413 918 3461 est
931 3402 1006 3460 inter
1020 3401 1205 3462 Orthodoxos
1219 3413 1333 3464 contro·

126 3487 228 3563 versia,
240 3489 291 3564 qui
305 3497 405 3548 eontra
422 3487 590 3546 Sooinianos
607 3486 750 3564 justitiam
766 3493 795 3543 81
811 3483 1013 3542 necessitatem
1035 3481 1210 3540 adorationis
1225 3483 1333 3543 Christi

126 3574 242 3626 tuentur
250 3587 287 3626 ex
299 3569 444 3646 expressis
457 3568 613 3645 Scripturas
628 3565 767 3640 Oraculis,
779 3561 871 3643 (Psal.
886 3563 915 3620 ii.
930 3565 976 3636 ll,
990 3564 1035 3637 12,
1051 3571 1080 3622 81
1093 3563 1182 3622 xcvii.
1198 3567 1214 3620 7
1229 3586 1235 3638 ;
1253 3565 1330 3624 Heh.

127 3646 144 3703 i.
166 3653 202 3722 ⁶5
233 3649 318 3707 Mau.
331 3649 361 3707 ii.
372 3654 400 3724 2,
415 3652 460 3724 ll,
473 3656 502 3708 et
513 3647 573 3706 viii.
584 3652 611 3720 2,
628 3655 656 3705 et
669 3646 711 3704 ix.
729 3647 774 3718 18,
790 3653 819 3702 et
833 3643 893 3702 xiv.
910 3644 957 3716 33,
974 3650 1003 3700 et
1017 3662 1066 3701 xv.
1079 3645 1127 3717 25,
1140 3651 1169 3701 et
1183 3645 1286 3702 xxviii.
1302 3647 1330 3720 9,

128 3728 184 3802 173
218 3728 288 3786 Luc.
311 3729 394 3787 xxiv.
420 3731 478 3804 523
500 3728 570 3787 Joh.
594 3726 624 3785 ii.
653 3729 700 3801 23,
727 3733 756 3784 81
779 3725 820 3782 ix.
846 3725 903 3798 38;
938 3722 1005 3781 Α81.
1034 3721 1084 3782 vii.
1109 3724 1156 3796 59,
1186 3723 1248 3802 60,)
1273 3744 1332 3782 non

125 3812 236 3863 tantum
257 3817 399 3884 quatenus
427 3817 472 3868 881
498 3808 581 3879 Atyn
606 3814 636 3864 et
663 3805 756 3864 Filius
771 3804 835 3878 Dei,
860 3802 1021 3861 sedetiam
1046 3803 1332 3878 888188888812818-

127 3890 219 3949 188888
239 3895 269 3944 81
289 3888 442 3963 Mediator,
464 3890 532 3965 qnia
545 3887 590 3945 1111
614 3885 735 3944 debetur
757 3884 838 3958 fides,
862 3903 919 3960 qua
940 3883 991 3941 teli
1005 3889 1034 3940 et
1055 3882 1189 3940 distinete
1204 3901 1221 3938 a
1236 3881 1330 3956 Patre,

127 3909 196 4020 doh.
211 3965 272 4022 818.
297 3969 322 4040 l,
345 3967 466 4027 debetur
476 3970 579 4041 cultus,
596 3975 629 4025 81
642 3965 744 4024 dudici
757 3973 787 4022 81
798 3964 874 4038 Filio
888 3961 1022 4034 homiuis,
1042 3960 1112 4020 Joh.
1127 3979 1156 4018 v.
1171 3963 1219 4034 22,
1235 3964 1283 4034 23,
1299 3970 1332 4020 81

128 4041 190 4100 Deo
204 4042 351 4105 incarnato
362 4055 392 4106 et
405 4049 532 4107 venienti
547 4048 577 4105 in
591 4044 739 4118 mundum,
756 4043 833 4102 Heb.
845 4043 863 4100 i.
879 4044 907 4116 6,
922 4049 955 4099 81
970 4041 1066 4116 Agno,
1082 4039 1176 4115 Apoc.
1191 4058 1220 4096 v.
1238 4042 1283 4114 12,
1299 4049 1332 4099 81

128 4121 322 4200 Redemptori,
346 4127 442 4186 lCor.
466 4129 506 4187 vi.
522 4131 570 4202 20,
585 4135 618 4186 ut
641 4124 775 4199 Domino,
790 4122 840 4200 qui
864 4129 981 4198 propter
1003 4118 1226 4178 exinanitionem
1250 4139 1332 4178 suam

126 4202 271 4261 exaltatus
295 4213 347 4280 est,
371 4214 401 4265 et
422 4226 527 4266 nomen
551 4227 638 4283 supra
661 4224 745 4263 omne
769 4221 874 4262 nomen
889 4198 1022 4272 obtinuit,
1037 4198 1113 4256 utin
1128 4197 1242 4255 nomine
1256 4198 1331 4258 Jesu

126 4301 210 4340 omne
224 4302 302 4359 genu
319 4283 458 4361 flectatur,
470 4287 534 4362 dre,
551 4286 626 4344 Phil.
647 4285 676 4344 ii.
693 4289 719 4360 7,
736 4283 800 4358 aa,
815 4291 849 4341 ut
864 4279 976 4356 Sponso
996 4276 1144 4351 Ecclesiae,
1168 4277 1245 4335 Psal.
1268 4279 1329 4336 xlv.

128 4365 173 4421 11.
200 4362 341 4422 Adoratio
353 4374 447 4424 autern
459 4365 515 4424 ista
525 4366 646 4425 debatur
656 4367 791 4424 Personae
801 4361 922 4440 proprie,
938 4356 1016 4417 etad
1029 4375 1092 4416 earn
1106 4356 1230 4434 pertinet
1240 4377 1247 4432 ;
1259 4377 1330 4433 pro·

122 4443 187 4520 pm'e
200 4442 273 4500 enim
287 4445 377 4502 honor
398 4447 542 4504 exhibetur
555 4447 606 4504 toti
617 4447 662 4504 rei
672 4444 833 4517 mdcietenti,
848 4450 881 4500 ut
895 4441 968 4498 bene
993 4437 1127 4511 Thomas,
1150 4457 1179 4514 p.
1194 4439 1222 4495 3.
1237 4457 1266 4514 q.
1281 4440 1330 4514 25,

125 4531 177 4600 ert,
195 4525 220 4598 l,
244 4532 326 4582 notat
343 4525 430 4602 juxta
443 4525 516 4584 illud
530 4527 659 4584 Actiones
672 4535 698 4584 et
708 4524 856 4582 Passiones
869 4529 933 4578 sunt
946 4519 1169 4594 Suppositorum.

164 4603 257 4664 VIII.
282 4604 432 4664 Secunda:
446 4607 674 4666 Fundamentum
685 4613 712 4663 et
731 4604 806 4662 ratio
812 4601 950 4677 formalis
963 4598 1154 4674 Adorationis,
1169 4617 1225 4656 non
1239 4601 1333 4656 881881

124 4685 242 4744 Natum
256 4685 390 4760 humana,
406 4687 450 4744 uel
465 4687 591 4758 Officium
610 4685 821 4758 Mediatorium,
835 4681 960 4741 ceduala
974 4679 1126 4740 Divinitas.
1169 4677 1244 4752 Quia
1258 4677 1330 4735 nihil
