3152 5198
108 395 218 444 Qunsr.
236 373 280 457 v.]
567 394 894 436 1n2sasrr·1r··rearrouc.
1257 385 1313 441 627

106 557 175 596 vero
191 534 384 595 essentialiter
402 545 469 593 sunt
489 535 565 594 bona
589 556 684 612 opera,
700 537 769 613 quia
793 537 889 596 ornnia
913 537 1021 596 habent
1044 539 1180 615 aquibus
1201 539 1316 600 bonitas

107 617 229 675 aetionis
243 615 372 689 resultet,
389 615 517 692 adeoque
532 635 600 674 vere
615 617 692 692 talia,
708 637 766 674 non
791 625 969 694 apparenter,
991 620 1124 694 quamvis
1139 619 1317 696 gradualiter

108 697 251 770 deficiant,
274 704 303 754 et
317 695 373 754 sibi
387 695 532 754 admixtos
546 695 671 754 habeant
682 716 790 755 uaevos.

148 777 238 834 XIV.
261 775 344 833 Licet
366 795 453 851 opera
474 783 637 834 renatorum
660 776 793 835 dicantur
819 785 944 852 peccata,
971 785 1056 854 atque
1086 779 1126 836 ita
1148 779 1228 855 fidae,
1258 801 1316 857 qua

103 855 304 933 justificamur,
316 863 465 932 peccatum
481 857 535 913 sub
549 856 647 932 aliqua
661 864 738 925 ιχὶιι,
748 857 805 914 diei
820 855 918 934 possit,
935 865 1005 916 utet
1019 859 1176 934 oratioque
1189 860 1315 936 petimus

108 935 304 994 remissionem
318 943 519 1012 peccatorum
543 936 609 993 Non
624 937 753 1012 sequitur
768 937 911 994 hominem
924 956 975 1013 per
988 947 1137 1013 peccatum
1149 940 1313 1016 justificari,

108 1024 137 1074 et
150 1035 202 1093 per
214 1023 364 1092 peccatum
378 1015 530 1092 impetrare
545 1015 742 1074 remissionem
758 1016 878 1093 peccati.
935 1017 1010 1091 Quia
1023 1037 1081 1074 non
1103 1019 1226 1077 dicimus
1241 1040 1314 1097 opus

104 1096 198 1172 ipsum
213 1095 348 1154 credendi
363 1095 411 1154 vel
425 1095 526 1154 orandi
540 1115 603 1154 esse
625 1103 783 1171 peccatum,
808 1097 860 1153 sed
880 1103 992 1154 tantum
1013 1117 1113 1156 naevos
1134 1108 1163 1158 ct
1184 1099 1314 1158 delectus

108 1175 158 1253 qui
172 1175 215 1232 illi
236 1175 394 1234 adhaerent.
447 1175 494 1233 Ita
517 1195 589 1252 opus
613 1175 681 1234 fidei
704 1195 762 1234 non
776 1185 821 1234 est
843 1176 1065 1235 instrumentum
1085 1179 1310 1253 justificationis,

107 1262 239 1332 respectu
253 1254 355 1314 talium
368 1274 525 1329 naevorum,
542 1255 594 1314 sed
608 1263 740 1331 respectu
754 1264 836 1314 actus
850 1255 950 1332 ipsius,
966 1256 1016 1332 qui
1039 1277 1056 1314 a
1073 1257 1180 1334 Spiritu
1205 1259 1313 1318 Sancto

107 1335 283 1413 producitur,
299 1343 328 1393 et
350 1335 404 1394 sub
426 1335 477 1392 illa
491 1335 725 1412 reduplicatione.
768 1336 829 1394 Neo
844 1354 895 1412 per
908 1345 1059 1411 peccatum
1083 1338 1240 1413 quaerimus
1264 1349 1314 1398 aut

108 1415 271 1474 obtinemus
285 1415 481 1474 remissionem
504 1416 622 1492 peccati,
645 1426 679 1473 ut
701 1415 797 1492 inepte
812 1415 954 1491 colligunt
978 1415 1165 1490 Adversarii3
1191 1418 1249 1476 Sed
1263 1439 1314 1496 per

108 1505 137 1554 et
151 1505 266 1572 propter
280 1495 413 1552 meritum
436 1495 551 1570 Christi,
567 1494 719 1568 mediante,
735 1504 872 1572 tanquam
888 1495 1052 1554 conditione
1073 1516 1091 1553 a
1117 1497 1202 1555 nobis
1216 1500 1311 1575 requi·

108 1575 172 1648 sita,
189 1573 290 1647 officio,
307 1594 364 1632 non
378 1576 450 1634 vitio
465 1575 603 1633 orationis
618 1584 733 1633 nostrae.

149 1654 221 1712 XV.
244 1655 383 1729 Quamvis
408 1655 582 1713 concedatur
605 1675 692 1732 opera
715 1655 812 1713 omnia
825 1663 989 1713 renatorum
1004 1674 1068 1714 esse
1083 1655 1180 1732 aliquo
1194 1666 1313 1734 peccato

107 1733 218 1808 vitiata,
233 1743 310 1793 recte
325 1736 419 1810 potuit
430 1735 524 1793 dicere
537 1735 697 1812 Apostolus
725 1736 794 1793 nibil
808 1736 875 1792 milei
888 1737 1010 1792 conscius
1030 1756 1100 1810 arem,
1115 1736 1183 1812 quia
1198 1737 1313 1795 hicnon

107 1814 144 1872 de
158 1815 247 1873 totius
261 1815 329 1872 vitea
345 1833 404 1873 suae
428 1835 513 1873 cursu
535 1814 671 1891 loquitur,
688 1815 740 1872 sed
764 1815 799 1872 de
819 1815 977 1873 ministerio
998 1815 1122 1873 fideliter
1146 1816 1311 1893 adimpleto,

107 1913 161 1952 nec
175 1894 315 1971 gloriatur
325 1914 398 1971 opus
412 1895 563 1953 ministerii
577 1895 619 1952 sic
641 1913 660 1952 a
677 1915 708 1953 se
727 1895 924 1970 adimpletum,
940 1904 973 1953 ut
986 1895 1059 1952 nihil
1074 1896 1137 1953 vitii
1148 1896 1216 1954 huic
1233 1897 1314 1973 operi

107 1995 145 2032 ex
159 1983 239 2051 parte
254 1975 348 2032 earnis
362 1975 557 2047 intervenerit,
574 1974 625 2032 sed
650 1981 682 2032 ut
702 1975 775 2032 nihil
796 1974 895 2032 dolose
910 1984 939 2032 et
953 1975 1039 2051 impie
1055 1975 1155 2051 egerit,
1172 1995 1229 2052 quo
1244 1997 1314 2035 con·

107 2054 256 2114 scientiam
266 2074 347 2112 suam
362 2055 522 2129 sauciarct3
545 2073 611 2112 nam
626 2054 705 2128 alias,
718 2055 802 2113 Rom.
813 2055 862 2112 vii.
881 2057 925 2128 19,
939 2055 1088 2130 profitetur
1102 2075 1133 2113 se
1147 2075 1205 2113 non
1220 2055 1313 2115 facere

106 2135 214 2193 bonum
229 2134 308 2210 quod
321 2135 408 2210 cupit,
425 2134 476 2192 sed
489 2135 585 2211 potius
605 2135 713 2192 malum
728 2134 805 2210 quod
820 2134 890 2193 odit.

149 2213 238 2272 XVI.
261 2215 333 2272 Cum
349 2215 430 2272 Deus
444 2223 577 2290 operetur
590 2214 620 2270 in
642 2214 726 2272 uobis
741 2215 837 2271 omnia
851 2222 949 2271 nostra
963 2213 1040 2271 bona
1054 2234 1141 2290 opera
1155 2215 1314 2274 secundum

108 2293 138 2351 id
153 2293 231 2369 quod
245 2294 353 2352 habent
364 2294 394 2351 in
408 2313 438 2351 se
452 2294 596 2367 bonitatiS,
612 2301 641 2352 et
654 2313 712 2351 non
728 2293 887 2352 seeundum
897 2293 926 2351 id
940 2294 1019 2369 quod
1033 2295 1141 2354 habent
1161 2295 1190 2352 in
1205 2315 1236 2353 se
1262 2295 1313 2352 im-

108 2373 292 2450 perfectionis
307 2383 356 2432 aut
370 2374 545 2447 vitiositatis,
561 2394 618 2450 quo
644 2393 729 2431 seusu
743 2373 964 2450 proficiscuntur
988 2393 1005 2431 a
1020 2374 1128 2449 Cerne;
1154 2375 1229 2432 Vere
1244 2375 1314 2433 diei-

109 2473 172 2510 mus
187 2473 271 2510 0mne
293 2473 365 2530 opus
386 2455 492 2512 bonum
518 2474 581 2511 esse
609 2453 707 2529 aliquo
727 2462 846 2530 peceato
874 2454 1025 2528 vitiatum;
1056 2455 1094 2512 Et
1123 2475 1190 2514 vere
1218 2463 1315 2514 tamen

109 2553 250 2608 negemus
267 2533 360 2590 Deum
375 2553 437 2592 esse
452 2535 539 2610 hujus
550 2533 614 2592 vitii
629 2553 680 2592 seu
694 2535 804 2610 peccati
820 2534 979 2592 authorem.

149 2612 257 2670 XVII.
277 2613 338 2671 Nec
352 2613 508 2672 absurdum
523 2621 567 2672 est
581 2621 610 2671 et
624 2621 753 2669 telesam
770 2613 845 2672 idem
861 2633 934 2690 opus
948 2613 1055 2670 bonum
1066 2620 1095 2671 et
1107 2613 1225 2686 malum,
1240 2632 1313 2689 prae-

108 2692 166 2751 mio
181 2700 210 2751 et
234 2712 319 2770 poena
333 2693 454 2770 dignum
476 2694 574 2752 vocari
588 2703 643 2747 aaa·
665 2703 728 2749 tas·
746 2701 786 2748 nat
810 2702 880 2766 assa,
903 2694 1010 2751 bonum
1026 2703 1168 2768 quatenus
1183 2693 1315 2768 aspiritu

108 2773 306 2849 proficiscitur,
317 2773 425 2832 malum
435 2782 519 2850 prout
529 2774 602 2832 Caro
612 2773 655 2830 illi
666 2773 854 2848 admiscetur;
867 2773 974 2831 bonurn
984 2772 1093 2829 ratione
1104 2780 1195 2846 aetus,
1208 2773 1315 2831 melum

108 2853 219 2912 ratione
241 2853 409 2913 vitiositatis
434 2853 478 2911 illi
499 2853 681 2912 adhaerentis.
725 2854 787 2911 Neo
809 2861 905 2910 tamen
928 2871 979 2928 per
1002 2852 1144 2926 ejusmodi
1155 2870 1242 2927 opera
1256 2852 1314 2911 diei

109 2931 216 2991 debent
229 2932 329 2992 fideles
352 2933 460 2992 servire
481 2933 544 2991 Deo
564 2942 593 2991 at
609 2932 742 3007 Diabolo‚
757 2933 806 2990 vel
820 2951 883 2990 esse
897 2932 949 2988 filii
966 2931 1029 3004 Dei,
1046 2939 1075 2988 et
1091 2931 1217 2989 Diaboli
1241 2931 1315 3005 Quia

109 3011 153 3068 illi
182 3011 305 3070 Diabolo
326 3021 438 3071 tantum
459 3013 598 3071 inservire
620 3012 761 3086 dicuntur,
784 3021 814 3070 et
828 3013 891 3088 ejus
904 3011 957 3069 filii
978 3010 1167 3087 appellantur,
1190 3011 1240 3088 qui
1261 3012 1315 3071 sub

110 3089 237 3148 dominio
251 3092 362 3168 peccati
376 3093 488 3167 vivunt,
504 3103 534 3151 et
548 3112 634 3170 opere
648 3092 830 3151 tenebrarum
845 3092 977 3150 volentos
991 3099 1164 3166 perpetrant,
1186 3110 1244 3148 non
1265 3091 1316 3167 qui

108 3171 165 3228 hoe
186 3169 345 3228 dominium
366 3182 564 3242 excusserunt,
587 3179 616 3231 et
637 3191 723 3248 opera
743 3171 820 3230 bona
840 3172 908 3230 licet
929 3171 1023 3228 carnis
1044 3171 1115 3228 vitio
1136 3170 1315 3247 aliquantum

109 3251 253 3327 impurata
269 3251 439 3327 producunt.
484 3253 532 3312 Sie
547 3251 666 3326 Paulus,
683 3252 767 3311 Rom.
782 3252 843 3327 vii,
860 3271 890 3310 se
905 3251 1020 3309 Christo
1035 3249 1142 3308 servire
1156 3251 1314 3326 profitetur,

109 3340 140 3390 et
154 3331 229 3389 inter
243 3330 335 3390 Filios
350 3331 406 3391 Dei
420 3341 577 3410 reputatur,
600 3332 650 3409 qui
672 3331 824 3391 confitetur
844 3340 940 3391 tamen
956 3349 985 3388 se
1000 3337 1095 3388 mente
1113 3330 1220 3388 servire
1243 3329 1315 3407 Legi

111 3410 175 3485 Dei,
193 3410 286 3469 Carne
301 3431 370 3469 vero
384 3412 442 3489 legi
458 3412 578 3490 peoceti.

581 3651 774 3727 eumerio
796 3651 833 3708 v.

547 3829 586 3868 ns
607 3829 720 3868 MERITO
741 3827 872 3868 ortuum.
968 3847 974 3854 «

110 3967 158 4025 Aa
172 3968 254 4024 deor
268 3969 355 4024 tellum
370 3968 505 4026 Meritum
520 3971 554 4026 de
567 3971 707 4047 Cosyrae,
724 3973 814 4028 selda
830 3968 999 4043 Oondrpao!
1040 3967 1081 4022 Et
1095 3966 1140 4022 An
1155 3965 1227 4022 bona
1245 3967 1316 4040 Ope·

247 4065 283 4102 re
297 4046 353 4103 sint
366 4045 512 4105 anemoria
531 4049 600 4106 Viae
614 4050 753 4109 oetemroe?
795 4048 869 4124 Neg.
884 4055 984 4105 eontra
999 4045 1175 4102 Pontificios

152 4204 177 4261 Ι.
201 4203 242 4262 Ut
257 4203 397 4262 Doctrina
412 4205 447 4263 de
463 4207 576 4266 Meritis
586 4208 710 4286 Operum
718 4208 823 4266 elarius
834 4213 974 4280 teneatur,
987 4224 1078 4281 pauca
1089 4203 1125 4261 de
1140 4222 1211 4260 voce
1226 4203 1317 4260 Meri-

110 4283 139 4357 ri,
155 4291 185 4341 et
198 4283 288 4341 verbo
302 4286 430 4343 merendi
440 4287 642 4362 premittenda
655 4296 730 4363 sunt,
747 4307 784 4346 ex
805 4287 911 4365 quibus
933 4283 969 4344 de
994 4304 1024 4342 re
1039 4284 1102 4360 ipsa
1125 4281 1238 4340 facilius
1251 4281 1319 4340 ferri

112 4361 390 4440 poteritJudicium.

115 4481 137 4526 ,v
208 4485 281 4526 m.
303 4483 312 4526 1
417 4445 458 4502 11.
480 4447 582 4504 Meriti
595 4467 653 4505 vox
668 4446 799 4506 bifariam
822 4447 953 4520 sumitur,
968 4445 1018 4502 vel
1038 4444 1096 4502 late
1111 4451 1140 4501 et
1153 4440 1316 4518 improprie,

140 4495 170 4586 dl
183 4489 354 4586 antemuralis?
375 4526 425 4584 vel
439 4526 537 4586 stricte
552 4535 581 4586 et
595 4527 720 4603 proprie.
754 4528 856 4585 Stricta
869 4533 952 4584 notet
965 4523 1038 4581 illud
1053 4543 1133 4600 opus,
1149 4521 1194 4580 eui
1209 4539 1320 4579 merces

142 4605 192 4642 ²¹¹¹·
372 4625 410 4665 ex
420 4604 535 4683 justitia
546 4606 668 4666 debetur
681 4614 798 4683 propter
809 4605 996 4664 intrinsecum
1008 4604 1070 4681 ejus
1078 4603 1205 4661 valorem
1216 4608 1245 4659 et
1256 4600 1320 4676 dig·

108 4684 238 4744 nitatem.
282 4683 341 4744 Sed
354 4685 412 4746 late
427 4705 504 4765 saepe
519 4685 635 4763 ponitur
645 4704 697 4762 pro
722 4687 763 4744 rei
787 4685 910 4762 alicujus
935 4684 1145 4758 consecutione,
1162 4700 1219 4758 quo
1235 4699 1322 4740 seusu
