3192 5206
166 374 282 423 onear.
306 352 351 435 v.]
548 372 587 412 nn
602 373 735 414 russone
750 373 788 414 nr
803 373 897 415 srnru
908 375 1034 416 cumsrr.
1316 364 1375 421 273

163 514 327 589 sanctitate,
351 522 381 574 et
395 521 545 592 potestate,
571 534 630 573 non
654 534 781 593 corpore.
804 515 969 576 Antithesis
993 537 1058 594 qnae
1080 515 1240 577 instituitur
1253 517 1373 579 Joh.iii.

165 599 212 671 31,
234 605 264 654 ει
281 595 343 652 viii.
366 599 414 669 23,
435 615 523 672 quum
543 595 703 654 “Christus
724 594 829 654 dicitur
849 597 957 671 venire,
978 605 1007 656 et
1025 617 1090 656 esse
1108 617 1124 656 e
1142 597 1224 674 coelo,
1243 599 1373 659 homines

164 696 233 735 vero
249 696 265 734 e
280 675 386 750 terra,''
402 695 461 733 non
475 675 571 752 arguit
585 695 699 734 mnam
711 675 778 752 ejus
789 676 906 735 coelitus
921 675 1113 753 descendisse,
1130 677 1181 736 sed
1196 686 1308 737 tantum
1319 699 1371 739 nu-

163 755 217 815 dos
228 763 364 814 etmeros
378 755 539 814 hominess
563 763 640 814 terra
665 755 804 814 oriundos
827 755 942 815 Christo
961 756 1110 837 θιιιιςᾶπρ
1131 758 1259 835 opponit.
1275 759 1371 819 Chris-

161 845 209 896 tus
223 835 380 913 opponitur
395 835 518 910 Adamo,
534 838 547 893 1
561 836 618 893 Cor
631 855 692 910 xv,
702 855 761 893 non
774 836 886 895 ratione
901 838 1004 913 carnis,
1018 838 1175 896 secundum
1187 858 1274 915 quam
1284 859 1370 898 voca·

162 925 210 975 tur
223 915 303 974 filius
318 914 434 990 Adami,
452 914 522 974 Luc.
538 915 578 974 iii.
594 917 642 990 38,
659 915 710 974 sed
723 916 833 975 ratione
853 935 983 993 personne
998 925 1027 976 et
1041 917 1135 993 officii,
1150 926 1184 977 ut
1199 919 1372 980 Dominuso

160 996 245 1070 coeIo,
261 995 373 1054 homini
393 995 471 1054 nudo
493 1003 522 1054 et
542 995 668 1070 animali,
690 1004 723 1056 ut
737 1004 821 1055 autor
837 996 959 1074 justitiae
973 1006 1003 1057 et
1016 997 1093 1074 vitae,
1110 998 1203 1057 autori
1217 1000 1328 1076 pcccati
1342 1008 1371 1059 et

160 1077 273 1134 mortis.

202 1155 282 1214 XII.
304 1155 463 1214 Similitudo
477 1155 589 1214 aliaest
600 1164 723 1214 extem
733 1157 909 1232 apparentia
920 1165 1040 1234 tantum,
1053 1157 1109 1216 alia
1120 1177 1190 1217 vero
1197 1159 1316 1218 interere
1325 1181 1368 1219 ve·

160 1237 264 1309 sitatis,
280 1242 310 1294 et
323 1235 497 1294 naturalium
518 1235 735 1312 proprietatum.
779 1235 910 1295 Christus
931 1236 1037 1296 dieitur
1057 1237 1150 1298 lactus
1167 1239 1196 1298 in
1212 1239 1368 1300 similitudi-

159 1337 225 1376 nem
246 1315 372 1390 aomina,
390 1315 465 1373 Phil.
480 1315 510 1373 ii.
526 1319 553 1390 7,
565 1335 623 1372 non
644 1316 740 1392 priori,
757 1315 809 1374 sed
821 1316 973 1392 posteriori
995 1337 1090 1394 sensu,
1106 1328 1138 1378 ut
1153 1318 1250 1377 Adam
1265 1319 1371 1378 dicitur

160 1395 299 1473 genuisse
330 1395 450 1454 Sethum
477 1395 516 1453 ad
543 1395 759 1454 similitudinem
785 1415 875 1471 suam,
894 1397 968 1455 Gen.
988 1417 1017 1455 v.
1033 1401 1062 1456 3.
1105 1399 1144 1456 Et
1169 1398 1249 1457 Elias
1264 1399 1370 1459 dicitur

158 1479 310 1552 ἐμπαθὲς
337 1477 400 1550 ἡμῖν,
424 1475 490 1534 Jac.
515 1494 544 1534 v,
572 1479 618 1550 l'l,
634 1475 684 1552 qui
698 1485 795 1534 tamen
809 1495 877 1534 vere
892 1484 921 1535 et
934 1496 992 1534 non
1007 1487 1177 1555 apparenter
1191 1485 1303 1538 tantum
1318 1480 1368 1538 ha·

159 1556 224 1615 huit
236 1555 356 1614 affectus
367 1556 517 1614 humanos.
560 1555 600 1613 Et
613 1556 638 1613 si
652 1555 785 1614 Christus
795 1555 901 1614 dicitur
914 1559 1030 1632 σχιμωη
1044 1576 1094 1615 seu
1109 1558 1202 1615 habitu
1213 1569 1369 1634 compertus

159 1646 191 1693 ut
203 1638 287 1695 lromo
314 1635 430 1708 ibidem,
446 1655 504 1693 non
525 1643 677 1712 propterea
694 1643 818 1711 negatur
835 1635 943 1694 veritas
957 1646 1067 1695 naturae
1081 1636 1214 1694 humanae
1228 1639 1299 1714 ejus,
1316 1638 1368 1697 sed

158 1715 266 1775 fortius
280 1715 479 1792 adstringitur,
495 1714 649 1792 quiaillud
663 1715 701 1788 ie,
717 1734 775 1773 non
790 1723 835 1774 est
848 1723 960 1774 tantum
976 1714 1180 1790 similitudinis,
1196 1717 1248 1774 sed
1262 1717 1368 1776 verita·

155 1797 206 1871 tis,
228 1805 263 1856 ut
284 1815 359 1873 saepe
374 1794 451 1870 alibi,
466 1795 536 1854 Joh.
552 1795 570 1853 i.
588 1798 633 1870 14,
650 1798 667 1852 2
684 1794 748 1853 Cor.
763 1794 804 1853 iii.
822 1797 868 1852 18.
920 1795 982 1853 Nec
1003 1795 1028 1854 si
1042 1803 1205 1871 compertus
1219 1795 1325 1855 dicitur
1338 1797 1369 1856 in

160 1877 265 1934 habitu
286 1887 414 1948 externo,
436 1883 474 1952 ut·
488 1875 575 1933 homo
595 1893 700 1948 merus,
723 1882 753 1932 et
772 1882 906 1950 peccator
926 1895 984 1933 non
1006 1894 1089 1934 secus
1110 1894 1142 1932 ac
1164 1875 1222 1950 alii,
1244 1885 1368 1953 negatur

157 1956 252 2015 luisse
276 1975 377 2014 verum
398 1954 543 2012 hominem
564 1953 661 2030 quoad
680 1953 861 2012 identitatem
881 1962 1000 2013 naturae.
1044 1954 1177 2032 Denique
1196 1955 1261 2033 quis
1275 1957 1365 2014 homi-

158 2056 227 2094 nem
247 2035 337 2094 fuisse
356 2041 452 2111 neget,
467 2034 518 2111 qui
529 2035 629 2093 habitu
643 2034 698 2093 fuit
712 2042 875 2111 compertus
888 2043 922 2093 nt
935 2035 1030 2112 homo,
1046 2045 1075 2094 et
1089 2055 1120 2094 se
1134 2055 1226 2114 usque
1240 2036 1278 2094 ad
1292 2056 1367 2096 mor·

156 2125 218 2176 tem
233 2115 375 2174 demisit?

200 2195 298 2254 XIII.
321 2200 356 2252 'ri
367 2192 488 2270 ipsimi
503 2193 609 2254 Christi
620 2194 770 2254 nobiscum
781 2194 913 2255 consistit
927 2195 957 2253 in
971 2195 1121 2256 identitate
1136 2203 1254 2270 naturae,
1264 2204 1366 2274 etpro-

156 2277 314 2354 prietatnm
335 2275 540 2349 essentialium,
556 2294 615 2332 non
635 2294 705 2333 vero
725 2275 756 2333 in
778 2275 971 2334 subsistentia
985 2277 1096 2335 ratione
1109 2295 1175 2353 quae
1188 2285 1298 2335 naturae
1312 2277 1365 2335 hu·

157 2376 252 2414 manre
268 2355 377 2430 defuit;
400 2353 456 2414 fuit
469 2375 538 2432 ergo
553 2356 790 2414 naturahumana
801 2355 909 2414 Christi
923 2356 1080 2434 singularis
1095 2357 1366 2435 completaphysice

123 2501 125 2508 ¹
157 2436 190 2493 in
204 2455 268 2494 esse
284 2435 460 2510 substantiae,
477 2444 506 2493 ει
520 2434 615 2511 quoad
629 2444 725 2512 partes
739 2435 904 2512 integrales,
922 2437 972 2496 sed
987 2457 1045 2495 non
1059 2437 1257 2515 metaphysica
1271 2436 1367 2514 quoad

158 2515 338 2574 subsistendi
352 2515 479 2574 modum.

200 2596 292 2654 XIV.
316 2595 397 2653 Idem
412 2594 462 2672 qui
476 2601 542 2671 post
556 2594 794 2654 resurrectionem
807 2595 837 2653 in
851 2595 957 2654 coelum
973 2596 1111 2670 ascendit,
1127 2596 1315 2656 descenderat
1329 2595 1366 2656 de

155 2676 242 2750 coelo,
255 2676 329 2752 Eph.
342 2675 380 2734 ir.
392 2677 420 2748 3,
433 2675 530 2751 quoad
541 2675 706 2749 Personam,
722 2694 780 2732 non
794 2675 891 2750 quoad
901 2683 1052 2752 utramque
1067 2677 1203 2734 Personae
1213 2685 1345 2734 naturam
1357 2699 1365 2751 ς

155 2755 381 2832 descenditque
403 2754 483 2826 Λόγος
504 2774 556 2831 per
578 2753 722 2830 insignem
742 2755 1012 2831 manifestationem,
1027 2755 1158 2814 ascendit
1176 2775 1233 2832 qua
1246 2755 1366 2834 Melpo-

156 2862 213 2903 πος,
237 2855 290 2894 nec
311 2855 428 2894 necesse
449 2843 494 2894 est
513 2843 547 2894 ut
563 2853 700 2893 aseensus
724 2833 898 2911 respondeat
921 2835 1038 2893 omnino
1063 2834 1223 2909 descensui,
1249 2847 1367 2911 propter

157 2915 357 2975 diversitatem
372 2915 576 2993 subjectorum,
592 2933 667 2973 unus
682 2933 768 2972 verus
779 2922 823 2972 est
837 2923 866 2972 et
879 2913 989 2990 localis,
1005 2914 1077 2973 alter
1091 2923 1202 2974 tantum
1217 2914 1366 2990 metapho-

156 2997 250 3070 ricos,
294 2996 382 3054 Panis
395 2997 446 3071 pai
457 3015 472 3054 e
485 2997 551 3054 coelo
561 2995 700 3053 descendit
712 3013 764 3071 per
773 3013 880 3051 manna
894 2993 962 3052 olim
977 2993 1173 3066 adumbratus,
1185 2992 1208 3053 J
1209 2993 1256 3052 oh.
1266 2993 1305 3050 vi.
1316 2996 1364 3070 33,

157 3096 218 3135 non
239 3075 385 3152 significat
405 3083 537 3134 naturam
557 3075 713 3133 humanam
734 3073 764 3130 in
779 3073 932 3147 abstracto,
946 3073 997 3131 sed
1011 3093 1163 3150 personam
1177 3073 1207 3130 in
1221 3080 1365 3150 concret0,

156 3175 224 3234 quie
244 3155 331 3214 modo
352 3155 419 3214 talis
440 3155 546 3214 dicitur
565 3155 654 3212 relate
675 3152 713 3211 ad
730 3160 863 3210 naturam
877 3151 1015 3227 divinam,
1028 3171 1116 3228 quum
1130 3173 1147 3211 e
1159 3152 1232 3211 coelo
1247 3153 1366 3212 descen·

156 3237 237 3294 disse
244 3234 357 3310 dicitur,
367 3235 453 3294 modo
464 3235 553 3294 relate
565 3234 602 3293 ad
612 3235 775 3307 humanam,
787 3241 820 3291 nt
831 3252 919 3308 quum
930 3231 1036 3292 dicitur
1044 3251 1109 3290 caro
1122 3233 1228 3291 Christi
1237 3233 1306 3291 data
1315 3253 1368 3310 pro

156 3315 259 3374 mundi
274 3315 343 3374 uita
387 3315 474 3373 Panis
489 3314 539 3391 qni
550 3314 607 3391 dat,
619 3321 663 3373 est
677 3313 805 3370 Persona
817 3312 932 3388 Christi,
944 3313 995 3389 qui
1005 3312 1098 3387 datur,
1113 3321 1158 3372 est
1169 3313 1276 3372 Christi
1291 3333 1366 3373 caro.

199 3395 273 3453 XV.
296 3395 352 3468 Qui
365 3395 501 3453 mulieres
514 3395 628 3472 fingunt
654 3392 786 3473 irrigans,
812 3401 842 3452 et
854 3401 964 3470 negent
974 3393 1068 3452 active
1082 3412 1131 3451 eas
1145 3413 1315 3453 concurrere
1329 3393 1367 3452 ad

156 3475 382 3553 generationem,
398 3495 456 3533 non
478 3474 564 3532 modo
586 3473 765 3533 Medicorum
788 3472 894 3532 scholae
909 3493 940 3532 se
954 3481 1110 3550 opponunt,
1127 3473 1222 3533 sedet
1238 3473 1366 3552 Scriptu-

155 3576 197 3614 rae
212 3554 422 3629 contradicunt,
438 3574 502 3632 quae
517 3553 685 3612 soetificandi
695 3555 755 3610 vim
770 3553 904 3612 collatam
920 3561 979 3612 tam
993 3553 1118 3612 foeminae
1132 3574 1218 3632 quam
1234 3554 1307 3614 mari
1321 3574 1365 3614 es-

156 3635 238 3710 serit,
254 3635 329 3694 Gen.
345 3636 363 3694 i.
379 3637 427 3709 28,
448 3644 477 3694 et
498 3654 596 3693 semen
616 3634 676 3692 illis
689 3633 798 3710 tribuit,
815 3634 890 3692 Gen.
905 3633 966 3692 xvi.
985 3636 1030 3710 10,
1046 3642 1076 3692 et
1089 3635 1171 3693 xxiv.
1188 3637 1236 3694 60.
1280 3635 1366 3694 Unde

156 3715 245 3774 datur
265 3715 500 3793 consanguinitas
528 3715 603 3773 inter
630 3714 745 3773 fratrem
774 3722 804 3773 et
824 3733 950 3772 sororem
972 3714 1110 3792 uterinos,
1126 3715 1195 3774 licet
1223 3714 1367 3774 distinctis

156 3795 289 3873 patribus
303 3803 395 3870 natos,
413 3795 484 3854 Lev.
496 3795 578 3853 xviii.
589 3795 616 3870 9,
632 3797 677 3852 10.

199 3875 290 3932 XVI.
313 3875 445 3934 Christus
466 3875 572 3934 Matth.
588 3874 639 3932 xii.
654 3877 701 3948 47,
718 3875 766 3948 48,
782 3893 840 3932 non
861 3881 949 3951 negat
964 3873 1087 3932 Mariam
1102 3893 1165 3932 esse
1180 3881 1300 3930 matrem
1317 3891 1363 3930 su·

155 3975 204 4014 am
227 3954 414 4030 simpliciter:
437 3955 488 4014 sed
509 3963 629 4014 matrem
651 3963 681 4012 et
701 3953 804 4012 fratres
825 3953 990 4030 spirituales
1004 3953 1167 4011 carnalibus
1186 3949 1310 4027 praefert,
1332 3959 1364 4010 ut

155 4035 263 4114 potiori
279 4034 356 4111 apud
371 4055 402 4093 se
416 4035 480 4093 loco
494 4054 558 4094 esse
572 4042 702 4093 testetur.

197 4114 306 4172 XVII.
330 4115 461 4174 Christus
489 4115 594 4173 dicitur
615 4123 771 4190 conceptus
785 4133 822 4172 ex
839 4113 948 4189 Spiritu
962 4119 1070 4183 sancto,
1092 4127 1151 4167 non
1172 4107 1364 4184 materialiter,

154 4195 209 4254 sed
236 4192 415 4275 ὃιμιουςγικός
442 4204 471 4254 ει
499 4193 662 4268 efficienter,
692 4204 725 4252 ut
739 4193 903 4270 praepositio
918 4193 969 4250 En·
983 4197 1064 4249 notet
1082 4189 1129 4247 hie
1144 4207 1260 4246 eorunm
1283 4189 1366 4260 effici·

154 4277 279 4351 denum,
296 4275 364 4352 quia
384 4277 448 4352 ejus
463 4274 570 4333 virtute
589 4283 619 4333 et
642 4272 809 4351 operatione
833 4270 1062 4331 extraordinaria
1083 4278 1238 4344 conceptus
1252 4275 1367 4326 estnon

154 4376 227 4416 vero
241 4356 391 4413 materiam
406 4375 443 4413 en
456 4375 522 4432 qua.

198 4435 327 4494 XVIII.
349 4435 441 4492 Filius
451 4435 511 4493 Dei
522 4433 635 4492 moeniis
648 4451 706 4491 non
717 4439 813 4510 potest
827 4431 884 4489 dici
895 4429 972 4489 filius
984 4427 1086 4487 Marias
1101 4426 1258 4488 secundum
1270 4426 1300 4484 id
1310 4446 1367 4504 quo

151 4524 201 4576 est
226 4515 323 4574 Filius
338 4515 393 4574 Dei
406 4537 413 4591 ;
438 4514 496 4574 Sed
509 4513 579 4590 quia
596 4521 729 4571 naturam
743 4512 899 4570 humanam
914 4529 952 4568 ex
966 4528 1000 4567 ea
1014 4507 1171 4584 assumpsit
1184 4507 1215 4564 in
1229 4507 1368 4566 unitatem

152 4613 300 4674 personae,
315 4604 393 4653 recte
412 4604 442 4653 et
457 4613 524 4653 vere
539 4591 625 4651 etiam
641 4593 735 4652 Filius
750 4591 851 4650 Maria
865 4591 921 4649 hoc
935 4596 1068 4666 respectu
1083 4587 1196 4646 dicitur.
1241 4585 1288 4646 Sic
1304 4587 1367 4644 Ma·

151 4676 198 4735 ria
219 4681 319 4752 potest
333 4673 391 4733 dici
402 4695 470 4734 vere
493 4672 604 4738 mnia«
627 4693 678 4732 sou
702 4681 793 4730 meter
806 4672 873 4746 Dei,
889 4669 1030 4744 Drepane,
1057 4669 1081 4728 si
1095 4688 1154 4726 vox
1171 4665 1226 4725 Dei
1240 4676 1370 4726 sumatur

1152 4765 1166 4808 1
