3146 5210
78 387 193 438 onear.
208 364 257 447 ru]
521 383 562 424 nn
573 382 743 425 vocamora
757 385 794 426 er
807 383 888 426 rma.
1232 374 1291 431 447

77 530 164 606 cepti,
180 527 260 586 istud
271 544 341 584 vero
354 524 535 584 voluntatem
550 525 675 602 Decreti,
692 545 756 604 quae
773 527 842 587 licet
851 526 974 586 diversae
1000 527 1065 604 sint,
1084 526 1164 606 (quia
1179 528 1295 591 diversa

78 611 196 685 objecta
210 607 267 666 sibi
290 614 462 684 proponunt,
485 605 563 682 prior
576 606 694 682 quidem
709 607 796 666 officii
814 609 1044 686 praeceptionem,
1066 611 1208 684 posterior
1222 631 1292 670 vero

81 691 126 749 rei
139 689 233 766 ipsius
248 685 471 766 executionem)
486 705 545 744 uon
560 695 627 744 sunt
641 694 737 746 tamen
752 688 902 747 contrariae
911 696 941 747 et
955 689 1103 766 oppositae,
1120 691 1172 748 sed
1187 691 1294 768 optimc

78 770 157 829 inter
171 789 202 828 se
226 769 313 846 juxta
337 766 434 824 varios
460 773 609 843 respectus
630 767 828 826 conciliantur.
872 768 927 826 llle
950 769 1024 826 serio
1038 789 1096 827 non
1118 780 1212 846 vocat,
1242 772 1292 848 qui

78 858 217 908 vocatum
231 867 290 906 non
310 845 375 905 vult
389 846 497 921 venire,
519 845 558 904 id.
574 865 632 904 non
653 847 784 924 praecipit
804 867 857 906 nec
879 855 993 925 gratum
1021 849 1110 908 habet
1123 857 1156 908 ut
1183 851 1292 927 veniat,

78 931 181 988 fateor.
226 927 286 988 Sed
299 946 358 985 non
371 925 421 1003 qui
435 945 493 984 nou
508 927 572 984 vult
594 927 693 984 venire
708 947 766 1006 quo
790 935 885 1003 vocat,
909 928 949 987 id.
964 927 1014 1005 qui
1042 947 1100 986 non
1126 929 1251 989 intendit
1265 941 1294 990 et

78 1008 211 1068 decrevit
224 1006 332 1081 venire,
348 1026 433 1083 nego.
475 1005 550 1064 Nem
565 1005 602 1064 ad
616 1007 720 1066 aeriam
736 1008 926 1067 Vocationem
941 1028 999 1066 non
1021 1009 1184 1085 requiritur,
1210 1018 1243 1068 ut
1257 1011 1295 1071 sit

78 1089 204 1148 intentio
218 1097 248 1146 et
272 1086 425 1145 consilium
440 1105 506 1144 eum
520 1085 692 1162 adducendi,
709 1088 761 1147 sed
774 1097 887 1149 tanturn
909 1096 942 1147 ut
956 1088 994 1148 sit
1008 1089 1144 1150 voluntas
1158 1098 1295 1149 constans

78 1167 268 1247 praecipiendi
282 1166 417 1241 officium,
446 1175 476 1224 et
497 1166 668 1226 beneficium
689 1168 763 1226 illud
783 1167 901 1228 facienti
922 1168 1096 1244 conferendi,
1119 1170 1199 1247 quod
1214 1171 1295 1230 Deua

78 1250 146 1308 vult
160 1248 287 1306 maxime
302 1247 385 1306 serio.
430 1245 489 1305 Sed
503 1246 528 1304 si
543 1245 618 1305 serio
632 1248 761 1307 ostendit
774 1248 844 1325 quid
867 1248 977 1306 homini
1001 1249 1157 1326 praecipiat,
1172 1258 1201 1308 et
1215 1271 1294 1328 qum-

78 1349 149 1388 nam
164 1329 202 1386 sit
216 1327 318 1386 salutis
329 1326 386 1402 via,
399 1336 428 1386 et
442 1325 513 1402 quid
528 1326 583 1384 sibi
598 1335 713 1403 gratum
727 1329 773 1404 sit,
789 1349 847 1386 non
862 1329 959 1387 statim
982 1329 1063 1388 Deus
1083 1329 1210 1389 ostendit
1224 1331 1295 1407 quid

80 1407 239 1468 intenderit
253 1415 282 1468 et
293 1405 454 1466 decreverit
467 1406 529 1483 ipse
543 1405 646 1483 facere,
661 1417 695 1466 ot
709 1407 745 1467 de
767 1408 950 1486 legislatione
972 1409 1034 1485 jam
1060 1409 1179 1468 dictum.
1222 1411 1292 1486 Nec,

81 1492 107 1548 si
124 1490 199 1548 inter
211 1487 352 1562 homines,
369 1486 509 1564 Princeps
523 1487 572 1545 vel
597 1487 762 1564 Legislator
775 1489 849 1546 nihil
874 1489 1019 1565 praecepit,
1036 1489 1114 1566 quod
1128 1510 1187 1548 non
1212 1491 1294 1568 velit,

81 1570 123 1628 id.
139 1589 196 1628 non
210 1567 343 1627 intendat
357 1568 443 1625 etiam
458 1565 520 1624 fieri
535 1586 552 1624 a
566 1566 698 1642 subditis,
725 1569 793 1646 quia
807 1588 896 1646 penes
917 1569 1012 1645 ipsum
1027 1589 1085 1627 non
1100 1579 1144 1628 est
1167 1571 1295 1647 positum

81 1649 157 1708 illud
171 1648 282 1708 efficere
297 1647 328 1705 in
341 1647 412 1725 ipsis
428 1668 435 1722 ;
460 1646 597 1724 Sequitur
609 1647 641 1704 id
655 1647 749 1707 locum
765 1649 852 1708 etiam
871 1648 978 1708 habere
994 1650 1023 1706 iu
1044 1650 1116 1724 Deo,
1129 1671 1146 1709 a
1160 1669 1217 1726 quo
1232 1651 1294 1709 solo

82 1729 191 1807 pendet
204 1749 263 1786 non
276 1727 362 1786 modo
377 1727 408 1784 id
421 1727 584 1804 praecipere,
601 1726 652 1786 sed
666 1735 696 1786 et
710 1728 740 1787 id
754 1728 865 1788 efficere
880 1728 910 1786 in
928 1729 1054 1788 homine.
1098 1729 1156 1788 Sed
1170 1731 1196 1788 si
1213 1729 1295 1789 dare·

83 1819 133 1868 tur
148 1808 311 1885 Legislator
324 1807 390 1866 talis
401 1807 477 1864 inter
490 1807 630 1882 homines,
646 1815 724 1866 recte
749 1809 893 1868 diceretur
913 1809 990 1868 velle
1006 1808 1036 1866 id
1054 1809 1133 1886 quod
1155 1812 1295 1887 approbet

86 1898 118 1948 et
131 1887 269 1964 precipit,
283 1887 352 1946 licet
364 1907 423 1946 non
436 1886 568 1945 intendet
582 1886 702 1946 efficere.

129 1966 236 2026 XVII.
259 1967 414 2025 Promissio
439 1966 573 2026 absoluta
593 1985 651 2026 non
671 1975 767 2045 potest
788 1987 851 2028 esse
873 1969 955 2042 seria,
977 1968 1033 2026 nisi
1048 1968 1184 2028 fundetur
1198 1970 1226 2027 in
1242 1991 1294 2029 vo·

85 2049 198 2106 luntate
210 2055 239 2106 et
252 2046 410 2106 intentione
424 2047 618 2124 promittentis
639 2047 725 2106 dandi
741 2049 820 2125 quod
840 2048 1025 2125 promittitur.
1071 2049 1129 2108 Sed
1143 2050 1199 2108 alia
1220 2050 1294 2108 ratio

85 2136 132 2186 cst
146 2126 368 2204 conditionatae3
392 2126 496 2186 sufficit
510 2127 546 2185 ad
568 2127 737 2187 salvandam
759 2127 822 2205 ejus
844 2128 1047 2204 sinceritatem,
1069 2137 1102 2188 ut
1116 2129 1153 2188 ait
1174 2130 1296 2189 intentio

84 2209 117 2266 in
132 2208 196 2266 Deo
210 2206 400 2266 connectendi
414 2207 572 2266 certissime
586 2227 646 2266 rem
661 2209 831 2285 promissam
846 2229 911 2268 cum
926 2209 1099 2284 conditione,
1115 2218 1148 2268 ut
1162 2211 1294 2287 nuspiam

85 2289 144 2347 ista
157 2295 296 2362 occurrat,
313 2287 383 2364 quin
407 2287 458 2346 illa
480 2307 542 2346 eam
566 2288 726 2347 comitetur.
770 2289 849 2352 Hinc
870 2288 947 2347 enim
968 2288 1009 2363 fit,
1024 2297 1057 2347 ut
1077 2297 1194 2366 propter
1204 2290 1293 2348 talem

86 2368 297 2426 connexionem
311 2377 341 2426 et
361 2366 590 2444 dependentium,
613 2368 738 2426 maxime
760 2367 836 2427 seria
858 2369 896 2427 sit
916 2369 1024 2427 oblatio
1046 2369 1156 2444 salutis,
1178 2390 1243 2446 quae
1264 2370 1297 2428 fit

86 2447 253 2506 hominibus
275 2447 465 2523 credentibus,
481 2449 549 2524 quia
569 2467 653 2506 nemo
675 2448 761 2507 fidem
782 2448 934 2508 habiturus
948 2457 1000 2524 est,
1025 2449 1076 2526 qui
1101 2450 1222 2508 salutem
1237 2470 1296 2508 non

86 2529 125 2586 sit
136 2527 294 2586 certissime
311 2536 525 2587 consecuturus.

129 2607 254 2666 XVIII.
277 2606 408 2666 Verbum
422 2607 592 2667 Vocationis
607 2617 734 2667 externae
749 2607 835 2668 debet
849 2629 915 2668 esse
927 2609 1042 2684 signum
1067 2609 1185 2668 Decreti
1206 2610 1294 2668 alicu·

83 2689 133 2765 jus
148 2707 206 2764 quo
220 2686 340 2764 nititur;
363 2687 483 2746 sednon
498 2688 595 2747 statim
607 2688 766 2748 Decretide
778 2689 908 2766 personis
923 2688 1118 2765 singularibus
1138 2689 1294 2765 salvandis,

87 2767 140 2826 sed
164 2767 199 2826 de
221 2767 323 2826 mediis
348 2775 496 2826 eteorum
518 2769 697 2828 connexione
718 2789 783 2828 cum
806 2769 907 2828 salute.
952 2767 1185 2827 Fundamentum
1200 2769 1295 2827 Voca-

85 2849 175 2908 tionis
203 2847 233 2906 in
258 2867 372 2924 genere,
401 2856 543 2924 quatenus
572 2848 707 2926 dirigitur
738 2847 989 2908 indiscriminatim
1016 2847 1054 2906 ad
1081 2848 1221 2923 homines,
1251 2857 1296 2908 est

89 2929 245 2986 Decretum
269 2927 306 2986 de
328 2927 492 3004 colligenda
519 2928 652 2987 Ecclesia
678 2949 729 3007 per
757 2927 896 2988 Verbum.
940 2926 1171 2986 Fundamentum
1200 2929 1295 2987 Voca-

88 3008 177 3066 tionis
200 3015 333 3086 respectu
358 3008 525 3067 Electorum
552 3016 597 3066 est
622 3009 776 3068 Decretum
799 3008 922 3085 speciale
944 3006 980 3065 de
1008 3006 1180 3065 conserenda
1207 3008 1296 3067 biset

88 3088 148 3146 illis
176 3087 267 3146 salute
278 3108 330 3165 pro
355 3087 425 3166 ipsis
448 3107 500 3164 per
528 3089 674 3146 Christum
702 3088 851 3165 acquisita.
905 3087 1136 3146 Fundamentum
1163 3096 1296 3164 respectu

88 3168 289 3244 Reprohorum
304 3176 348 3226 est
363 3166 518 3226 Decretum
544 3168 580 3226 de
602 3168 701 3226 ordine
724 3177 753 3226 st
774 3167 953 3226 connexione
966 3165 1125 3224 mediorum
1146 3167 1255 3242 salutis,
1267 3177 1296 3227 et
1332 3223 1339 3230 .

88 3247 125 3306 de
144 3248 339 3326 propositione
360 3255 389 3306 et
409 3249 600 3325 praeceptione
622 3248 742 3306 istorum
767 3247 926 3305 mediorum
948 3247 1122 3305 hominibus.
1165 3247 1295 3307 Verbum

88 3347 159 3404 ergo
173 3327 343 3388 Vocationis
358 3327 473 3404 siguum
488 3337 533 3387 est
549 3328 665 3387 Decreti
678 3328 770 3402 istius,
787 3347 844 3405 quo
858 3347 967 3385 nexum
981 3326 1049 3385 feeit
1063 3327 1294 3386 indissolubilem

87 3408 163 3466 inter
176 3407 262 3468 fidem
277 3417 307 3467 et
321 3407 451 3482 salutem,
468 3427 555 3484 quam
569 3408 638 3485 quia
652 3408 786 3485 proponit
812 3407 950 3481 Verbum,
966 3407 1047 3466 nulla
1063 3407 1208 3467 simulatio
1231 3409 1295 3468 Deo

86 3495 182 3564 potest
196 3488 329 3564 adscribi,
346 3507 411 3546 cum
424 3488 497 3546 nihil
512 3497 653 3565 proponat
666 3487 744 3565 qnod
758 3487 940 3546 verissimum
955 3507 1013 3546 non
1028 3487 1073 3546 sit.

128 3567 223 3626 XIX.
246 3569 318 3627 Cum
333 3566 405 3626 fides
419 3567 449 3626 in
461 3568 615 3643 Christum,
629 3577 693 3644 quse
708 3567 792 3626 nobis
803 3567 998 3645 praescribitur
1006 3568 1036 3626 in
1051 3568 1220 3644 Vocatione,
1236 3589 1294 3628 non

86 3649 290 3724 praescribatur
312 3647 409 3725 quoad
430 3667 530 3706 omnes
552 3656 634 3706 actus
657 3667 724 3706 suos
748 3648 835 3706 simul
859 3655 888 3706 st
913 3648 1011 3724 semel,
1024 3648 1075 3707 sed
1096 3649 1240 3726 gradatim
1264 3657 1294 3708 et

87 3728 259 3803 successive,
267 3737 297 3787 et
309 3729 389 3806 prIue
398 3727 495 3805 quoad
505 3736 587 3786 actus
598 3728 748 3804 generales
763 3737 792 3786 et
803 3727 935 3803 directos,
948 3747 1034 3806 quam
1046 3728 1142 3806 quoad
1154 3728 1293 3807 speciales

88 3815 117 3864 et
130 3807 263 3883 reflexos,
276 3808 372 3885 quoad
383 3817 479 3868 aetum
494 3827 630 3866 assensus
644 3815 673 3866 et
686 3806 799 3884 refugii,
822 3827 909 3885 quam
932 3808 1028 3884 quoad
1042 3817 1139 3867 actum
1155 3809 1291 3885 acquies-

87 3887 189 3943 centiae
217 3887 246 3943 in
262 3887 376 3946 Christo
397 3907 450 3964 pro
464 3907 510 3946 me
524 3895 654 3963 mortuo;
677 3887 735 3946 imo
749 3907 803 3946 nec
824 3887 1026 3965 praecipiantur
1039 3887 1096 3961 isti,
1119 3887 1175 3944 nisi
1188 3887 1291 3964 positis

86 3964 322 4024 antecedentibus
334 3988 342 4025 ι
358 3966 510 4044 Perperam
520 3967 626 4026 dicitur
638 3967 858 4044 promissionem
870 3967 971 4026 salutis
986 3986 1023 4026 ex
1036 3975 1135 4024 nostra
1149 3965 1291 4024 sententia

85 4043 148 4100 fieri
160 4043 214 4101 sub
229 4044 401 4121 conditione,
417 4067 482 4123 quae
493 4048 554 4106 sine
569 4047 720 4106 mendacio
734 4046 846 4124 impleri
860 4066 919 4105 non
933 4045 1032 4122 possit.
1055 4044 1129 4102 Nam
1143 4044 1289 4102 Christum

85 4143 150 4181 esse
161 4142 263 4182 verum
277 4132 306 4184 et
319 4125 475 4202 perlectum
493 4127 675 4186 Servatorem
690 4128 817 4186 omnium
832 4126 976 4203 adipsum
1000 4123 1074 4181 serio
1096 4143 1146 4200 per
1159 4123 1246 4181 fidem
1261 4132 1290 4182 et

84 4201 287 4281 poenitentiam
311 4204 546 4282 confugientium,
570 4206 649 4285 quod
667 4207 833 4266 hominibus
856 4203 1029 4264 credendum
1050 4203 1245 4280 praescribitur
1260 4204 1289 4260 in

84 4291 153 4342 actu
178 4281 288 4342 directo
306 4283 383 4360 fidei,
399 4293 493 4361 potest
508 4287 586 4345 credi
599 4287 661 4346 sine
681 4286 839 4362 mendacio,
856 4284 893 4344 ab
921 4283 957 4342 iia
985 4283 1079 4358 etiam,
1105 4302 1157 4359 pro
1181 4282 1288 4359 quihus

82 4363 217 4424 Christus
238 4383 297 4422 non
311 4370 355 4421 est
369 4373 507 4426 mortuus.
975 4377 978 4382 '

122 4443 202 4504 XX.
226 4443 436 4502 Promissiones
456 4453 486 4504 et
505 4445 590 4503 minae
610 4445 715 4505 additae
741 4446 796 4504 Dei
817 4443 968 4516 mandatis,
984 4442 1057 4500 nihil
1074 4442 1168 4518 magis
1192 4441 1287 4518 expri-

79 4533 165 4586 munt
193 4523 229 4582 de
254 4523 310 4582 Dei
324 4531 422 4582 mente
439 4533 469 4583 et
482 4524 649 4601 intentione,
673 4545 760 4603 quam
788 4525 851 4602 ipsa
874 4523 1017 4597 mandata,
1043 4543 1108 4599 quae
1133 4520 1287 4580 ostendunt

79 4605 198 4684 quidem
218 4603 290 4683 qnid
314 4603 352 4662 sit
368 4603 526 4664 voluntatis
541 4605 596 4664 Dei
617 4605 818 4684 precipientis,
833 4623 891 4662 uon
905 4623 974 4661 vero
989 4603 1060 4680 quid
1074 4603 1111 4661 sit
1132 4601 1287 4660 voluntatis

79 4684 273 4760 decernentis,
299 4703 364 4761 quae
385 4684 498 4762 proprie
526 4685 659 4746 voluntas
685 4686 741 4744 Dei
769 4685 826 4742 dici
854 4684 948 4743 debet.
1003 4683 1044 4741 Ut
1068 4701 1137 4758 orgo
1164 4681 1301 4758 Spiritus¹

291 4911 304 4948 ἱ
