3146 5210
239 300 298 358 386
608 313 698 359 tecm
714 317 843 360 nscruos
863 315 1009 368 ornares.
1256 292 1379 378 [anast.
1395 313 1446 356 xu.

242 459 329 534 nicae,
345 478 410 535 quse
425 459 609 535 imponuntur
627 461 825 538 peccatoribus
839 461 876 520 ad
890 461 1033 539 propriam
1048 459 1261 534 correctionem,
1278 467 1307 516 ct
1321 457 1448 516 scandali

246 539 384 596 Ecclesia
406 538 466 596 dati
480 540 707 616 reparationem,
733 541 798 598 Hoc
813 543 888 600 enim
903 549 931 600 et
946 540 999 598 rite
1014 541 1174 599 factitatum
1195 539 1283 596 fuisse
1305 539 1334 596 in
1350 537 1449 596 Veteri

245 619 385 694 Ecclesia,
401 627 429 676 et
449 617 632 678 laudabiliter
652 639 736 697 posse
751 620 898 679 observari
913 640 1077 679 censemus:
1102 619 1168 694 Sed,
1185 619 1235 676 An
1248 619 1343 696 posita
1359 617 1447 678 Satis·

247 697 371 756 factione
393 697 508 774 Christi,
525 698 588 756 aliea
610 699 819 762 satisfactiones
842 701 906 760 Deo
926 701 1096 777 praestandae
1118 720 1169 776 pro
1190 698 1326 776 peccetis,
1341 698 1448 776 imponi

243 778 355 854 possint
369 786 418 836 aut
432 777 556 836 debeant
569 778 703 838 fidelibus
718 802 725 856 ς
754 779 832 856 quod
840 800 989 857 negamus,
1005 780 1175 838 Adversarii
1189 779 1300 838 volunt.

284 857 344 916 111.
367 857 433 916 Non
448 857 593 934 quaeritur,
610 858 658 916 An
676 859 839 918 satisfactio
855 861 962 918 Christi
983 857 1119 918 excludat
1140 858 1344 936 castigationes
1357 856 1448 914 fideli·

243 957 301 1012 um,
317 958 382 1014 qnae
391 957 483 1013 peace
496 939 673 998 medicinales
687 948 716 997 ct
730 939 892 1016 impropriae
907 939 1049 1012 dicuntur,
1066 939 1165 1016 quales
1177 948 1243 997 suut
1253 938 1409 996 liberorum
1421 937 1449 994 in

243 1025 362 1094 paterna
376 1017 461 1074 domo
475 1017 635 1094 disciplinae
651 1040 658 1077 ε
679 1021 735 1077 hoc
749 1021 825 1077 enim
839 1019 922 1078 facile
944 1020 1145 1078 concedimus:
1179 1018 1236 1076 Sed
1251 1018 1301 1076 An
1315 1016 1450 1076 excludat

244 1096 462 1172 satisfactiones,
479 1117 530 1156 scu
539 1100 733 1174 perpessiones
742 1102 868 1176 penales
882 1120 989 1176 eorum,
1005 1120 1069 1178 quae
1084 1119 1141 1158 non
1157 1098 1214 1156 sint
1228 1098 1264 1156 ad
1279 1097 1450 1156 medicinam

242 1185 362 1252 tantum,
378 1177 427 1234 rel
440 1177 555 1254 pietatis
569 1179 805 1257 experimentum,
822 1179 874 1238 sed
887 1179 924 1237 ad
938 1180 1049 1238 ultricis
1070 1179 1191 1257 justitia
1216 1178 1450 1253 satisfactionem,

242 1265 271 1316 et
285 1277 349 1334 quae
363 1257 546 1334 imponantur
560 1277 578 1315 a
592 1259 648 1316 Dei
656 1259 764 1335 jndicio
778 1279 836 1317 aon
851 1262 997 1318 domestico
1012 1267 1041 1318 et
1054 1269 1181 1338 paterno,
1207 1258 1285 1336 qnod
1309 1278 1326 1314 a
1352 1258 1451 1316 Patre·

242 1336 365 1396 familias
380 1357 417 1395 cx
431 1337 536 1396 amoris
551 1349 579 1397 et
593 1339 741 1415 sapientiae
765 1339 873 1417 regulis
896 1339 925 1397 in
950 1340 1057 1398 liberos
1079 1347 1237 1412 exercetur,
1263 1337 1315 1396 sed
1330 1337 1450 1412 sorensi,

242 1415 320 1493 qaod
341 1439 358 1476 a
378 1415 485 1476 Jndice
500 1437 537 1476 ex
551 1419 717 1496 praescripto
735 1417 833 1496 legum
854 1420 885 1477 in
907 1420 1082 1478 facinorosos
1103 1417 1283 1478 decernitur:
1306 1417 1384 1494 quod
1408 1427 1452 1475 est

163 1533 190 1562 a
243 1495 484 1554 Adversariorum
499 1496 615 1574 dogma,
645 1497 723 1574 quod
747 1519 764 1556 a
788 1499 872 1558 nobis
890 1500 1095 1577 impugnatur:
1138 1498 1317 1556 Pertendunt
1341 1497 1451 1556 scilicet

244 1576 474 1634 Satisfactionem
490 1577 605 1651 Christi,
621 1577 753 1655 quamvis
768 1578 880 1637 infinita
894 1579 986 1654 fuerit,
1002 1599 1059 1637 nou
1073 1580 1114 1637 ita
1136 1579 1251 1656 plenam
1266 1587 1295 1636 et
1309 1577 1449 1636 sufficien-

242 1664 301 1715 tem
315 1656 412 1730 fnisse,
429 1657 498 1734 quin
509 1657 690 1734 requirantur
704 1658 797 1716 adhue
812 1660 901 1718 variae
916 1659 1125 1718 satisfactiones
1150 1679 1166 1716 a
1190 1657 1333 1732 fidelibus,
1346 1657 1370 1716 si
1392 1677 1450 1714 non

245 1756 296 1813 pro
312 1737 405 1815 eulpa,
421 1736 469 1795 vel
483 1757 569 1814 poena
584 1747 790 1814 aeterna,quam
815 1748 977 1816 agnoscunt
1002 1740 1148 1798 Christum
1174 1737 1333 1811 sustulisse,
1347 1736 1450 1794 saltem

243 1836 295 1892 pro
310 1836 395 1893 poena
409 1817 569 1894 temporali,
586 1817 695 1876 Concil.
711 1815 840 1877 Tridant
858 1820 935 1878 Sess.
951 1819 989 1878 iv.
1005 1839 1029 1878 c.
1046 1822 1074 1893 8,
1091 1820 1198 1878 Canon.
1211 1817 1287 1876 xiiia
1319 1815 1450 1892 “Siquis

242 1895 349 1955 dixerit
361 1916 413 1974 pro
427 1897 553 1973 peccatis
568 1897 662 1973 quoad
690 1918 805 1975 poenam
830 1899 1016 1976 temporalem
1039 1899 1155 1956 minime
1181 1898 1244 1956 Dec
1267 1916 1318 1974 per
1343 1896 1450 1954 Christi

241 1977 375 2036 meritum
390 1977 522 2036 satisfieri
536 1977 629 2053 poenis
643 1977 679 2034 ab
694 1997 728 2034 eo
742 1977 858 2036 inflictis
873 1988 901 2037 et
915 1979 1057 2056 patienter
1078 1978 1214 2052 toleratis,
1238 1977 1287 2036 vel
1308 1997 1325 2034 a
1350 1977 1449 2034 Sacer-

241 2055 307 2114 dote
322 2056 468 2133 injnuctis,
485 2055 536 2114 sed
549 2075 642 2132 neque
658 2066 758 2132 sponte
774 2059 923 2135 susceptis,
938 2068 971 2118 ut
985 2059 1171 2134 orationihus,
1183 2057 1311 2134 jejuniis,
1328 2057 1449 2114 eleemo-

241 2136 329 2210 synis,
345 2136 394 2193 vel
408 2135 472 2193 aliis
486 2136 572 2194 etiam
586 2136 701 2212 pictatis
716 2138 870 2213 exercitiis,
893 2146 979 2216 atque
1000 2138 1072 2198 adeo
1094 2139 1230 2214 optimam
1250 2136 1448 2214 poenitentiam

241 2234 304 2272 csso
318 2223 429 2272 tanturn
444 2235 549 2272 nouam
563 2215 662 2290 vitain,
679 2215 844 2275 Anathema
858 2219 925 2277 sit.'’

280 2293 334 2350 IV.
358 2294 595 2352 Remonstrantes
608 2315 665 2352 non
680 2315 781 2371 parum
805 2297 891 2355 etiam
913 2298 1117 2376 perfectionem
1138 2297 1222 2356 istius
1246 2293 1451 2354 satisfactionis

237 2372 422 2431 labefactant.
446 2372 528 2431 Licet
543 2374 618 2431 enim
632 2375 760 2433 nondum
775 2396 809 2434 eo
824 2377 951 2438 audaciae
961 2377 1137 2451 devenerint,
1147 2385 1180 2435 ut
1191 2376 1306 2434 omnino
1318 2374 1450 2450 rejiciant

238 2452 462 2511 satisfactionem
477 2473 541 2510 cnm
559 2453 727 2530 Socinianis,
743 2455 879 2516 videntur
902 2466 997 2516 tamen
1022 2459 1091 2515 totis
1115 2456 1225 2513 viribus
1250 2456 1313 2531 ejus
1337 2454 1397 2510 vim
1420 2461 1451 2510 et

237 2531 445 2608 plenitudinem
458 2533 628 2592 imminuere
642 2542 671 2592 et
685 2535 798 2594 elevare
810 2559 817 2612 ;
840 2537 910 2596 dum
923 2536 1095 2614 pertendunt
1112 2534 1340 2594 Satisfactionem
1357 2533 1450 2589 aDco

237 2611 392 2670 admissam
406 2633 464 2671 non
479 2633 542 2671 esse
557 2633 607 2689 per
620 2614 807 2673 inhaerentem
822 2616 1000 2693 dignitatern,
1017 2616 1067 2673 sod
1081 2634 1132 2691 per
1146 2611 1402 2688 acceptilationem,
1415 2621 1450 2669 ut

237 2713 295 2752 non
310 2692 395 2750 fuerit
408 2713 478 2750 vera
493 2693 658 2770 satisfactio,
674 2694 725 2752 sed
740 2703 852 2754 tantum
867 2697 971 2756 solutio
999 2694 1175 2772 imaginaria.
1220 2692 1261 2752 Ut
1285 2709 1387 2748 sensus
1409 2691 1450 2748 sit

239 2773 333 2832 Deum
349 2772 528 2850 acquievisse
543 2782 695 2851 postquam
712 2775 843 2834 Christus
857 2784 985 2834 mortuus
1001 2783 1053 2849 est,
1078 2793 1136 2832 noa
1158 2772 1237 2850 quod
1260 2789 1363 2828 reuera
1388 2771 1448 2829 sibi

238 2851 275 2910 sit
290 2852 476 2927 satisfactum,
493 2854 544 2911 sed
558 2853 634 2930 quod
651 2855 714 2912 Deo
729 2854 868 2931 placuerit
881 2875 944 2912 esse
959 2854 1126 2930 gratiosum,
1142 2861 1171 2912 et
1186 2850 1292 2910 Christi
1310 2850 1446 2910 Satisfec-

237 2931 344 2990 tionem
354 2942 385 2991 nt
396 2933 510 3010 plenam
522 2933 681 2992 admittere.

277 3013 315 3072 V.
338 3013 398 3070 Noa
413 3033 482 3072 vero
497 3012 720 3072 satisfactionem
736 3013 843 3072 Christi
857 3033 1009 3072 censemus
1023 3012 1063 3072 ite
1078 3012 1232 3090 perfectam
1253 3018 1283 3068 et
1304 3008 1446 3068 sufficien-

237 3101 304 3168 tem,
320 3103 352 3152 nt
365 3092 531 3170 plenissime
545 3113 596 3171 pro
610 3094 737 3171 peccatis
751 3094 856 3153 nostris
871 3094 1005 3153 omnibns
1020 3093 1197 3168 satisfecerit,
1212 3091 1298 3150 unica
1307 3090 1351 3148 sui
1366 3089 1447 3148 obla·

236 3173 322 3248 tione,
339 3193 397 3231 non
412 3181 522 3231 tantum
536 3193 588 3250 pro
613 3172 705 3250 culpa,
733 3174 784 3232 sed
808 3173 893 3234 ctiam
919 3195 970 3252 pro
994 3193 1080 3252 poena
1104 3184 1163 3232 tarn
1187 3169 1336 3248 temporali
1359 3189 1446 3246 quam

237 3261 351 3328 aterna,
367 3260 399 3310 ut
412 3252 524 3310 nullum
539 3253 673 3328 deinceps
688 3254 811 3330 supersit
840 3255 1010 3314 sacrificium
1024 3253 1188 3312 hilasticum
1210 3251 1303 3309 denuo
1325 3248 1446 3307 offeren-

236 3331 314 3406 dum,
330 3351 383 3389 nec
398 3331 606 3390 satisfactiones
621 3333 667 3390 rel
684 3331 712 3390 in
727 3334 864 3408 haesita,
881 3337 928 3393 rel
941 3343 1008 3412 post
1022 3353 1084 3394 earn
1107 3331 1229 3406 luendae,
1242 3329 1373 3407 quamvis
1386 3347 1447 3385 non

235 3430 299 3468 raro
315 3410 553 3487 castigationibus
568 3409 625 3469 Dei
638 3412 738 3472 fideles
753 3423 935 3491 exponantur
948 3414 986 3472 ad
1010 3412 1207 3490 poenitentiam
1222 3417 1251 3468 et
1265 3409 1447 3467 sanctitatem

235 3509 332 3548 eornm
347 3490 581 3566 promovendam.
915 3507 922 3525 ¹·

276 3569 331 3627 Vl.
355 3569 496 3628 Perfectio
511 3579 606 3630 autern
621 3571 676 3630 ista
690 3570 719 3628 in
734 3591 768 3630 co
779 3573 888 3632 attendi
903 3573 997 3646 debet,
1013 3571 1091 3648 quod
1112 3571 1263 3646 adaquata
1287 3567 1372 3626 fuerit
1382 3566 1447 3642 jus-

235 3649 305 3707 titiae
323 3649 377 3708 Dei
389 3650 418 3707 in
429 3651 519 3708 verbo
532 3651 676 3725 revelatae,
693 3661 721 3710 et
737 3652 825 3729 Legis
838 3652 992 3728 postulato,
1008 3659 1037 3710 et
1058 3649 1235 3728 respondens
1249 3667 1348 3706 eorum
1362 3645 1449 3704 malis

235 3729 345 3788 moritis
359 3737 388 3788 ct
412 3729 632 3790 necessitatibus
646 3751 698 3808 pro
709 3732 815 3807 quibus
829 3732 896 3790 data
910 3739 962 3806 est,
978 3749 1036 3788 non
1051 3751 1089 3788 ex
1103 3729 1279 3805 acceptantis
1291 3727 1383 3804 gratia
1393 3745 1447 3804 per

233 3809 489 3887 acceptilationem,
506 3811 546 3870 sie
562 3811 638 3868 enim
660 3819 689 3868 ct
713 3811 838 3869 victimae
862 3811 970 3886 legales
992 3809 1154 3886 potuissent
1177 3816 1296 3886 peccata
1317 3805 1444 3884 expiare,

233 3899 332 3949 contra
358 3889 434 3950 Heb.
450 3911 479 3948 x.
505 3894 532 3964 4,
560 3890 611 3948 sed
635 3910 671 3948 ex
696 3891 790 3948 meriti
816 3889 985 3950 sufficientia
1009 3897 1038 3948 et
1060 3889 1255 3965 condignitate
1284 3887 1392 3963 operis:
1416 3889 1444 3942 1.

236 3969 380 4047 Respectu
390 3970 528 4046 partiam,
545 3970 613 4046 quia
628 3968 666 4027 id.
683 3989 769 4028 omne
779 3969 945 4046 plenissime
959 3969 1099 4048 implevit,
1115 3968 1194 4046 quod
1208 3967 1281 4044 Legi
1295 3965 1379 4025 nobis
1394 3965 1447 4024 de·

232 4049 362 4124 bebatur,
378 4058 439 4108 tum
454 4050 550 4126 quoad
564 4047 758 4108 obedientiam
773 4050 850 4124 vitat,
865 4057 926 4108 tum
948 4049 1043 4126 quoad
1065 4050 1227 4126 passionem
1248 4045 1358 4120 mortis,
1382 4055 1447 4104 tum

232 4129 328 4206 quoad
341 4131 469 4190 sicaetera
483 4129 709 4203 satisfactorium,
725 4148 783 4204 qua
796 4149 847 4205 per
861 4149 1009 4205 poenarum
1024 4129 1107 4188 nobis
1132 4128 1292 4186 debitarum
1306 4125 1446 4184 lationem

231 4229 284 4268 nos
298 4209 433 4268 liberavit
447 4229 464 4270 a
478 4217 560 4267 reatu
573 4208 673 4266 mortis
688 4216 717 4266 et
741 4207 960 4285 maledictionis,
983 4217 1044 4268 tum
1065 4208 1161 4286 quoad
1183 4209 1237 4266 aim
1258 4205 1444 4278 meritoriam,

230 4308 287 4365 qua
297 4289 382 4346 nobis
395 4287 722 4362 reconciliavitPatrem‚
736 4297 764 4346 et
774 4288 824 4364 jus
839 4287 877 4346 ad
886 4289 975 4348 vitam
987 4289 1159 4367 acquisivit3
1175 4291 1204 4346 2.
1216 4287 1361 4362 Respeetu
1371 4305 1444 4361 pra-

230 4369 324 4444 drann,
341 4367 481 4445 quianon
496 4369 589 4428 solum
611 4367 642 4425 id
664 4385 749 4424 omne
773 4367 842 4426 fecit
867 4377 896 4426 et
910 4387 1012 4446 passus
1027 4378 1079 4444 est,
1096 4368 1173 4445 quod
1189 4367 1250 4426 Lex
1266 4365 1444 4444 postulabat,

230 4447 280 4506 sed
295 4447 335 4505 ita
349 4447 432 4526 plene
448 4459 476 4507 et
489 4448 614 4524 perfecte
629 4446 725 4524 quoad
739 4447 856 4506 modum
871 4457 899 4506 et
914 4449 1044 4525 gradum,
1061 4457 1093 4508 ut
1106 4448 1178 4506 nihil
1192 4447 1222 4504 in
1236 4467 1271 4504 ea
1285 4444 1448 4504 desiderari

229 4527 372 4602 potuerit;
395 4536 511 4604 propter
526 4527 697 4604 dignitatem
717 4545 848 4603 personae
873 4527 1084 4602 satisfacientis,
1110 4538 1139 4586 et
1161 4526 1333 4606 gravitatem
1347 4544 1447 4600 poenae

228 4607 391 4666 exantlata.
405 4607 490 4666 Unde
503 4605 736 4683 sequiturTcrtia
745 4609 829 4682 exim
839 4607 1022 4686 perfeetionis
1034 4608 1125 4683 istius,
1133 4607 1277 4685 Respectu
1286 4605 1445 4679 affectarunt,
