3186 5210
260 311 318 377 478
707 326 802 369 cocus
817 325 950 369 nscmus
964 326 1106 373 colurus.
1299 306 1429 389 [auser.
1444 327 1474 368 v.

259 473 450 547 perducatur,
462 471 511 527 vel
522 469 637 528 externi
648 469 701 544 qui
715 469 752 526 ab
766 468 887 525 homine
898 467 961 526 fieri
971 474 1105 543 possunt,
1116 467 1220 542 quales
1231 475 1302 526 sunt
1312 468 1474 544 Templum

259 550 351 618 adiro,
369 549 505 605 Verbum
519 547 623 605 audire
638 554 668 605 et
681 547 755 616 sinn,
767 549 816 603 vel
837 547 955 617 interni,
977 546 1029 620 qui
1044 565 1063 602 a
1075 546 1172 619 gratia
1186 547 1275 602 etiarn
1289 547 1321 603 in
1334 549 1472 604 nondum

259 645 470 684 conversorum
484 627 622 683 cordibus
637 625 794 694 excitatur,
807 626 910 698 quales
924 631 995 681 sunt
1007 623 1101 682 Verbi
1121 623 1265 698 propositi
1289 625 1420 699 receptio
1442 632 1474 681 et

259 705 464 780 apprehensio,
476 705 583 762 notitia
594 702 757 760 voluntatis
767 704 886 773 divinas,
899 721 1001 760 sensus
1014 703 1123 776 aliquis
1133 702 1254 776 peccati,
1266 703 1357 759 timor
1367 722 1472 778 poenae,

258 791 289 840 et
303 782 483 840 desiderium
500 784 632 857 aliquale
653 781 858 839 liberationis:
887 781 945 839 Sed
960 781 1113 855 quaeritur,
1130 781 1182 837 An
1206 780 1236 836 in
1260 781 1325 855 ipso
1349 799 1473 840 conver-

258 861 350 918 sionis
365 867 525 930 momento,
551 868 580 917 et
604 862 704 933 quoad
726 860 840 935 proclus
854 862 905 929 rei,
919 861 1011 915 homo
1032 859 1141 916 babeat
1161 858 1277 934 aliquid
1297 877 1336 917 ex
1357 877 1390 917 se
1411 879 1472 934 quo

259 946 433 1012 cooperetur
451 939 556 1010 gratiae
571 938 688 1007 efficaci,
703 937 746 994 ita
759 944 795 994 ut
809 957 883 1013 opus
897 955 957 994 nou
971 937 1076 1010 gratiae
1098 943 1224 1006 tanturn,
1248 938 1300 993 sed
1324 945 1355 995 et
1377 939 1472 995 libero

258 1017 380 1074 arbitrio
402 1035 421 1072 a
441 1017 538 1089 gratia
557 1017 686 1073 excitato
707 1016 798 1073 tribui
823 1017 931 1090 possit;
956 1015 1039 1091 quod
1073 1015 1222 1072 affirmant
1256 1013 1417 1086 Pontificii,
1441 1025 1473 1073 et

258 1096 356 1153 caeteri
384 1094 661 1168 Pelagianizantes;
692 1093 759 1151 Nos
786 1113 933 1168 negamus
958 1111 1029 1151 cum
1053 1092 1244 1162 Orthodoxis,
1272 1095 1325 1167 qui
1352 1096 1473 1152 nullam

258 1193 378 1232 causam
400 1174 574 1230 efficientem
595 1173 716 1247 proprie
738 1173 779 1230 sio
801 1174 911 1230 dictam
935 1179 1111 1246 agnoscunt,
1131 1189 1225 1246 quam
1247 1169 1348 1230 Deum
1371 1172 1472 1248 ipsum

257 1258 491 1326 regenerantem,
506 1251 567 1308 sive
588 1251 733 1326 Spiritum
754 1251 1007 1325 regenerationis;
1029 1249 1193 1308 Hominem
1206 1267 1277 1308 vero
1292 1269 1472 1326 regeneran-

257 1333 331 1386 dum
345 1330 461 1388 faciunt
474 1329 643 1403 subjectum
663 1347 743 1385 mere
764 1330 915 1402 passivum
941 1328 1068 1403 Spiritus
1088 1330 1298 1402 regenerantis,
1323 1337 1354 1386 et
1378 1348 1473 1388 nora-

257 1427 325 1466 rum
344 1407 534 1483 qualitatum,
547 1427 614 1483 quae
629 1409 667 1465 ab
682 1408 745 1483 ipso
760 1406 980 1477 infunduntur;
1007 1406 1154 1473 Quamvis
1168 1413 1271 1480 postea
1284 1407 1394 1465 infusis
1404 1409 1472 1482 jam

257 1487 343 1544 novis
356 1485 560 1562 qualitatibus,
576 1505 606 1543 se
620 1487 729 1544 habeat
743 1492 777 1541 ut
790 1485 1022 1542 instrumentum
1044 1484 1175 1542 activum
1196 1484 1324 1542 liberum
1345 1503 1472 1543 suarum

256 1566 416 1623 actionum.

297 1643 336 1700 V.
360 1643 518 1712 Sociniani,
534 1642 586 1718 qui
600 1661 668 1700 curn
683 1640 805 1714 Pelagio
819 1649 973 1715 peccatum
994 1639 1116 1716 originis
1136 1641 1255 1715 impura
1274 1642 1470 1717 generatione

255 1721 287 1778 in
307 1740 362 1779 nos
381 1729 581 1795 propagatum
602 1728 721 1794 negant,
743 1727 773 1776 et
793 1719 937 1794 quicquid
958 1719 1022 1776 vitii
1043 1727 1097 1776 aut
1116 1719 1192 1776 labis
1215 1722 1302 1779 nobis
1325 1722 1413 1791 inest,
1436 1721 1469 1777 id
1576 1733 1577 1740 ’

255 1800 364 1856 crebris
384 1799 497 1873 peccati
518 1799 641 1869 actibus,
662 1807 692 1856 et
712 1798 855 1873 peccandi
879 1799 1011 1873 quadarn
1036 1797 1250 1856 consuetudine
1281 1807 1469 1857 contractum

254 1884 398 1946 asserunt,
414 1877 683 1950 Regenerationem
704 1895 764 1933 non
785 1875 876 1932 aliam
897 1883 1072 1950 agnoscunt,
1087 1895 1179 1950 quam
1193 1895 1292 1951 pravae
1307 1885 1469 1934 consuetu-

253 1955 331 2012 dinis
362 1962 392 2011 et
421 1955 491 2012 vitae
522 1955 727 2025 mutationem,
749 1960 779 2010 et
809 1955 973 2010 secundum
1002 1954 1169 2011 doctrinam
1192 1953 1302 2013 Christi
1323 1955 1469 2014 reforma·

251 2033 372 2103 tionem,
387 2040 477 2109 prout
491 2051 556 2089 earn
571 2033 673 2090 definit
689 2033 808 2090 Soeinus
822 2032 873 2088 lib.
898 2033 936 2088 de
951 2031 1049 2107 Bapt,
1064 2039 1093 2088 et
1115 2031 1229 2090 Smulei.
1252 2035 1289 2090 de
1305 2033 1384 2091 Filio
1399 2033 1465 2102 Dei,

252 2128 276 2167 c.
292 2111 341 2180 ii.;
365 2113 416 2169 Ad
436 2129 529 2185 quarn
549 2111 675 2184 proinde
696 2112 838 2168 hominen
859 2109 950 2166 etiam
970 2109 1000 2166 in
1022 2109 1117 2184 primo
1138 2119 1290 2170 momento
1311 2113 1468 2186 cooperari

253 2187 319 2246 Deo
333 2197 461 2246 censent.

293 2267 351 2325 VI.
369 2267 478 2333 Quoad
491 2265 671 2336 Pontificios,
685 2266 826 2340 Synodus
837 2264 1021 2335 Tridentino,
1032 2265 1106 2323 Sess.
1119 2267 1147 2336 6,
1159 2268 1196 2324 de
1207 2267 1228 2326 J
1230 2268 1334 2326 ustific.
1358 2267 1466 2326 Canon

250 2344 278 2413 4,
294 2352 424 2400 mentem
445 2361 531 2399 suam
551 2344 632 2400 clare
653 2346 694 2402 sic
714 2343 863 2418 exprimit.
907 2351 923 2377 “
936 2343 968 2401 Si
982 2345 1049 2418 quis
1063 2343 1172 2402 dixerit
1184 2347 1313 2403 liberum
1332 2347 1466 2405 hominis

251 2422 407 2478 arbitrium
421 2440 440 2478 a
455 2419 519 2476 Deo
534 2428 651 2476 motum
675 2429 705 2478 et
728 2423 890 2478 excitatum
909 2422 987 2478 nibil
1006 2423 1169 2496 cooperari,
1185 2425 1373 2482 assentiendo
1399 2425 1465 2484 Deo

251 2500 392 2557 excitanti
414 2505 444 2554 et
467 2497 672 2572 vocantique
697 2500 735 2556 ad
750 2499 944 2556 obtinendam
961 2500 1183 2573 justificationis
1203 2503 1333 2576 gratiam
1353 2521 1383 2560 se
1405 2505 1465 2560 dis·

250 2585 344 2653 ponat
358 2597 393 2634 ac
406 2582 561 2651 praeparet,
577 2593 631 2634 nee
650 2596 736 2650 posse
756 2576 911 2633 dissentire
925 2577 949 2632 si
962 2579 1044 2649 velit,
1060 2580 1110 2635 sed
1125 2581 1210 2637 velut
1223 2581 1354 2638 inanime
1368 2583 1466 2655 quod-

249 2658 321 2714 dam
346 2655 422 2712 nihil
446 2653 568 2712 omnino
591 2673 688 2728 agere,
711 2663 741 2713 et
764 2672 845 2711 mere
867 2655 984 2729 passive
1008 2675 1038 2713 sc
1060 2658 1178 2728 habere,
1204 2658 1378 2716 Anathema
1394 2660 1462 2717 sit.”

249 2735 331 2792 Hinc
351 2735 480 2807 Tirinus,
504 2731 643 2791 Controv.
668 2734 713 2805 14,
735 2754 764 2790 n.
786 2734 824 2790 4:
849 2741 866 2766 ‘⁴
880 2733 1021 2805 Excitnri,
1039 2735 1127 2806 trahi,
1143 2735 1264 2793 invitari
1277 2755 1296 2794 a
1310 2737 1386 2808 Deo,
1401 2757 1463 2796 nou

249 2821 293 2872 est
307 2813 381 2870 mihi
395 2814 532 2882 liberum,
548 2819 618 2868 sunt
631 2811 710 2870 enirn
724 2819 825 2869 motus
838 2829 856 2868 a
871 2811 935 2870 Deo
956 2814 1021 2870 solo
1042 2813 1212 2872 immediate
1226 2815 1312 2872 nobis
1326 2816 1463 2888 immissi,

248 2893 377 2949 liberum
391 2899 492 2950 tamen
507 2890 581 2948 mihi
595 2891 760 2948 consentire
774 2891 823 2947 vel
844 2909 904 2946 non
932 2892 1098 2948 consentire
1113 2893 1264 2964 excitanti,
1289 2901 1319 2951 et
1342 2895 1464 2952 trahen-

249 2978 308 3027 tem
323 2972 558 3042 suadentemqne
572 2968 656 3044 sequi
670 2971 719 3026 vel
733 2987 794 3025 non
809 2969 923 3042 sequi.”

289 3049 368 3107 VII.
393 3048 473 3116 Quia
493 3065 562 3105 vero
585 3047 760 3105 Adversarii
780 3047 905 3104 subinde
930 3053 1058 3104 utuntur
1081 3049 1270 3108 distinctione
1296 3049 1411 3109 Gratiae
1430 3052 1461 3109 in

249 3133 266 3161 “
282 3128 461 3184 excitantem
475 3132 505 3182 et
528 3126 731 3200 adjuvantem,
757 3131 928 3201 operantem
949 3133 978 3181 et
998 3135 1214 3201 cooperantem,
1230 3129 1463 3203 praevenientem

248 3213 279 3262 et
306 3207 535 3280 subsequentem
545 3205 573 3274 ;”
610 3203 679 3272 Quo
708 3222 795 3261 sensu
821 3203 870 3259 vel
898 3204 1016 3262 admitti
1042 3205 1146 3278 possit,
1171 3208 1219 3262 vel
1246 3208 1327 3283 rejici
1355 3209 1463 3266 debeat

248 3289 317 3340 ante
340 3284 441 3340 omnia
454 3282 627 3339 videndum.
671 3281 702 3342 Si
723 3301 776 3357 per
795 3281 924 3357 gratiam
937 3283 1125 3354 excitantem,
1141 3293 1324 3358 operantem,
1339 3293 1369 3343 et
1383 3305 1460 3362 prac-

248 3359 426 3430 venientem,
439 3360 642 3433 intelligerent
655 3360 819 3416 motionem
834 3360 960 3434 primam
974 3362 1076 3435 gratiae
1091 3363 1225 3433 efficacis,
1237 3384 1298 3439 qua
1311 3383 1349 3422 ex
1363 3373 1464 3424 morte

247 3435 359 3511 peccati
380 3439 418 3494 ad
439 3455 549 3494 novam
576 3437 670 3494 vitam
697 3438 869 3507 excitamur,
892 3445 922 3496 et
942 3441 1037 3514 reipsa
1058 3441 1259 3498 convertimur
1274 3449 1343 3500 ante
1364 3444 1465 3502 ullam

248 3514 486 3585 cooperationem
508 3519 538 3569 et
560 3532 737 3572 concursum
761 3515 927 3574 voluntatis
957 3526 1075 3589 nostrae,
1106 3519 1146 3576 Et
1170 3538 1223 3593 per
1253 3523 1464 3596 adjuvantem,

247 3597 457 3662 cooperantem
477 3597 507 3646 et
528 3592 765 3667 subsequentem,
787 3594 940 3650 motionen
961 3598 1131 3669 secundam,
1156 3616 1223 3672 qua
1250 3600 1399 3657 conversis
1412 3619 1465 3658 co·

247 3675 395 3743 operatur,
421 3674 451 3724 et
474 3685 524 3725 eos
538 3669 576 3724 ad
601 3662 753 3743 agendirm
766 3671 901 3745 adjuvat,
915 3671 1002 3731 facilc
1023 3678 1100 3734 banc
1118 3676 1338 3736 distinctionem
1352 3679 1464 3736 admit·

247 3755 385 3816 teremus,
400 3753 435 3803 ut
449 3763 510 3802 non
523 3748 613 3803 semel
624 3747 760 3804 videmus
772 3747 902 3822 August.
918 3770 954 3808 ea
967 3770 1053 3810 usam
1066 3753 1175 3813 fuisse:
1192 3755 1310 3814 Euchir.
1325 3775 1351 3814 c.
1365 3757 1462 3814 mii.

248 3825 451 3900 “Utrumque
472 3823 583 3898 legitur
602 3825 634 3881 in
655 3824 763 3882 sanctis
786 3825 931 3901 Eloquiis‚
957 3837 986 3886 et
1010 3832 1211 3890 misericordia
1231 3834 1296 3908 ejus
1314 3836 1462 3910 praevenit

247 3923 304 3976 me,
318 3911 348 3961 et
362 3904 558 3979 subsequetur
581 3921 648 3974 me;
673 3904 826 3960 nolentem
840 3907 983 3978 praevenit
998 3915 1032 3966 ut
1045 3911 1127 3984 velit,
1138 3913 1289 3969 volentem
1303 3913 1462 3988 subsequi-

245 3989 297 4040 tur
309 4001 347 4040 ne
360 3982 473 4040 frustra
488 3981 559 4038 velit
570 3983 598 4052 ;''
619 3989 650 4040 ct
673 3981 784 4039 ibidem
808 3991 911 4040 monet
923 3993 1001 4042 recte
1012 3987 1126 4046 dictum
1140 3991 1178 4046 ab
1194 3990 1353 4065 Apostolo,
1369 4001 1387 4026 “
1397 4011 1461 4050 non

245 4061 374 4118 volentis
394 4080 456 4118 esse
476 4079 531 4118 nec
551 4061 706 4131 currentis,
721 4063 772 4118 sed
791 4061 956 4120 miserentis
971 4063 1037 4136 Dei,
1053 4073 1087 4124 ut
1101 4074 1197 4124 totum
1213 4069 1278 4126 Deo
1292 4072 1391 4142 detur,
1407 4071 1461 4146 qui

243 4139 374 4198 hominis
394 4142 581 4197 voluntatem
602 4139 721 4210 bonam,
744 4146 774 4196 et
796 4149 944 4215 praeparat
968 4144 1182 4217 adjuvandam,
1204 4155 1235 4203 et
1248 4147 1374 4221 adjuvat
1384 4167 1461 4224 prae-

244 4218 410 4293 paratam.”
441 4217 482 4275 Et
494 4217 545 4274 lib.
560 4219 597 4274 de
614 4217 684 4276 Gra
699 4223 729 4275 et
756 4218 808 4276 lib.
834 4219 909 4277 Arb.
925 4239 986 4294 cap.
1012 4221 1057 4293 17,
1080 4229 1097 4256 ‘⁴
1108 4223 1153 4281 Ut
1163 4243 1235 4300 ergo
1245 4227 1382 4298 velimus,
1395 4227 1460 4286 sina

244 4295 330 4353 nobis
345 4303 502 4371 operatur;
519 4314 587 4353 curn
611 4304 714 4354 autem
724 4295 874 4368 volumus,
888 4299 973 4356 etsie
987 4301 1127 4358 volumus
1141 4309 1176 4360 ut
1188 4303 1343 4375 faciamus,
1359 4307 1460 4364 nobis-

244 4391 313 4430 cum
327 4381 522 4448 cooperatur;
537 4380 636 4432 tamen
652 4375 714 4432 sine
728 4374 782 4430 illo
796 4376 844 4432 vel
859 4383 999 4451 operante
1014 4385 1048 4435 ut
1062 4379 1197 4452 velimus,
1212 4383 1261 4438 vel
1280 4393 1459 4458 cooperante

244 4469 339 4525 quum
353 4452 502 4521 volumus,
520 4453 559 4509 ad
580 4453 660 4510 bona
678 4451 796 4527 pietatis
817 4473 907 4529 opera
927 4455 1003 4513 nihil
1016 4458 1180 4515 valemus.''
1222 4459 1281 4517 Sed
1303 4461 1376 4536 quia
1398 4463 1458 4521 alio

243 4545 331 4586 sensu
344 4528 383 4584 ab
396 4527 467 4603 ipsis
481 4537 653 4604 usurpatur,
665 4537 700 4588 ut
712 4547 766 4606 per
777 4532 965 4604 excitantem,
977 4535 1216 4609 praevenientem,
1229 4547 1258 4596 et
1272 4546 1458 4614 operantem,

243 4603 414 4680 intelligant
427 4613 547 4666 tantum
560 4609 688 4684 gratiam
704 4608 907 4686 sufficientem,
918 4612 1139 4672 illuminatione
1153 4624 1183 4673 et
1196 4617 1334 4676 suasione
1348 4620 1458 4678 morali
