<?xml version="1.0" encoding="UTF-8"?>
<!DOCTYPE html PUBLIC "-//W3C//DTD XHTML 1.0 Transitional//EN"
    "http://www.w3.org/TR/xhtml1/DTD/xhtml1-transitional.dtd">
<html xmlns="http://www.w3.org/1999/xhtml" xml:lang="en" lang="en">
 <head>
  <title>
</title>
<meta http-equiv="Content-Type" content="text/html;charset=utf-8" />
  <meta name='ocr-system' content='tesseract 3.04.00' />
  <meta name='ocr-capabilities' content='ocr_page ocr_carea ocr_par ocr_line ocrx_word'/>
</head>
<body>
  <div class='ocr_page' id='page_1' title='image "./francisciturret00pictgoog_0077.png"; bbox 0 0 3108 5198; ppageno 0'>
   <div class='ocr_carea' id='block_1_1' title="bbox 240 281 1428 368">
    <p class='ocr_par' dir='ltr' id='par_1_1' title="bbox 240 281 1428 368">
     <span class='ocr_line' id='line_1_1' title="bbox 240 281 1428 368; baseline 0.001 -18"><span class='ocrx_word' id='word_1_1' title='bbox 240 293 279 350; x_wconf 83' lang='grc'>46</span> <span class='ocrx_word' id='word_1_2' title='bbox 665 306 756 348; x_wconf 79' lang='lat' dir='ltr'>socos</span> <span class='ocrx_word' id='word_1_3' title='bbox 771 302 951 348; x_wconf 79' lang='lat' dir='ltr'>subscrnus.</span> <span class='ocrx_word' id='word_1_4' title='bbox 1237 281 1356 368; x_wconf 74' lang='lat' dir='ltr'>[suast.</span> <span class='ocrx_word' id='word_1_5' title='bbox 1369 307 1428 351; x_wconf 77' lang='lat' dir='ltr'>riu.</span> 
     </span>
    </p>
   </div>
   <div class='ocr_carea' id='block_1_2' title="bbox 231 444 1526 3000">
    <p class='ocr_par' dir='ltr' id='par_1_2' title="bbox 231 444 1524 2498">
     <span class='ocr_line' id='line_1_2' title="bbox 240 444 1428 528; baseline -0.002 -18"><span class='ocrx_word' id='word_1_6' title='bbox 240 449 342 528; x_wconf 90' lang='lat' dir='ltr'>pulum</span> <span class='ocrx_word' id='word_1_7' title='bbox 351 446 546 508; x_wconf 83' lang='lat' dir='ltr'>Christianum</span> <span class='ocrx_word' id='word_1_8' title='bbox 560 447 713 506; x_wconf 83' lang='lat' dir='ltr'>memorias</span> <span class='ocrx_word' id='word_1_9' title='bbox 724 447 887 524; x_wconf 75' lang='lat' dir='ltr'><strong>Martyrum</strong></span> <span class='ocrx_word' id='word_1_10' title='bbox 909 445 1046 524; x_wconf 84' lang='lat' dir='ltr'>religiosa</span> <span class='ocrx_word' id='word_1_11' title='bbox 1059 444 1231 505; x_wconf 76' lang='lat' dir='ltr'><strong>solennitate</strong></span> <span class='ocrx_word' id='word_1_12' title='bbox 1242 449 1428 508; x_wconf 87' lang='lat' dir='ltr'>concelebrare</span> 
     </span>
     <span class='ocr_line' id='line_1_3' title="bbox 240 524 1428 620; baseline -0.001 -31"><span class='ocrx_word' id='word_1_13' title='bbox 240 530 279 589; x_wconf 88' lang='lat' dir='ltr'>ad</span> <span class='ocrx_word' id='word_1_14' title='bbox 297 528 486 587; x_wconf 90' lang='lat' dir='ltr'>imitationem</span> <span class='ocrx_word' id='word_1_15' title='bbox 510 526 723 602; x_wconf 86' lang='lat' dir='ltr'>excitandam,”</span> <span class='ocrx_word' id='word_1_16' title='bbox 748 527 827 604; x_wconf 93' lang='lat' dir='ltr'>quod</span> <span class='ocrx_word' id='word_1_17' title='bbox 850 527 990 586; x_wconf 82' lang='lat' dir='ltr'>haetenus</span> <span class='ocrx_word' id='word_1_18' title='bbox 1012 524 1216 620; x_wconf 78' lang='lat' dir='ltr'>superstitione</span> <span class='ocrx_word' id='word_1_19' title='bbox 1239 529 1337 588; x_wconf 81' lang='lat' dir='ltr'>esurit.</span> <span class='ocrx_word' id='word_1_20' title='bbox 1376 529 1428 588; x_wconf 85' lang='lat' dir='ltr'>Sed</span> 
     </span>
     <span class='ocr_line' id='line_1_4' title="bbox 240 605 1429 765; baseline 0 -17"><span class='ocrx_word' id='word_1_21' title='bbox 240 615 556 748; x_wconf 67' lang='lat' dir='ltr'>ttttttttttttt</span> <span class='ocrx_word' id='word_1_22' title='bbox 566 627 600 746; x_wconf 68' lang='lat'>⁸0⁰</span> <span class='ocrx_word' id='word_1_23' title='bbox 610 605 1429 765; x_wconf 62' lang='lat' dir='ltr'>0ttttttuttttttt⁰¹rttttttttptttt</span> 
     </span>
     <span class='ocr_line' id='line_1_5' title="bbox 240 764 1428 844; baseline -0.001 -17"><span class='ocrx_word' id='word_1_24' title='bbox 240 767 454 828; x_wconf 78' lang='lat' dir='ltr'>obscurioribus</span> <span class='ocrx_word' id='word_1_25' title='bbox 468 767 506 825; x_wconf 91' lang='lat' dir='ltr'>ad</span> <span class='ocrx_word' id='word_1_26' title='bbox 514 767 672 826; x_wconf 77' lang='lat' dir='ltr'>celebriora</span> <span class='ocrx_word' id='word_1_27' title='bbox 684 767 748 825; x_wconf 86' lang='lat' dir='ltr'>fieri</span> <span class='ocrx_word' id='word_1_28' title='bbox 761 775 927 844; x_wconf 84' lang='lat' dir='ltr'>coeperunt;</span> <span class='ocrx_word' id='word_1_29' title='bbox 942 765 1021 842; x_wconf 90' lang='lat' dir='ltr'>quod</span> <span class='ocrx_word' id='word_1_30' title='bbox 1034 764 1152 842; x_wconf 91' lang='lat' dir='ltr'>quidem</span> <span class='ocrx_word' id='word_1_31' title='bbox 1164 766 1242 825; x_wconf 91' lang='lat' dir='ltr'>bono</span> <span class='ocrx_word' id='word_1_32' title='bbox 1257 769 1318 827; x_wconf 84' lang='lat' dir='ltr'>selo</span> <span class='ocrx_word' id='word_1_33' title='bbox 1331 769 1366 826; x_wconf 89' lang='lat' dir='ltr'>ab</span> <span class='ocrx_word' id='word_1_34' title='bbox 1376 769 1428 826; x_wconf 89' lang='lat' dir='ltr'>Im-</span> 
     </span>
     <span class='ocr_line' id='line_1_6' title="bbox 239 846 1429 926; baseline 0 -20"><span class='ocrx_word' id='word_1_35' title='bbox 239 857 371 926; x_wconf 79' lang='lat' dir='ltr'>peratore</span> <span class='ocrx_word' id='word_1_36' title='bbox 385 848 573 907; x_wconf 89' lang='lat' dir='ltr'>eonstitutum</span> <span class='ocrx_word' id='word_1_37' title='bbox 588 855 649 922; x_wconf 80' lang='lat' dir='ltr'>est3</span> <span class='ocrx_word' id='word_1_38' title='bbox 672 846 714 906; x_wconf 91' lang='lat' dir='ltr'>Ut</span> <span class='ocrx_word' id='word_1_39' title='bbox 728 847 805 904; x_wconf 89' lang='lat' dir='ltr'>enim</span> <span class='ocrx_word' id='word_1_40' title='bbox 819 847 900 904; x_wconf 85' lang='lat' dir='ltr'>varia</span> <span class='ocrx_word' id='word_1_41' title='bbox 912 856 1033 905; x_wconf 78' lang='lat' dir='ltr'>extensa</span> <span class='ocrx_word' id='word_1_42' title='bbox 1047 855 1298 923; x_wconf 67' lang='lat' dir='ltr'>ornamentaque</span> <span class='ocrx_word' id='word_1_43' title='bbox 1309 847 1429 906; x_wconf 85' lang='lat' dir='ltr'>Ethnica</span> 
     </span>
     <span class='ocr_line' id='line_1_7' title="bbox 241 925 1428 1004; baseline 0 -18"><span class='ocrx_word' id='word_1_44' title='bbox 241 927 389 1004; x_wconf 77' lang='lat' dir='ltr'>Religioni</span> <span class='ocrx_word' id='word_1_45' title='bbox 410 927 535 1004; x_wconf 88' lang='lat' dir='ltr'>speciem</span> <span class='ocrx_word' id='word_1_46' title='bbox 559 927 686 1004; x_wconf 91' lang='lat' dir='ltr'>aliquam</span> <span class='ocrx_word' id='word_1_47' title='bbox 707 934 737 984; x_wconf 88' lang='lat' dir='ltr'>et</span> <span class='ocrx_word' id='word_1_48' title='bbox 757 926 961 985; x_wconf 86' lang='lat' dir='ltr'>authoritatem</span> <span class='ocrx_word' id='word_1_49' title='bbox 981 925 1180 1002; x_wconf 79' lang='lat' dir='ltr'>eoncilianrnt,</span> <span class='ocrx_word' id='word_1_50' title='bbox 1196 925 1234 984; x_wconf 86' lang='lat' dir='ltr'>ad</span> <span class='ocrx_word' id='word_1_51' title='bbox 1249 927 1428 986; x_wconf 87' lang='lat' dir='ltr'>Christianam</span> 
     </span>
     <span class='ocr_line' id='line_1_8' title="bbox 241 1005 1428 1084; baseline 0.002 -19"><span class='ocrx_word' id='word_1_52' title='bbox 241 1007 426 1084; x_wconf 84' lang='lat' dir='ltr'>Religionem</span> <span class='ocrx_word' id='word_1_53' title='bbox 445 1006 599 1066; x_wconf 68' lang='lat' dir='ltr'>mansferre</span> <span class='ocrx_word' id='word_1_54' title='bbox 621 1005 740 1082; x_wconf 77' lang='lat' dir='ltr'>studuit,</span> <span class='ocrx_word' id='word_1_55' title='bbox 760 1013 794 1064; x_wconf 92' lang='lat' dir='ltr'>ut</span> <span class='ocrx_word' id='word_1_56' title='bbox 815 1025 879 1064; x_wconf 90' lang='lat' dir='ltr'>eam</span> <span class='ocrx_word' id='word_1_57' title='bbox 898 1025 957 1064; x_wconf 91' lang='lat' dir='ltr'>non</span> <span class='ocrx_word' id='word_1_58' title='bbox 977 1005 1064 1064; x_wconf 91' lang='lat' dir='ltr'>modo</span> <span class='ocrx_word' id='word_1_59' title='bbox 1078 1005 1258 1081; x_wconf 80' lang='lat' dir='ltr'>Christianis,</span> <span class='ocrx_word' id='word_1_60' title='bbox 1282 1007 1428 1067; x_wconf 88' lang='lat' dir='ltr'>sedetiam</span> 
     </span>
     <span class='ocr_line' id='line_1_9' title="bbox 242 1084 1427 1162; baseline 0 -16"><span class='ocrx_word' id='word_1_61' title='bbox 242 1087 387 1147; x_wconf 84' lang='lat' dir='ltr'>Gentibus</span> <span class='ocrx_word' id='word_1_62' title='bbox 406 1086 709 1146; x_wconf 79' lang='lat' dir='ltr'>commendabiliorem</span> <span class='ocrx_word' id='word_1_63' title='bbox 722 1084 864 1160; x_wconf 85' lang='lat' dir='ltr'>redderet,</span> <span class='ocrx_word' id='word_1_64' title='bbox 887 1094 920 1144; x_wconf 91' lang='lat' dir='ltr'>nt</span> <span class='ocrx_word' id='word_1_65' title='bbox 935 1085 1079 1144; x_wconf 78' lang='lat' dir='ltr'>Eusebius</span> <span class='ocrx_word' id='word_1_66' title='bbox 1096 1085 1225 1162; x_wconf 91' lang='lat' dir='ltr'>loquitur</span> <span class='ocrx_word' id='word_1_67' title='bbox 1245 1087 1276 1144; x_wconf 90' lang='lat' dir='ltr'>in</span> <span class='ocrx_word' id='word_1_68' title='bbox 1290 1087 1350 1146; x_wconf 82' lang='lat' dir='ltr'>vita</span> <span class='ocrx_word' id='word_1_69' title='bbox 1363 1087 1427 1146; x_wconf 83' lang='lat' dir='ltr'>Con·</span> 
     </span>
     <span class='ocr_line' id='line_1_10' title="bbox 240 1165 1429 1242; baseline -0.001 -14"><span class='ocrx_word' id='word_1_70' title='bbox 240 1165 377 1228; x_wconf 85' lang='lat' dir='ltr'>stantinI:</span> <span class='ocrx_word' id='word_1_71' title='bbox 400 1167 447 1224; x_wconf 90' lang='lat' dir='ltr'>Ita</span> <span class='ocrx_word' id='word_1_72' title='bbox 467 1186 533 1225; x_wconf 91' lang='lat' dir='ltr'>cum</span> <span class='ocrx_word' id='word_1_73' title='bbox 553 1165 667 1225; x_wconf 83' lang='lat' dir='ltr'>videret</span> <span class='ocrx_word' id='word_1_74' title='bbox 681 1166 791 1226; x_wconf 87' lang='lat' dir='ltr'>Gentes</span> <span class='ocrx_word' id='word_1_75' title='bbox 812 1165 929 1242; x_wconf 84' lang='lat' dir='ltr'>Regum</span> <span class='ocrx_word' id='word_1_76' title='bbox 949 1165 1128 1242; x_wconf 90' lang='lat' dir='ltr'>aliorumque</span> <span class='ocrx_word' id='word_1_77' title='bbox 1147 1165 1290 1226; x_wconf 88' lang='lat' dir='ltr'>clarorum</span> <span class='ocrx_word' id='word_1_78' title='bbox 1303 1167 1429 1227; x_wconf 89' lang='lat' dir='ltr'>Virorum</span> 
     </span>
     <span class='ocr_line' id='line_1_11' title="bbox 241 1245 1428 1404; baseline -0.009 -20"><span class='ocrx_word' id='word_1_79' title='bbox 241 1245 1210 1403; x_wconf 51' lang='grc' dir='ltr'>191ᾙῖᾚέιὲἔὲἰὲἓξὲἓᾚῗῗὲῃῖἒῗιᾚίῗῗῗῃᾞὲῗζέ</span> <span class='ocrx_word' id='word_1_80' title='bbox 1211 1249 1428 1404; x_wconf 61' lang='lat' dir='ltr'>stridit:</span> 
     </span>
     <span class='ocr_line' id='line_1_12' title="bbox 239 1370 1428 1485; baseline 0.002 -20"><span class='ocrx_word' id='word_1_81' title='bbox 239 1425 364 1483; x_wconf 88' lang='lat' dir='ltr'>ponere;</span> <span class='ocrx_word' id='word_1_82' title='bbox 385 1405 524 1464; x_wconf 88' lang='lat' dir='ltr'>honorem</span> <span class='ocrx_word' id='word_1_83' title='bbox 538 1405 615 1464; x_wconf 89' lang='lat' dir='ltr'>hunc</span> <span class='ocrx_word' id='word_1_84' title='bbox 629 1403 720 1464; x_wconf 90' lang='lat' dir='ltr'>multo</span> <span class='ocrx_word' id='word_1_85' title='bbox 730 1405 838 1464; x_wconf 88' lang='lat' dir='ltr'>rectius</span> <span class='ocrx_word' id='word_1_86' title='bbox 849 1370 1012 1465; x_wconf 79' lang='lat' dir='ltr'>sarictornm</span> <span class='ocrx_word' id='word_1_87' title='bbox 1028 1405 1083 1464; x_wconf 93' lang='lat' dir='ltr'>Dei</span> <span class='ocrx_word' id='word_1_88' title='bbox 1092 1404 1310 1484; x_wconf 82' lang='lat' dir='ltr'>Apostolorum,</span> <span class='ocrx_word' id='word_1_89' title='bbox 1326 1407 1428 1485; x_wconf 82' lang='lat' dir='ltr'>Marty-</span> 
     </span>
     <span class='ocr_line' id='line_1_13' title="bbox 240 1484 1429 1565; baseline 0.002 -21"><span class='ocrx_word' id='word_1_90' title='bbox 240 1505 313 1561; x_wconf 90' lang='lat' dir='ltr'>rum,</span> <span class='ocrx_word' id='word_1_91' title='bbox 328 1485 507 1562; x_wconf 89' lang='lat' dir='ltr'>aliorumque</span> <span class='ocrx_word' id='word_1_92' title='bbox 521 1485 690 1562; x_wconf 82' lang='lat' dir='ltr'>corporibus</span> <span class='ocrx_word' id='word_1_93' title='bbox 704 1492 733 1544; x_wconf 88' lang='lat' dir='ltr'>et</span> <span class='ocrx_word' id='word_1_94' title='bbox 748 1485 891 1562; x_wconf 88' lang='lat' dir='ltr'>Reliquiis</span> <span class='ocrx_word' id='word_1_95' title='bbox 904 1484 1035 1543; x_wconf 86' lang='lat' dir='ltr'>exhiberi</span> <span class='ocrx_word' id='word_1_96' title='bbox 1049 1485 1170 1544; x_wconf 87' lang='lat' dir='ltr'>censuit.</span> <span class='ocrx_word' id='word_1_97' title='bbox 1206 1485 1301 1560; x_wconf 83' lang='lat' dir='ltr'>Quum</span> <span class='ocrx_word' id='word_1_98' title='bbox 1314 1487 1429 1565; x_wconf 87' lang='lat' dir='ltr'>primum</span> 
     </span>
     <span class='ocr_line' id='line_1_14' title="bbox 239 1563 1430 1644; baseline 0.003 -21"><span class='ocrx_word' id='word_1_99' title='bbox 239 1585 309 1624; x_wconf 86' lang='lat' dir='ltr'>vero</span> <span class='ocrx_word' id='word_1_100' title='bbox 324 1566 451 1642; x_wconf 87' lang='lat' dir='ltr'>Corpora</span> <span class='ocrx_word' id='word_1_101' title='bbox 474 1573 504 1624; x_wconf 88' lang='lat' dir='ltr'>et</span> <span class='ocrx_word' id='word_1_102' title='bbox 524 1563 667 1642; x_wconf 72' lang='lat' dir='ltr'>Reliquis</span> <span class='ocrx_word' id='word_1_103' title='bbox 684 1564 855 1624; x_wconf 82' lang='lat' dir='ltr'>Sanctorum</span> <span class='ocrx_word' id='word_1_104' title='bbox 869 1563 956 1623; x_wconf 86' lang='lat' dir='ltr'>effodi</span> <span class='ocrx_word' id='word_1_105' title='bbox 976 1572 1006 1623; x_wconf 91' lang='lat' dir='ltr'>et</span> <span class='ocrx_word' id='word_1_106' title='bbox 1023 1564 1172 1624; x_wconf 75' lang='lat' dir='ltr'>enatent</span> <span class='ocrx_word' id='word_1_107' title='bbox 1189 1576 1347 1644; x_wconf 88' lang='lat' dir='ltr'>coeperunt,</span> <span class='ocrx_word' id='word_1_108' title='bbox 1367 1587 1430 1626; x_wconf 86' lang='lat' dir='ltr'>mox</span> 
     </span>
     <span class='ocr_line' id='line_1_15' title="bbox 238 1644 1513 1724; baseline 0.002 -20"><span class='ocrx_word' id='word_1_109' title='bbox 238 1645 386 1724; x_wconf 77' lang='lat' dir='ltr'>persuasio</span> <span class='ocrx_word' id='word_1_110' title='bbox 399 1645 548 1704; x_wconf 89' lang='lat' dir='ltr'>bominum</span> <span class='ocrx_word' id='word_1_111' title='bbox 563 1644 675 1703; x_wconf 87' lang='lat' dir='ltr'>animos</span> <span class='ocrx_word' id='word_1_112' title='bbox 698 1645 814 1720; x_wconf 86' lang='lat' dir='ltr'>invasit,</span> <span class='ocrx_word' id='word_1_113' title='bbox 830 1645 975 1722; x_wconf 78' lang='lat' dir='ltr'>Martyres</span> <span class='ocrx_word' id='word_1_114' title='bbox 989 1644 1118 1722; x_wconf 87' lang='lat' dir='ltr'>aliosque</span> <span class='ocrx_word' id='word_1_115' title='bbox 1135 1644 1257 1705; x_wconf 77' lang='lat' dir='ltr'>Sanctus</span> <span class='ocrx_word' id='word_1_116' title='bbox 1270 1647 1334 1724; x_wconf 88' lang='lat' dir='ltr'>ejus</span> <span class='ocrx_word' id='word_1_117' title='bbox 1349 1647 1428 1724; x_wconf 89' lang='lat' dir='ltr'>Rogi-</span> <span class='ocrx_word' id='word_1_118' title='bbox 1512 1689 1513 1692; x_wconf 17' lang='grc' dir='ltr'>η</span> 
     </span>
     <span class='ocr_line' id='line_1_16' title="bbox 237 1723 1515 1806; baseline -0.001 -21"><span class='ocrx_word' id='word_1_119' title='bbox 237 1726 310 1802; x_wconf 84' lang='lat' dir='ltr'>onis,</span> <span class='ocrx_word' id='word_1_120' title='bbox 325 1725 414 1802; x_wconf 89' lang='lat' dir='ltr'>urbis,</span> <span class='ocrx_word' id='word_1_121' title='bbox 429 1724 496 1802; x_wconf 88' lang='lat' dir='ltr'>loci,</span> <span class='ocrx_word' id='word_1_122' title='bbox 507 1724 558 1784; x_wconf 89' lang='lat' dir='ltr'>uhi</span> <span class='ocrx_word' id='word_1_123' title='bbox 571 1744 672 1784; x_wconf 87' lang='lat' dir='ltr'>eornm</span> <span class='ocrx_word' id='word_1_124' title='bbox 682 1724 826 1802; x_wconf 78' lang='lat' dir='ltr'>Reliquiae</span> <span class='ocrx_word' id='word_1_125' title='bbox 839 1743 891 1784; x_wconf 91' lang='lat' dir='ltr'>sen</span> <span class='ocrx_word' id='word_1_126' title='bbox 903 1743 1023 1802; x_wconf 86' lang='lat' dir='ltr'>corpora</span> <span class='ocrx_word' id='word_1_127' title='bbox 1036 1723 1168 1802; x_wconf 89' lang='lat' dir='ltr'>deposita</span> <span class='ocrx_word' id='word_1_128' title='bbox 1178 1733 1267 1800; x_wconf 83' lang='lat' dir='ltr'>erant,</span> <span class='ocrx_word' id='word_1_129' title='bbox 1279 1726 1429 1800; x_wconf 82' lang='lat' dir='ltr'>columnas,</span> <span class='ocrx_word' id='word_1_130' title='bbox 1513 1747 1515 1806; x_wconf 74' lang='grc' dir='ltr'>ζ</span> 
     </span>
     <span class='ocr_line' id='line_1_17' title="bbox 236 1803 1429 1885; baseline -0.002 -19"><span class='ocrx_word' id='word_1_131' title='bbox 236 1815 339 1882; x_wconf 81' lang='lat' dir='ltr'>turres,</span> <span class='ocrx_word' id='word_1_132' title='bbox 354 1815 384 1866; x_wconf 91' lang='lat' dir='ltr'>et</span> <span class='ocrx_word' id='word_1_133' title='bbox 397 1805 531 1885; x_wconf 71' lang='lat' dir='ltr'>presidia</span> <span class='ocrx_word' id='word_1_134' title='bbox 544 1825 617 1881; x_wconf 90' lang='lat' dir='ltr'>esse,</span> <span class='ocrx_word' id='word_1_135' title='bbox 632 1812 665 1864; x_wconf 90' lang='lat' dir='ltr'>ut</span> <span class='ocrx_word' id='word_1_136' title='bbox 680 1804 807 1864; x_wconf 77' lang='lat' dir='ltr'>Basilius</span> <span class='ocrx_word' id='word_1_137' title='bbox 820 1804 957 1881; x_wconf 88' lang='lat' dir='ltr'>loquitur.</span> <span class='ocrx_word' id='word_1_138' title='bbox 980 1803 1067 1863; x_wconf 84' lang='lat' dir='ltr'>Hanc</span> <span class='ocrx_word' id='word_1_139' title='bbox 1080 1805 1312 1882; x_wconf 86' lang='lat' dir='ltr'>superstitionem</span> <span class='ocrx_word' id='word_1_140' title='bbox 1326 1806 1429 1865; x_wconf 82' lang='lat' dir='ltr'>confes</span> 
     </span>
     <span class='ocr_line' id='line_1_18' title="bbox 237 1883 1517 1964; baseline 0.002 -20"><span class='ocrx_word' id='word_1_141' title='bbox 237 1886 291 1944; x_wconf 93' lang='lat' dir='ltr'>tim</span> <span class='ocrx_word' id='word_1_142' title='bbox 304 1895 403 1946; x_wconf 91' lang='lat' dir='ltr'>secuta</span> <span class='ocrx_word' id='word_1_143' title='bbox 423 1894 468 1945; x_wconf 90' lang='lat' dir='ltr'>est</span> <span class='ocrx_word' id='word_1_144' title='bbox 482 1886 546 1961; x_wconf 89' lang='lat' dir='ltr'>alia,</span> <span class='ocrx_word' id='word_1_145' title='bbox 562 1893 596 1945; x_wconf 91' lang='lat' dir='ltr'>ut</span> <span class='ocrx_word' id='word_1_146' title='bbox 616 1905 649 1945; x_wconf 94' lang='lat' dir='ltr'>co</span> <span class='ocrx_word' id='word_1_147' title='bbox 704 1905 736 1943; x_wconf 89' lang='lat' dir='ltr'>ra</span> <span class='ocrx_word' id='word_1_148' title='bbox 752 1884 923 1944; x_wconf 88' lang='lat' dir='ltr'>Sanctorum</span> <span class='ocrx_word' id='word_1_149' title='bbox 937 1891 966 1943; x_wconf 92' lang='lat' dir='ltr'>et</span> <span class='ocrx_word' id='word_1_150' title='bbox 977 1883 1128 1961; x_wconf 87' lang='lat' dir='ltr'>Reliquias</span> <span class='ocrx_word' id='word_1_151' title='bbox 1141 1883 1214 1943; x_wconf 86' lang='lat' dir='ltr'>alias</span> <span class='ocrx_word' id='word_1_152' title='bbox 1234 1903 1293 1944; x_wconf 87' lang='lat' dir='ltr'>nen</span> <span class='ocrx_word' id='word_1_153' title='bbox 1314 1887 1432 1964; x_wconf 82' lang='lat' dir='ltr'>amplius</span> <span class='ocrx_word' id='word_1_154' title='bbox 1516 1912 1517 1934; x_wconf 58' lang='lat'>1</span> 
     </span>
     <span class='ocr_line' id='line_1_19' title="bbox 236 1963 1518 2042; baseline 0.002 -18"><span class='ocrx_word' id='word_1_155' title='bbox 236 1965 291 2025; x_wconf 88' lang='lat' dir='ltr'>sub</span> <span class='ocrx_word' id='word_1_156' title='bbox 315 1965 412 2026; x_wconf 85' lang='lat' dir='ltr'>Altari</span> <span class='ocrx_word' id='word_1_157' title='bbox 439 1964 604 2040; x_wconf 80' lang='lat' dir='ltr'>conderent,</span> <span class='ocrx_word' id='word_1_158' title='bbox 626 1985 657 2023; x_wconf 93' lang='lat' dir='ltr'>se</span> <span class='ocrx_word' id='word_1_159' title='bbox 702 1984 789 2042; x_wconf 88' lang='lat' dir='ltr'>snper</span> <span class='ocrx_word' id='word_1_160' title='bbox 809 1963 924 2024; x_wconf 86' lang='lat' dir='ltr'>Altaria</span> <span class='ocrx_word' id='word_1_161' title='bbox 944 1972 1092 2042; x_wconf 75' lang='lat' dir='ltr'>ponerent,</span> <span class='ocrx_word' id='word_1_162' title='bbox 1114 1972 1144 2022; x_wconf 92' lang='lat' dir='ltr'>et</span> <span class='ocrx_word' id='word_1_163' title='bbox 1164 1963 1202 2022; x_wconf 93' lang='lat' dir='ltr'>ad</span> <span class='ocrx_word' id='word_1_164' title='bbox 1222 1967 1431 2026; x_wconf 85' lang='lat' dir='ltr'>venerationem</span> <span class='ocrx_word' id='word_1_165' title='bbox 1517 1982 1518 2000; x_wconf 65' lang='lat'>¹</span> 
     </span>
     <span class='ocr_line' id='line_1_20' title="bbox 234 2042 1520 2132; baseline 0.004 -31"><span class='ocrx_word' id='word_1_166' title='bbox 234 2045 449 2120; x_wconf 80' lang='lat' dir='ltr'>prostituerent.</span> <span class='ocrx_word' id='word_1_167' title='bbox 493 2042 579 2103; x_wconf 89' lang='lat' dir='ltr'>Unde</span> <span class='ocrx_word' id='word_1_168' title='bbox 594 2051 663 2102; x_wconf 76' lang='lat' dir='ltr'>orte</span> <span class='ocrx_word' id='word_1_169' title='bbox 678 2050 746 2102; x_wconf 92' lang='lat' dir='ltr'>sunt</span> <span class='ocrx_word' id='word_1_170' title='bbox 759 2043 1045 2122; x_wconf 86' lang='lat' dir='ltr'>circumgestationes</span> <span class='ocrx_word' id='word_1_171' title='bbox 1060 2042 1267 2120; x_wconf 88' lang='lat' dir='ltr'>Reliquiarum,</span> <span class='ocrx_word' id='word_1_172' title='bbox 1283 2045 1363 2104; x_wconf 92' lang='lat' dir='ltr'>utin</span> <span class='ocrx_word' id='word_1_173' title='bbox 1376 2065 1430 2106; x_wconf 89' lang='lat' dir='ltr'>ma·</span> <span class='ocrx_word' id='word_1_174' title='bbox 1519 2122 1520 2132; x_wconf 45' lang='lat'>,</span> 
     </span>
     <span class='ocr_line' id='line_1_21' title="bbox 231 2122 1521 2202; baseline 0.005 -23"><span class='ocrx_word' id='word_1_175' title='bbox 231 2122 291 2199; x_wconf 88' lang='lat' dir='ltr'>jori</span> <span class='ocrx_word' id='word_1_176' title='bbox 305 2122 493 2180; x_wconf 80' lang='lat' dir='ltr'>admiratione</span> <span class='ocrx_word' id='word_1_177' title='bbox 508 2129 612 2180; x_wconf 85' lang='lat' dir='ltr'>essent</span> <span class='ocrx_word' id='word_1_178' title='bbox 635 2123 674 2181; x_wconf 90' lang='lat' dir='ltr'>Et</span> <span class='ocrx_word' id='word_1_179' title='bbox 687 2122 756 2198; x_wconf 88' lang='lat' dir='ltr'>quia</span> <span class='ocrx_word' id='word_1_180' title='bbox 769 2122 909 2181; x_wconf 73' lang='lat' dir='ltr'>muscula</span> <span class='ocrx_word' id='word_1_181' title='bbox 922 2124 1003 2182; x_wconf 88' lang='lat' dir='ltr'>varia</span> <span class='ocrx_word' id='word_1_182' title='bbox 1016 2123 1124 2182; x_wconf 86' lang='lat' dir='ltr'>fiebant</span> <span class='ocrx_word' id='word_1_183' title='bbox 1137 2123 1176 2181; x_wconf 90' lang='lat' dir='ltr'>ad</span> <span class='ocrx_word' id='word_1_184' title='bbox 1189 2123 1341 2202; x_wconf 86' lang='lat' dir='ltr'>sepulchra</span> <span class='ocrx_word' id='word_1_185' title='bbox 1355 2123 1431 2184; x_wconf 86' lang='lat' dir='ltr'>Mar-</span> <span class='ocrx_word' id='word_1_186' title='bbox 1519 2133 1521 2198; x_wconf 61' lang='grc' dir='ltr'>ᾗ</span> 
     </span>
     <span class='ocr_line' id='line_1_22' title="bbox 234 2200 1522 2288; baseline 0.004 -28"><span class='ocrx_word' id='word_1_187' title='bbox 234 2209 340 2278; x_wconf 85' lang='lat' dir='ltr'>tyrum,</span> <span class='ocrx_word' id='word_1_188' title='bbox 356 2221 415 2259; x_wconf 91' lang='lat' dir='ltr'>non</span> <span class='ocrx_word' id='word_1_189' title='bbox 426 2201 521 2258; x_wconf 89' lang='lat' dir='ltr'>Deum</span> <span class='ocrx_word' id='word_1_190' title='bbox 535 2208 656 2275; x_wconf 81' lang='lat' dir='ltr'>tantum,</span> <span class='ocrx_word' id='word_1_191' title='bbox 673 2200 725 2258; x_wconf 86' lang='lat' dir='ltr'>sad</span> <span class='ocrx_word' id='word_1_192' title='bbox 737 2201 817 2278; x_wconf 91' lang='lat' dir='ltr'>ipsos</span> <span class='ocrx_word' id='word_1_193' title='bbox 836 2201 922 2260; x_wconf 90' lang='lat' dir='ltr'>etiam</span> <span class='ocrx_word' id='word_1_194' title='bbox 938 2203 1083 2280; x_wconf 84' lang='lat' dir='ltr'>Martyres</span> <span class='ocrx_word' id='word_1_195' title='bbox 1097 2203 1174 2281; x_wconf 88' lang='lat' dir='ltr'>apud</span> <span class='ocrx_word' id='word_1_196' title='bbox 1188 2205 1341 2282; x_wconf 91' lang='lat' dir='ltr'>sepulchra</span> <span class='ocrx_word' id='word_1_197' title='bbox 1354 2205 1431 2266; x_wconf 87' lang='lat' dir='ltr'>invo-</span> <span class='ocrx_word' id='word_1_198' title='bbox 1521 2264 1522 2288; x_wconf 73' lang='lat'>,</span> 
     </span>
     <span class='ocr_line' id='line_1_23' title="bbox 235 2278 1523 2360; baseline 0.005 -22"><span class='ocrx_word' id='word_1_199' title='bbox 235 2298 309 2354; x_wconf 87' lang='lat' dir='ltr'>aare,</span> <span class='ocrx_word' id='word_1_200' title='bbox 324 2278 382 2338; x_wconf 93' lang='lat' dir='ltr'>imo</span> <span class='ocrx_word' id='word_1_201' title='bbox 397 2279 483 2338; x_wconf 92' lang='lat' dir='ltr'>etiam</span> <span class='ocrx_word' id='word_1_202' title='bbox 497 2298 596 2338; x_wconf 89' lang='lat' dir='ltr'>eornm</span> <span class='ocrx_word' id='word_1_203' title='bbox 611 2279 762 2356; x_wconf 89' lang='lat' dir='ltr'>Reliquias</span> <span class='ocrx_word' id='word_1_204' title='bbox 776 2281 870 2339; x_wconf 88' lang='lat' dir='ltr'>colere</span> <span class='ocrx_word' id='word_1_205' title='bbox 885 2291 1041 2359; x_wconf 86' lang='lat' dir='ltr'>coeperunt.</span> <span class='ocrx_word' id='word_1_206' title='bbox 1078 2283 1127 2342; x_wconf 85' lang='lat' dir='ltr'>Sic</span> <span class='ocrx_word' id='word_1_207' title='bbox 1141 2283 1248 2342; x_wconf 90' lang='lat' dir='ltr'>sensim</span> <span class='ocrx_word' id='word_1_208' title='bbox 1261 2304 1342 2344; x_wconf 89' lang='lat' dir='ltr'>error</span> <span class='ocrx_word' id='word_1_209' title='bbox 1355 2287 1432 2344; x_wconf 83' lang='lat' dir='ltr'>inva-</span> <span class='ocrx_word' id='word_1_210' title='bbox 1522 2334 1523 2360; x_wconf 72' lang='grc'>,</span> 
     </span>
     <span class='ocr_line' id='line_1_24' title="bbox 233 2357 1524 2440; baseline 0.007 -22"><span class='ocrx_word' id='word_1_211' title='bbox 233 2358 297 2433; x_wconf 85' lang='lat' dir='ltr'>luit,</span> <span class='ocrx_word' id='word_1_212' title='bbox 323 2366 353 2416; x_wconf 91' lang='lat' dir='ltr'>et</span> <span class='ocrx_word' id='word_1_213' title='bbox 366 2358 404 2417; x_wconf 92' lang='lat' dir='ltr'>ad</span> <span class='ocrx_word' id='word_1_214' title='bbox 418 2357 730 2434; x_wconf 88' lang='lat' dir='ltr'>superstitiosissimum</span> <span class='ocrx_word' id='word_1_215' title='bbox 744 2359 863 2437; x_wconf 87' lang='lat' dir='ltr'>cultum,</span> <span class='ocrx_word' id='word_1_216' title='bbox 889 2369 919 2420; x_wconf 91' lang='lat' dir='ltr'>et</span> <span class='ocrx_word' id='word_1_217' title='bbox 933 2361 1140 2421; x_wconf 79' lang='lat' dir='ltr'>crassissimam</span> <span class='ocrx_word' id='word_1_218' title='bbox 1155 2383 1219 2440; x_wconf 86' lang='lat' dir='ltr'>ques</span> <span class='ocrx_word' id='word_1_219' title='bbox 1233 2384 1311 2424; x_wconf 92' lang='lat' dir='ltr'>nunc</span> <span class='ocrx_word' id='word_1_220' title='bbox 1325 2366 1434 2427; x_wconf 87' lang='lat' dir='ltr'>obtinet</span> <span class='ocrx_word' id='word_1_221' title='bbox 1523 2404 1524 2436; x_wconf 53' lang='lat' dir='ltr'>t</span> 
     </span>
     <span class='ocr_line' id='line_1_25' title="bbox 233 2436 578 2498; baseline 0.003 -1"><span class='ocrx_word' id='word_1_222' title='bbox 233 2436 426 2497; x_wconf 74' lang='lat' dir='ltr'>idololatriam</span> <span class='ocrx_word' id='word_1_223' title='bbox 441 2438 578 2498; x_wconf 85' lang='lat' dir='ltr'>excrevit.</span> 
     </span>
    </p>

    <p class='ocr_par' dir='ltr' id='par_1_3' title="bbox 233 2517 1526 3000">
     <span class='ocr_line' id='line_1_26' title="bbox 536 2517 1526 2602; baseline 0.009 -26"><span class='ocrx_word' id='word_1_224' title='bbox 536 2517 595 2578; x_wconf 90' lang='lat' dir='ltr'>IX.</span> <span class='ocrx_word' id='word_1_225' title='bbox 618 2517 793 2579; x_wconf 89' lang='lat' dir='ltr'>Miraculnm</span> <span class='ocrx_word' id='word_1_226' title='bbox 814 2519 892 2598; x_wconf 92' lang='lat' dir='ltr'>apud</span> <span class='ocrx_word' id='word_1_227' title='bbox 913 2539 979 2580; x_wconf 90' lang='lat' dir='ltr'>ossa</span> <span class='ocrx_word' id='word_1_228' title='bbox 1000 2521 1101 2581; x_wconf 80' lang='lat' dir='ltr'>Elissei</span> <span class='ocrx_word' id='word_1_229' title='bbox 1117 2521 1257 2582; x_wconf 84' lang='lat' dir='ltr'>divinitus</span> <span class='ocrx_word' id='word_1_230' title='bbox 1277 2523 1396 2600; x_wconf 87' lang='lat' dir='ltr'>editum,</span> <span class='ocrx_word' id='word_1_231' title='bbox 1416 2531 1433 2584; x_wconf 88' lang='grc'>2</span> <span class='ocrx_word' id='word_1_232' title='bbox 1525 2587 1526 2602; x_wconf 53' lang='grc'>,</span> 
     </span>
     <span class='ocr_line' id='line_1_27' title="bbox 499 2596 1436 2679; baseline 0.012 -24"><span class='ocrx_word' id='word_1_233' title='bbox 499 2596 573 2675; x_wconf 88' lang='lat' dir='ltr'>Reg.</span> <span class='ocrx_word' id='word_1_234' title='bbox 596 2598 658 2657; x_wconf 85' lang='lat' dir='ltr'>xiii.</span> <span class='ocrx_word' id='word_1_235' title='bbox 683 2603 730 2675; x_wconf 99' lang='grc'>21,</span> <span class='ocrx_word' id='word_1_236' title='bbox 756 2598 887 2659; x_wconf 87' lang='lat' dir='ltr'>vaticinii</span> <span class='ocrx_word' id='word_1_237' title='bbox 907 2602 971 2679; x_wconf 88' lang='lat' dir='ltr'>ejus</span> <span class='ocrx_word' id='word_1_238' title='bbox 992 2601 1182 2679; x_wconf 74' lang='lat' dir='ltr'>precedentis</span> <span class='ocrx_word' id='word_1_239' title='bbox 1203 2602 1241 2662; x_wconf 92' lang='lat' dir='ltr'>de</span> <span class='ocrx_word' id='word_1_240' title='bbox 1267 2623 1436 2666; x_wconf 88' lang='lat' dir='ltr'>successura</span> 
     </span>
     <span class='ocr_line' id='line_1_28' title="bbox 499 2676 1436 2759; baseline 0.012 -23"><span class='ocrx_word' id='word_1_241' title='bbox 499 2676 694 2737; x_wconf 84' lang='lat' dir='ltr'>Moabitarum</span> <span class='ocrx_word' id='word_1_242' title='bbox 721 2679 880 2757; x_wconf 89' lang='lat' dir='ltr'>irruptione</span> <span class='ocrx_word' id='word_1_243' title='bbox 903 2679 991 2739; x_wconf 84' lang='lat' dir='ltr'>iidem</span> <span class='ocrx_word' id='word_1_244' title='bbox 1013 2681 1217 2759; x_wconf 79' lang='lat' dir='ltr'>confirmabat3</span> <span class='ocrx_word' id='word_1_245' title='bbox 1250 2683 1303 2743; x_wconf 90' lang='lat' dir='ltr'>sed</span> <span class='ocrx_word' id='word_1_246' title='bbox 1327 2684 1436 2746; x_wconf 90' lang='lat' dir='ltr'>cultum</span> 
     </span>
     <span class='ocr_line' id='line_1_29' title="bbox 233 2751 1436 2840; baseline 0.013 -30"><span class='ocrx_word' id='word_1_247' title='bbox 233 2751 288 2811; x_wconf 91' lang='lat' dir='ltr'>reli</span> <span class='ocrx_word' id='word_1_248' title='bbox 310 2752 402 2814; x_wconf 85' lang='lat' dir='ltr'>&#39;osum</span> <span class='ocrx_word' id='word_1_249' title='bbox 417 2757 544 2834; x_wconf 87' lang='lat' dir='ltr'>eorporis</span> <span class='ocrx_word' id='word_1_250' title='bbox 558 2759 621 2836; x_wconf 91' lang='lat' dir='ltr'>ejus</span> <span class='ocrx_word' id='word_1_251' title='bbox 640 2778 699 2818; x_wconf 92' lang='lat' dir='ltr'>non</span> <span class='ocrx_word' id='word_1_252' title='bbox 713 2760 832 2837; x_wconf 87' lang='lat' dir='ltr'>probat;</span> <span class='ocrx_word' id='word_1_253' title='bbox 854 2760 932 2819; x_wconf 90' lang='lat' dir='ltr'>unde</span> <span class='ocrx_word' id='word_1_254' title='bbox 946 2780 1000 2820; x_wconf 90' lang='lat' dir='ltr'>nec</span> <span class='ocrx_word' id='word_1_255' title='bbox 1018 2770 1086 2821; x_wconf 91' lang='lat' dir='ltr'>ante</span> <span class='ocrx_word' id='word_1_256' title='bbox 1106 2781 1160 2822; x_wconf 88' lang='lat' dir='ltr'>nec</span> <span class='ocrx_word' id='word_1_257' title='bbox 1179 2771 1246 2840; x_wconf 90' lang='lat' dir='ltr'>post</span> <span class='ocrx_word' id='word_1_258' title='bbox 1266 2765 1436 2826; x_wconf 88' lang='lat' dir='ltr'>miraculum</span> 
     </span>
     <span class='ocr_line' id='line_1_30' title="bbox 233 2773 1437 2919; baseline 0.013 -27"><span class='ocrx_word' id='word_1_259' title='bbox 233 2773 319 2910; x_wconf 37' lang='lat' dir='ltr'>illud?</span> <span class='ocrx_word' id='word_1_260' title='bbox 331 2835 482 2914; x_wconf 88' lang='lat' dir='ltr'>quisquam</span> <span class='ocrx_word' id='word_1_261' title='bbox 498 2838 682 2916; x_wconf 86' lang='lat' dir='ltr'>sepulchrum</span> <span class='ocrx_word' id='word_1_262' title='bbox 693 2839 795 2900; x_wconf 82' lang='lat' dir='ltr'>Elisai</span> <span class='ocrx_word' id='word_1_263' title='bbox 808 2838 951 2917; x_wconf 87' lang='lat' dir='ltr'>invisisse,</span> <span class='ocrx_word' id='word_1_264' title='bbox 967 2840 1016 2899; x_wconf 87' lang='lat' dir='ltr'>vel</span> <span class='ocrx_word' id='word_1_265' title='bbox 1030 2859 1097 2900; x_wconf 90' lang='lat' dir='ltr'>essa</span> <span class='ocrx_word' id='word_1_266' title='bbox 1109 2841 1246 2919; x_wconf 90' lang='lat' dir='ltr'>religioso</span> <span class='ocrx_word' id='word_1_267' title='bbox 1260 2844 1437 2908; x_wconf 88' lang='lat' dir='ltr'>adorationis</span> 
     </span>
     <span class='ocr_line' id='line_1_31' title="bbox 234 2915 1438 3000; baseline 0.01 -27"><span class='ocrx_word' id='word_1_268' title='bbox 234 2915 333 2974; x_wconf 87' lang='lat' dir='ltr'>osculo</span> <span class='ocrx_word' id='word_1_269' title='bbox 358 2916 507 2995; x_wconf 86' lang='lat' dir='ltr'>excepisse</span> <span class='ocrx_word' id='word_1_270' title='bbox 527 2917 643 2998; x_wconf 91' lang='lat' dir='ltr'>legitur.</span> <span class='ocrx_word' id='word_1_271' title='bbox 686 2919 801 2979; x_wconf 88' lang='lat' dir='ltr'>Deinde</span> <span class='ocrx_word' id='word_1_272' title='bbox 822 2919 990 2979; x_wconf 88' lang='lat' dir='ltr'>miraculum</span> <span class='ocrx_word' id='word_1_273' title='bbox 1013 2920 1092 2980; x_wconf 90' lang='lat' dir='ltr'>istud</span> <span class='ocrx_word' id='word_1_274' title='bbox 1105 2941 1207 2982; x_wconf 85' lang='lat' dir='ltr'>verum</span> <span class='ocrx_word' id='word_1_275' title='bbox 1223 2921 1287 3000; x_wconf 85' lang='lat' dir='ltr'>fnit,</span> <span class='ocrx_word' id='word_1_276' title='bbox 1309 2934 1340 2985; x_wconf 90' lang='lat' dir='ltr'>at</span> <span class='ocrx_word' id='word_1_277' title='bbox 1360 2925 1438 2985; x_wconf 88' lang='lat' dir='ltr'>omni</span> 
     </span>
    </p>
   </div>
   <div class='ocr_carea' id='block_1_3' title="bbox 233 2994 1438 3135">
    <p class='ocr_par' dir='ltr' id='par_1_4' title="bbox 233 2994 1438 3135">
     <span class='ocr_line' id='line_1_32' title="bbox 233 2994 1438 3135; baseline 0.01 -81"><span class='ocrx_word' id='word_1_278' title='bbox 233 2994 396 3135; x_wconf 49' lang='lat' dir='ltr'>{luppicppne</span> <span class='ocrx_word' id='word_1_279' title='bbox 416 2997 482 3058; x_wconf 87' lang='lat' dir='ltr'>falsi</span> <span class='ocrx_word' id='word_1_280' title='bbox 495 3019 628 3076; x_wconf 86' lang='lat' dir='ltr'>vacuum,</span> <span class='ocrx_word' id='word_1_281' title='bbox 651 2999 730 3078; x_wconf 89' lang='lat' dir='ltr'>qnod</span> <span class='ocrx_word' id='word_1_282' title='bbox 750 2999 787 3059; x_wconf 90' lang='lat' dir='ltr'>de</span> <span class='ocrx_word' id='word_1_283' title='bbox 806 3000 958 3078; x_wconf 82' lang='lat' dir='ltr'>praetensis</span> <span class='ocrx_word' id='word_1_284' title='bbox 977 3001 1181 3062; x_wconf 87' lang='lat' dir='ltr'>miraculorum</span> <span class='ocrx_word' id='word_1_285' title='bbox 1201 3002 1333 3081; x_wconf 91' lang='lat' dir='ltr'>reliquiis</span> <span class='ocrx_word' id='word_1_286' title='bbox 1353 3025 1438 3066; x_wconf 90' lang='lat' dir='ltr'>nemo</span> 
     </span>
     <span class='ocr_line' id='line_1_33' title="bbox 287 3096 328 3135; baseline -0.024 0"><span class='ocrx_word' id='word_1_287' title='bbox 287 3096 328 3135; x_wconf 91' lang='lat' dir='ltr'>en</span> 
     </span>
    </p>
   </div>
   <div class='ocr_carea' id='block_1_4' title="bbox 269 2581 439 2688">
    <p class='ocr_par' dir='ltr' id='par_1_5' title="bbox 269 2581 439 2688">
     <span class='ocr_line' id='line_1_34' title="bbox 269 2581 439 2629; baseline -0.006 0"><span class='ocrx_word' id='word_1_288' title='bbox 269 2581 361 2629; x_wconf 79' lang='lat' dir='ltr'>Fontes</span> <span class='ocrx_word' id='word_1_289' title='bbox 372 2581 439 2628; x_wconf 81' lang='lat' dir='ltr'>Solu·</span> 
     </span>
     <span class='ocr_line' id='line_1_35' title="bbox 304 2641 406 2688; baseline 0.029 -3"><span class='ocrx_word' id='word_1_290' title='bbox 304 2641 406 2688; x_wconf 81' lang='lat' dir='ltr'>tionum.</span> 
     </span>
    </p>
   </div>
   <div class='ocr_carea' id='block_1_5' title="bbox 230 3155 1442 4678">
    <p class='ocr_par' dir='ltr' id='par_1_6' title="bbox 233 3155 1441 3638">
     <span class='ocr_line' id='line_1_36' title="bbox 275 3155 1438 3243; baseline 0.009 -29"><span class='ocrx_word' id='word_1_291' title='bbox 275 3155 318 3213; x_wconf 91' lang='lat' dir='ltr'>X.</span> <span class='ocrx_word' id='word_1_292' title='bbox 340 3155 477 3216; x_wconf 76' lang='lat' dir='ltr'>Fimbria</span> <span class='ocrx_word' id='word_1_293' title='bbox 492 3159 598 3218; x_wconf 84' lang='lat' dir='ltr'>Christi</span> <span class='ocrx_word' id='word_1_294' title='bbox 612 3167 715 3236; x_wconf 73' lang='lat' dir='ltr'>metus,</span> <span class='ocrx_word' id='word_1_295' title='bbox 732 3161 806 3219; x_wconf 91' lang='lat' dir='ltr'>Mat.</span> <span class='ocrx_word' id='word_1_296' title='bbox 821 3159 862 3219; x_wconf 85' lang='lat' dir='ltr'>ix.</span> <span class='ocrx_word' id='word_1_297' title='bbox 877 3163 925 3235; x_wconf 82' lang='lat'>21,</span> <span class='ocrx_word' id='word_1_298' title='bbox 947 3160 1127 3220; x_wconf 87' lang='lat' dir='ltr'>miraculosae</span> <span class='ocrx_word' id='word_1_299' title='bbox 1148 3162 1306 3222; x_wconf 88' lang='lat' dir='ltr'>sanationis</span> <span class='ocrx_word' id='word_1_300' title='bbox 1321 3165 1438 3243; x_wconf 86' lang='lat' dir='ltr'>symbe-</span> 
     </span>
     <span class='ocr_line' id='line_1_37' title="bbox 234 3231 1438 3305; baseline 0.012 -15"><span class='ocrx_word' id='word_1_301' title='bbox 234 3231 295 3291; x_wconf 92' lang='lat' dir='ltr'>lum</span> <span class='ocrx_word' id='word_1_302' title='bbox 310 3235 570 3296; x_wconf 80' lang='lat' dir='ltr'>extraordinarium</span> <span class='ocrx_word' id='word_1_303' title='bbox 584 3237 657 3297; x_wconf 85' lang='lat' dir='ltr'>fuit:</span> <span class='ocrx_word' id='word_1_304' title='bbox 686 3238 739 3296; x_wconf 91' lang='lat' dir='ltr'>sed</span> <span class='ocrx_word' id='word_1_305' title='bbox 758 3239 814 3298; x_wconf 93' lang='lat' dir='ltr'>hoc</span> <span class='ocrx_word' id='word_1_306' title='bbox 828 3258 882 3298; x_wconf 89' lang='lat' dir='ltr'>nec</span> <span class='ocrx_word' id='word_1_307' title='bbox 902 3238 995 3300; x_wconf 93' lang='lat' dir='ltr'>ullum</span> <span class='ocrx_word' id='word_1_308' title='bbox 1008 3241 1089 3300; x_wconf 92' lang='lat' dir='ltr'>aliud</span> <span class='ocrx_word' id='word_1_309' title='bbox 1102 3241 1266 3301; x_wconf 87' lang='lat' dir='ltr'>divinorum</span> <span class='ocrx_word' id='word_1_310' title='bbox 1284 3244 1438 3305; x_wconf 92' lang='lat' dir='ltr'>miraculo·</span> 
     </span>
     <span class='ocr_line' id='line_1_38' title="bbox 233 3313 1439 3397; baseline 0.013 -29"><span class='ocrx_word' id='word_1_311' title='bbox 233 3330 297 3369; x_wconf 89' lang='lat' dir='ltr'>rum</span> <span class='ocrx_word' id='word_1_312' title='bbox 316 3313 481 3388; x_wconf 79' lang='lat' dir='ltr'>symbolum</span> <span class='ocrx_word' id='word_1_313' title='bbox 503 3335 521 3372; x_wconf 90' lang='lat' dir='ltr'>a</span> <span class='ocrx_word' id='word_1_314' title='bbox 534 3335 679 3393; x_wconf 90' lang='lat' dir='ltr'>quoquam</span> <span class='ocrx_word' id='word_1_315' title='bbox 693 3317 742 3394; x_wconf 94' lang='lat' dir='ltr'>pio</span> <span class='ocrx_word' id='word_1_316' title='bbox 756 3317 808 3375; x_wconf 89' lang='lat' dir='ltr'>reli</span> <span class='ocrx_word' id='word_1_317' title='bbox 831 3317 890 3376; x_wconf 84' lang='lat' dir='ltr'>‘ose</span> <span class='ocrx_word' id='word_1_318' title='bbox 905 3319 1014 3380; x_wconf 90' lang='lat' dir='ltr'>cultum</span> <span class='ocrx_word' id='word_1_319' title='bbox 1028 3329 1092 3397; x_wconf 87' lang='lat' dir='ltr'>est;</span> <span class='ocrx_word' id='word_1_320' title='bbox 1115 3321 1176 3381; x_wconf 91' lang='lat' dir='ltr'>Nec</span> <span class='ocrx_word' id='word_1_321' title='bbox 1190 3322 1291 3382; x_wconf 89' lang='lat' dir='ltr'>eadem</span> <span class='ocrx_word' id='word_1_322' title='bbox 1306 3333 1352 3384; x_wconf 90' lang='lat' dir='ltr'>est</span> <span class='ocrx_word' id='word_1_323' title='bbox 1365 3327 1439 3384; x_wconf 87' lang='lat' dir='ltr'>ratio</span> 
     </span>
     <span class='ocr_line' id='line_1_39' title="bbox 234 3389 1441 3478; baseline 0.015 -31"><span class='ocrx_word' id='word_1_324' title='bbox 234 3389 401 3450; x_wconf 83' lang='lat' dir='ltr'>vestimenti</span> <span class='ocrx_word' id='word_1_325' title='bbox 416 3391 531 3468; x_wconf 84' lang='lat' dir='ltr'>Christi,</span> <span class='ocrx_word' id='word_1_326' title='bbox 547 3414 605 3471; x_wconf 89' lang='lat' dir='ltr'>qno</span> <span class='ocrx_word' id='word_1_327' title='bbox 619 3393 738 3454; x_wconf 90' lang='lat' dir='ltr'>indutus</span> <span class='ocrx_word' id='word_1_328' title='bbox 758 3395 796 3454; x_wconf 93' lang='lat' dir='ltr'>ad</span> <span class='ocrx_word' id='word_1_329' title='bbox 832 3396 916 3456; x_wconf 87' lang='lat' dir='ltr'>&#39;vinae</span> <span class='ocrx_word' id='word_1_330' title='bbox 933 3418 993 3458; x_wconf 79' lang='lat' dir='ltr'>sua</span> <span class='ocrx_word' id='word_1_331' title='bbox 1013 3401 1150 3478; x_wconf 77' lang='lat' dir='ltr'>potentia</span> <span class='ocrx_word' id='word_1_332' title='bbox 1163 3400 1441 3464; x_wconf 84' lang='lat' dir='ltr'>demonstrationem</span> 
     </span>
     <span class='ocr_line' id='line_1_40' title="bbox 234 3468 1441 3556; baseline 0.014 -28"><span class='ocrx_word' id='word_1_333' title='bbox 234 3469 278 3528; x_wconf 93' lang='lat' dir='ltr'>uti</span> <span class='ocrx_word' id='word_1_334' title='bbox 301 3468 402 3545; x_wconf 85' lang='lat' dir='ltr'>voluit,</span> <span class='ocrx_word' id='word_1_335' title='bbox 424 3479 454 3530; x_wconf 90' lang='lat' dir='ltr'>et</span> <span class='ocrx_word' id='word_1_336' title='bbox 472 3471 658 3550; x_wconf 87' lang='lat' dir='ltr'>reliquiarum</span> <span class='ocrx_word' id='word_1_337' title='bbox 681 3473 899 3553; x_wconf 89' lang='lat' dir='ltr'>Papisticarum,</span> <span class='ocrx_word' id='word_1_338' title='bbox 925 3499 990 3556; x_wconf 86' lang='lat' dir='ltr'>ques</span> <span class='ocrx_word' id='word_1_339' title='bbox 1010 3480 1198 3556; x_wconf 76' lang='lat' dir='ltr'>selincurte,</span> <span class='ocrx_word' id='word_1_340' title='bbox 1218 3483 1268 3541; x_wconf 83' lang='lat' dir='ltr'>vel</span> <span class='ocrx_word' id='word_1_341' title='bbox 1289 3503 1309 3542; x_wconf 86' lang='lat' dir='ltr'>a</span> <span class='ocrx_word' id='word_1_342' title='bbox 1322 3483 1441 3545; x_wconf 88' lang='lat' dir='ltr'>Christo</span> 
     </span>
     <span class='ocr_line' id='line_1_41' title="bbox 235 3549 1226 3638; baseline 0.014 -32"><span class='ocrx_word' id='word_1_343' title='bbox 235 3549 305 3607; x_wconf 86' lang='lat' dir='ltr'>vivo</span> <span class='ocrx_word' id='word_1_344' title='bbox 320 3559 467 3626; x_wconf 86' lang='lat' dir='ltr'>separatae,</span> <span class='ocrx_word' id='word_1_345' title='bbox 482 3551 604 3611; x_wconf 89' lang='lat' dir='ltr'>eandem</span> <span class='ocrx_word' id='word_1_346' title='bbox 617 3554 677 3612; x_wconf 86' lang='lat' dir='ltr'>vim</span> <span class='ocrx_word' id='word_1_347' title='bbox 692 3563 721 3614; x_wconf 92' lang='lat' dir='ltr'>et</span> <span class='ocrx_word' id='word_1_348' title='bbox 735 3554 890 3616; x_wconf 85' lang='lat' dir='ltr'>efficaciam</span> <span class='ocrx_word' id='word_1_349' title='bbox 903 3557 1009 3618; x_wconf 91' lang='lat' dir='ltr'>habere</span> <span class='ocrx_word' id='word_1_350' title='bbox 1023 3579 1083 3620; x_wconf 89' lang='lat' dir='ltr'>non</span> <span class='ocrx_word' id='word_1_351' title='bbox 1095 3569 1226 3638; x_wconf 89' lang='lat' dir='ltr'>possunt.</span> 
     </span>
    </p>

    <p class='ocr_par' dir='ltr' id='par_1_7' title="bbox 234 3627 1442 4192">
     <span class='ocr_line' id='line_1_42' title="bbox 276 3627 1440 3722; baseline 0.017 -37"><span class='ocrx_word' id='word_1_352' title='bbox 276 3627 336 3688; x_wconf 88' lang='lat' dir='ltr'>XI.</span> <span class='ocrx_word' id='word_1_353' title='bbox 363 3629 469 3690; x_wconf 82' lang='lat' dir='ltr'>Umbra</span> <span class='ocrx_word' id='word_1_354' title='bbox 484 3630 571 3708; x_wconf 91' lang='lat' dir='ltr'>Petri,</span> <span class='ocrx_word' id='word_1_355' title='bbox 583 3633 650 3693; x_wconf 89' lang='lat' dir='ltr'>Aet.</span> <span class='ocrx_word' id='word_1_356' title='bbox 666 3655 694 3693; x_wconf 74' lang='lat' dir='ltr'>v·</span> <span class='ocrx_word' id='word_1_357' title='bbox 712 3637 758 3710; x_wconf 84' lang='grc'>15,</span> <span class='ocrx_word' id='word_1_358' title='bbox 768 3644 798 3695; x_wconf 91' lang='lat' dir='ltr'>et</span> <span class='ocrx_word' id='word_1_359' title='bbox 810 3639 930 3696; x_wconf 81' lang='lat' dir='ltr'>sudaria</span> <span class='ocrx_word' id='word_1_360' title='bbox 940 3659 974 3698; x_wconf 88' lang='lat' dir='ltr'>ac</span> <span class='ocrx_word' id='word_1_361' title='bbox 984 3641 1153 3700; x_wconf 77' lang='lat' dir='ltr'>annicinctia</span> <span class='ocrx_word' id='word_1_362' title='bbox 1163 3641 1256 3717; x_wconf 79' lang='lat' dir='ltr'>PauII,</span> <span class='ocrx_word' id='word_1_363' title='bbox 1269 3661 1335 3720; x_wconf 78' lang='lat' dir='ltr'>qna</span> <span class='ocrx_word' id='word_1_364' title='bbox 1346 3665 1440 3722; x_wconf 72' lang='lat' dir='ltr'>egm-</span> 
     </span>
     <span class='ocr_line' id='line_1_43' title="bbox 235 3709 1440 3803; baseline 0.016 -38"><span class='ocrx_word' id='word_1_365' title='bbox 235 3715 282 3766; x_wconf 89' lang='lat' dir='ltr'>tos</span> <span class='ocrx_word' id='word_1_366' title='bbox 296 3709 444 3786; x_wconf 76' lang='lat' dir='ltr'>sanabant,</span> <span class='ocrx_word' id='word_1_367' title='bbox 460 3709 528 3771; x_wconf 84' lang='lat' dir='ltr'>Act.</span> <span class='ocrx_word' id='word_1_368' title='bbox 543 3713 605 3773; x_wconf 82' lang='lat' dir='ltr'>xix.</span> <span class='ocrx_word' id='word_1_369' title='bbox 623 3715 669 3790; x_wconf 92' lang='grc'>12,</span> <span class='ocrx_word' id='word_1_370' title='bbox 684 3713 799 3775; x_wconf 82' lang='lat' dir='ltr'>fuerunt</span> <span class='ocrx_word' id='word_1_371' title='bbox 818 3716 917 3776; x_wconf 91' lang='lat' dir='ltr'>itidem</span> <span class='ocrx_word' id='word_1_372' title='bbox 932 3720 1167 3780; x_wconf 79' lang='lat' dir='ltr'>extraordinaria</span> <span class='ocrx_word' id='word_1_373' title='bbox 1188 3723 1346 3783; x_wconf 88' lang='lat' dir='ltr'>curationis</span> <span class='ocrx_word' id='word_1_374' title='bbox 1361 3745 1440 3803; x_wconf 87' lang='lat' dir='ltr'>sym-</span> 
     </span>
     <span class='ocr_line' id='line_1_44' title="bbox 234 3787 1442 3877; baseline 0.015 -31"><span class='ocrx_word' id='word_1_375' title='bbox 234 3787 321 3866; x_wconf 84' lang='lat' dir='ltr'>bola;</span> <span class='ocrx_word' id='word_1_376' title='bbox 344 3788 395 3848; x_wconf 91' lang='lat' dir='ltr'>sed</span> <span class='ocrx_word' id='word_1_377' title='bbox 408 3799 441 3849; x_wconf 91' lang='lat' dir='ltr'>nt</span> <span class='ocrx_word' id='word_1_378' title='bbox 454 3799 571 3869; x_wconf 88' lang='lat' dir='ltr'>propter</span> <span class='ocrx_word' id='word_1_379' title='bbox 583 3792 639 3852; x_wconf 92' lang='lat' dir='ltr'>hoc</span> <span class='ocrx_word' id='word_1_380' title='bbox 653 3795 845 3872; x_wconf 87' lang='lat' dir='ltr'>symbolicum</span> <span class='ocrx_word' id='word_1_381' title='bbox 854 3796 978 3857; x_wconf 86' lang='lat' dir='ltr'>officium</span> <span class='ocrx_word' id='word_1_382' title='bbox 989 3799 1185 3877; x_wconf 87' lang='lat' dir='ltr'>adorarentur,</span> <span class='ocrx_word' id='word_1_383' title='bbox 1197 3821 1251 3861; x_wconf 92' lang='lat' dir='ltr'>nec</span> <span class='ocrx_word' id='word_1_384' title='bbox 1264 3804 1442 3866; x_wconf 86' lang='lat' dir='ltr'>mandarunt</span> 
     </span>
     <span class='ocr_line' id='line_1_45' title="bbox 235 3866 1441 3960; baseline 0.016 -34"><span class='ocrx_word' id='word_1_385' title='bbox 235 3866 380 3946; x_wconf 86' lang='lat' dir='ltr'>Apostoli,</span> <span class='ocrx_word' id='word_1_386' title='bbox 395 3889 449 3930; x_wconf 91' lang='lat' dir='ltr'>nec</span> <span class='ocrx_word' id='word_1_387' title='bbox 463 3891 480 3929; x_wconf 93' lang='lat' dir='ltr'>a</span> <span class='ocrx_word' id='word_1_388' title='bbox 493 3891 638 3950; x_wconf 88' lang='lat' dir='ltr'>quoquam</span> <span class='ocrx_word' id='word_1_389' title='bbox 658 3875 819 3952; x_wconf 77' lang='lat' dir='ltr'>praestitum</span> <span class='ocrx_word' id='word_1_390' title='bbox 839 3885 961 3937; x_wconf 88' lang='lat' dir='ltr'>constat.</span> <span class='ocrx_word' id='word_1_391' title='bbox 1003 3877 1054 3938; x_wconf 84' lang='lat' dir='ltr'>An</span> <span class='ocrx_word' id='word_1_392' title='bbox 1069 3879 1173 3940; x_wconf 91' lang='lat' dir='ltr'>Petrus</span> <span class='ocrx_word' id='word_1_393' title='bbox 1197 3882 1247 3960; x_wconf 90' lang='lat' dir='ltr'>qui</span> <span class='ocrx_word' id='word_1_394' title='bbox 1260 3883 1356 3944; x_wconf 91' lang='lat' dir='ltr'>noluit</span> <span class='ocrx_word' id='word_1_395' title='bbox 1369 3885 1441 3945; x_wconf 89' lang='lat' dir='ltr'>ado-</span> 
     </span>
     <span class='ocr_line' id='line_1_46' title="bbox 234 3947 1440 4043; baseline 0.017 -39"><span class='ocrx_word' id='word_1_396' title='bbox 234 3947 292 4004; x_wconf 88' lang='lat' dir='ltr'>rari</span> <span class='ocrx_word' id='word_1_397' title='bbox 305 3949 391 4008; x_wconf 77' lang='lat' dir='ltr'>virus</span> <span class='ocrx_word' id='word_1_398' title='bbox 406 3970 423 4009; x_wconf 88' lang='lat' dir='ltr'>a</span> <span class='ocrx_word' id='word_1_399' title='bbox 437 3951 579 4028; x_wconf 85' lang='lat' dir='ltr'>Cornelio,</span> <span class='ocrx_word' id='word_1_400' title='bbox 593 3952 694 4031; x_wconf 88' lang='lat' dir='ltr'>jubere</span> <span class='ocrx_word' id='word_1_401' title='bbox 708 3954 802 4014; x_wconf 86' lang='lat' dir='ltr'>voluit</span> <span class='ocrx_word' id='word_1_402' title='bbox 824 3955 1020 4017; x_wconf 86' lang='lat' dir='ltr'>adorationem</span> <span class='ocrx_word' id='word_1_403' title='bbox 1044 3959 1089 4018; x_wconf 87' lang='lat' dir='ltr'>sui</span> <span class='ocrx_word' id='word_1_404' title='bbox 1103 3960 1278 4021; x_wconf 82' lang='lat' dir='ltr'>cadaveris?</span> <span class='ocrx_word' id='word_1_405' title='bbox 1298 3962 1358 4022; x_wconf 91' lang='lat' dir='ltr'>Vel</span> <span class='ocrx_word' id='word_1_406' title='bbox 1372 3983 1440 4043; x_wconf 85' lang='lat' dir='ltr'>pas·</span> 
     </span>
     <span class='ocr_line' id='line_1_47' title="bbox 235 4026 1440 4116; baseline 0.018 -33"><span class='ocrx_word' id='word_1_407' title='bbox 235 4044 319 4090; x_wconf 88' lang='lat' dir='ltr'>surus</span> <span class='ocrx_word' id='word_1_408' title='bbox 332 4026 443 4103; x_wconf 73' lang='lat' dir='ltr'>fnisset,</span> <span class='ocrx_word' id='word_1_409' title='bbox 458 4037 491 4088; x_wconf 91' lang='lat' dir='ltr'>ut</span> <span class='ocrx_word' id='word_1_410' title='bbox 505 4051 601 4090; x_wconf 88' lang='lat' dir='ltr'>coram</span> <span class='ocrx_word' id='word_1_411' title='bbox 614 4032 717 4091; x_wconf 89' lang='lat' dir='ltr'>umbra</span> <span class='ocrx_word' id='word_1_412' title='bbox 731 4053 791 4110; x_wconf 87' lang='lat' dir='ltr'>sue,</span> <span class='ocrx_word' id='word_1_413' title='bbox 807 4035 856 4096; x_wconf 89' lang='lat' dir='ltr'>vel</span> <span class='ocrx_word' id='word_1_414' title='bbox 876 4036 1069 4116; x_wconf 87' lang='lat' dir='ltr'>semicinctiis,</span> <span class='ocrx_word' id='word_1_415' title='bbox 1085 4039 1121 4098; x_wconf 87' lang='lat' dir='ltr'>ed</span> <span class='ocrx_word' id='word_1_416' title='bbox 1139 4042 1203 4100; x_wconf 90' lang='lat' dir='ltr'>e&#39;ns</span> <span class='ocrx_word' id='word_1_417' title='bbox 1217 4041 1375 4102; x_wconf 88' lang='lat' dir='ltr'>essentiam</span> <span class='ocrx_word' id='word_1_418' title='bbox 1388 4065 1440 4105; x_wconf 90' lang='lat' dir='ltr'>ne-</span> 
     </span>
     <span class='ocr_line' id='line_1_48' title="bbox 234 4103 1199 4192; baseline 0.018 -31"><span class='ocrx_word' id='word_1_419' title='bbox 234 4103 351 4182; x_wconf 90' lang='lat' dir='ltr'>quidem</span> <span class='ocrx_word' id='word_1_420' title='bbox 365 4108 582 4187; x_wconf 87' lang='lat' dir='ltr'>pertinentibus,</span> <span class='ocrx_word' id='word_1_421' title='bbox 597 4111 729 4172; x_wconf 89' lang='lat' dir='ltr'>homines</span> <span class='ocrx_word' id='word_1_422' title='bbox 742 4116 964 4192; x_wconf 90' lang='lat' dir='ltr'>procumberent</span> <span class='ocrx_word' id='word_1_423' title='bbox 977 4118 1142 4177; x_wconf 85' lang='lat' dir='ltr'>venerabun</span> <span class='ocrx_word' id='word_1_424' title='bbox 1166 4121 1199 4178; x_wconf 79' lang='lat'>¹?</span> 
     </span>
    </p>

    <p class='ocr_par' dir='ltr' id='par_1_8' title="bbox 232 4183 1442 4494">
     <span class='ocr_line' id='line_1_49' title="bbox 275 4183 1442 4282; baseline 0.019 -41"><span class='ocrx_word' id='word_1_425' title='bbox 275 4183 353 4244; x_wconf 87' lang='lat' dir='ltr'>XII.</span> <span class='ocrx_word' id='word_1_426' title='bbox 375 4185 538 4248; x_wconf 83' lang='lat' dir='ltr'>Translstio</span> <span class='ocrx_word' id='word_1_427' title='bbox 552 4190 659 4250; x_wconf 89' lang='lat' dir='ltr'>ossium</span> <span class='ocrx_word' id='word_1_428' title='bbox 675 4192 906 4255; x_wconf 87' lang='lat' dir='ltr'>Patriarcharum</span> <span class='ocrx_word' id='word_1_429' title='bbox 927 4196 1051 4256; x_wconf 86' lang='lat' dir='ltr'>faciebat</span> <span class='ocrx_word' id='word_1_430' title='bbox 1063 4198 1101 4257; x_wconf 89' lang='lat' dir='ltr'>ad</span> <span class='ocrx_word' id='word_1_431' title='bbox 1115 4198 1201 4258; x_wconf 89' lang='lat' dir='ltr'>fidem</span> <span class='ocrx_word' id='word_1_432' title='bbox 1224 4199 1353 4278; x_wconf 91' lang='lat' dir='ltr'>ipsorum</span> <span class='ocrx_word' id='word_1_433' title='bbox 1368 4223 1442 4282; x_wconf 86' lang='lat' dir='ltr'>erga</span> 
     </span>
     <span class='ocr_line' id='line_1_50' title="bbox 234 4263 1442 4351; baseline 0.016 -27"><span class='ocrx_word' id='word_1_434' title='bbox 234 4263 291 4324; x_wconf 90' lang='lat' dir='ltr'>Dei</span> <span class='ocrx_word' id='word_1_435' title='bbox 313 4265 532 4343; x_wconf 90' lang='lat' dir='ltr'>premissionem</span> <span class='ocrx_word' id='word_1_436' title='bbox 556 4269 593 4329; x_wconf 89' lang='lat' dir='ltr'>de</span> <span class='ocrx_word' id='word_1_437' title='bbox 607 4271 703 4332; x_wconf 78' lang='lat' dir='ltr'>Terra</span> <span class='ocrx_word' id='word_1_438' title='bbox 723 4275 905 4351; x_wconf 90' lang='lat' dir='ltr'>possessione</span> <span class='ocrx_word' id='word_1_439' title='bbox 926 4275 1151 4336; x_wconf 83' lang='lat' dir='ltr'>confirmandam</span> <span class='ocrx_word' id='word_1_440' title='bbox 1172 4287 1202 4338; x_wconf 88' lang='lat' dir='ltr'>et</span> <span class='ocrx_word' id='word_1_441' title='bbox 1216 4279 1327 4340; x_wconf 88' lang='lat' dir='ltr'>Massia</span> <span class='ocrx_word' id='word_1_442' title='bbox 1351 4282 1382 4340; x_wconf 91' lang='lat' dir='ltr'>in</span> <span class='ocrx_word' id='word_1_443' title='bbox 1403 4304 1442 4344; x_wconf 91' lang='lat' dir='ltr'>ea</span> 
     </span>
     <span class='ocr_line' id='line_1_51' title="bbox 232 4345 1441 4441; baseline 0.017 -39"><span class='ocrx_word' id='word_1_444' title='bbox 232 4345 378 4405; x_wconf 89' lang='lat' dir='ltr'>nascituro</span> <span class='ocrx_word' id='word_1_445' title='bbox 390 4368 397 4422; x_wconf 86' lang='lat'>;</span> <span class='ocrx_word' id='word_1_446' title='bbox 422 4345 481 4406; x_wconf 83' lang='lat' dir='ltr'>Sed</span> <span class='ocrx_word' id='word_1_447' title='bbox 494 4347 568 4407; x_wconf 89' lang='lat' dir='ltr'>nihil</span> <span class='ocrx_word' id='word_1_448' title='bbox 580 4350 704 4412; x_wconf 86' lang='lat' dir='ltr'>faciebat</span> <span class='ocrx_word' id='word_1_449' title='bbox 718 4353 756 4412; x_wconf 88' lang='lat' dir='ltr'>ad</span> <span class='ocrx_word' id='word_1_450' title='bbox 775 4354 944 4433; x_wconf 90' lang='lat' dir='ltr'>religiosum</span> <span class='ocrx_word' id='word_1_451' title='bbox 964 4357 1073 4416; x_wconf 87' lang='lat' dir='ltr'>ossium</span> <span class='ocrx_word' id='word_1_452' title='bbox 1087 4358 1215 4436; x_wconf 87' lang='lat' dir='ltr'>ipsorum</span> <span class='ocrx_word' id='word_1_453' title='bbox 1236 4360 1355 4436; x_wconf 87' lang='lat' dir='ltr'>cultum,</span> <span class='ocrx_word' id='word_1_454' title='bbox 1371 4382 1441 4441; x_wconf 79' lang='lat' dir='ltr'>quae</span> 
     </span>
     <span class='ocr_line' id='line_1_52' title="bbox 232 4423 1177 4494; baseline 0.017 -11"><span class='ocrx_word' id='word_1_455' title='bbox 232 4423 328 4485; x_wconf 89' lang='lat' dir='ltr'>denuo</span> <span class='ocrx_word' id='word_1_456' title='bbox 341 4426 524 4486; x_wconf 86' lang='lat' dir='ltr'>recondenda</span> <span class='ocrx_word' id='word_1_457' title='bbox 537 4437 566 4488; x_wconf 93' lang='lat' dir='ltr'>et</span> <span class='ocrx_word' id='word_1_458' title='bbox 580 4429 726 4491; x_wconf 87' lang='lat' dir='ltr'>humanda</span> <span class='ocrx_word' id='word_1_459' title='bbox 740 4431 864 4494; x_wconf 83' lang='lat' dir='ltr'>fuerunt</span> <span class='ocrx_word' id='word_1_460' title='bbox 1172 4468 1177 4478; x_wconf 92' lang='lat'><strong>·</strong></span> 
     </span>
    </p>

    <p class='ocr_par' dir='ltr' id='par_1_9' title="bbox 230 4505 1440 4678">
     <span class='ocr_line' id='line_1_53' title="bbox 273 4505 1440 4596; baseline 0.014 -32"><span class='ocrx_word' id='word_1_461' title='bbox 273 4505 369 4566; x_wconf 87' lang='lat' dir='ltr'>XIII.</span> <span class='ocrx_word' id='word_1_462' title='bbox 392 4507 425 4568; x_wconf 86' lang='lat' dir='ltr'>si</span> <span class='ocrx_word' id='word_1_463' title='bbox 444 4507 610 4587; x_wconf 67' lang='lat' dir='ltr'>Viquentr&#39;us</span> <span class='ocrx_word' id='word_1_464' title='bbox 623 4510 654 4570; x_wconf 92' lang='lat' dir='ltr'>id</span> <span class='ocrx_word' id='word_1_465' title='bbox 667 4531 756 4571; x_wconf 90' lang='lat' dir='ltr'>unum</span> <span class='ocrx_word' id='word_1_466' title='bbox 771 4515 840 4592; x_wconf 79' lang='lat' dir='ltr'>egit,</span> <span class='ocrx_word' id='word_1_467' title='bbox 855 4523 888 4575; x_wconf 94' lang='lat' dir='ltr'>ut</span> <span class='ocrx_word' id='word_1_468' title='bbox 909 4535 940 4575; x_wconf 90' lang='lat' dir='ltr'>se</span> <span class='ocrx_word' id='word_1_469' title='bbox 959 4515 1093 4594; x_wconf 89' lang='lat' dir='ltr'>gliscenti</span> <span class='ocrx_word' id='word_1_470' title='bbox 1114 4517 1311 4596; x_wconf 89' lang='lat' dir='ltr'>superstitioni</span> <span class='ocrx_word' id='word_1_471' title='bbox 1331 4519 1363 4579; x_wconf 91' lang='lat' dir='ltr'>in</span> <span class='ocrx_word' id='word_1_472' title='bbox 1379 4521 1440 4582; x_wconf 87' lang='lat' dir='ltr'>Re-</span> 
     </span>
     <span class='ocr_line' id='line_1_54' title="bbox 230 4581 1440 4678; baseline 0.019 -39"><span class='ocrx_word' id='word_1_473' title='bbox 230 4581 385 4662; x_wconf 87' lang='lat' dir='ltr'>liquiarum</span> <span class='ocrx_word' id='word_1_474' title='bbox 410 4589 490 4650; x_wconf 87' lang='lat' dir='ltr'>cultu</span> <span class='ocrx_word' id='word_1_475' title='bbox 514 4599 680 4670; x_wconf 82' lang='lat' dir='ltr'>opponeret,</span> <span class='ocrx_word' id='word_1_476' title='bbox 705 4611 764 4652; x_wconf 90' lang='lat' dir='ltr'>uon</span> <span class='ocrx_word' id='word_1_477' title='bbox 786 4594 852 4655; x_wconf 89' lang='lat' dir='ltr'>ideo</span> <span class='ocrx_word' id='word_1_478' title='bbox 872 4595 951 4674; x_wconf 90' lang='lat' dir='ltr'>juste</span> <span class='ocrx_word' id='word_1_479' title='bbox 975 4597 1118 4658; x_wconf 84' lang='lat' dir='ltr'>haereseos</span> <span class='ocrx_word' id='word_1_480' title='bbox 1140 4599 1269 4659; x_wconf 87' lang='lat' dir='ltr'>accusari</span> <span class='ocrx_word' id='word_1_481' title='bbox 1289 4599 1386 4678; x_wconf 89' lang='lat' dir='ltr'>potuit</span> <span class='ocrx_word' id='word_1_482' title='bbox 1399 4603 1440 4663; x_wconf 87' lang='lat' dir='ltr'>ab</span> 
     </span>
    </p>
   </div>
   <div class='ocr_carea' id='block_1_6' title="bbox 0 0 1558 5188">
    <p class='ocr_par' dir='ltr' id='par_1_10' title="bbox 0 0 1558 5188">
     <span class='ocr_line' id='line_1_55' title="bbox 0 0 1558 5188; baseline 0 0"><span class='ocrx_word' id='word_1_483' title='bbox 0 0 1558 5188; x_wconf 95' lang='lat' dir='ltr'> </span> 
     </span>
    </p>
   </div>
  </div>
 </body>
</html>
