<?xml version="1.0" encoding="UTF-8"?>
<!DOCTYPE html PUBLIC "-//W3C//DTD XHTML 1.0 Transitional//EN"
    "http://www.w3.org/TR/xhtml1/DTD/xhtml1-transitional.dtd">
<html xmlns="http://www.w3.org/1999/xhtml" xml:lang="en" lang="en">
 <head>
  <title>
</title>
<meta http-equiv="Content-Type" content="text/html;charset=utf-8" />
  <meta name='ocr-system' content='tesseract 3.04.00' />
  <meta name='ocr-capabilities' content='ocr_page ocr_carea ocr_par ocr_line ocrx_word'/>
</head>
<body>
  <div class='ocr_page' id='page_1' title='image "./francisciturret00pictgoog_0339.png"; bbox 0 0 3192 5206; ppageno 0'>
   <div class='ocr_carea' id='block_1_1' title="bbox 245 357 1449 439">
    <p class='ocr_par' dir='ltr' id='par_1_1' title="bbox 245 357 1449 439">
     <span class='ocr_line' id='line_1_1' title="bbox 245 357 1449 439; baseline -0.004 -17"><span class='ocrx_word' id='word_1_1' title='bbox 245 365 303 422; x_wconf 88' lang='grc'>308</span> <span class='ocrx_word' id='word_1_2' title='bbox 563 377 654 418; x_wconf 76' lang='lat' dir='ltr'>rocus</span> <span class='ocrx_word' id='word_1_3' title='bbox 669 375 797 417; x_wconf 80' lang='lat' dir='ltr'>necinus</span> <span class='ocrx_word' id='word_1_4' title='bbox 807 377 940 417; x_wconf 85' lang='lat' dir='ltr'>rsnrrus.</span> <span class='ocrx_word' id='word_1_5' title='bbox 1240 357 1369 439; x_wconf 76' lang='lat' dir='ltr'>[oumsr.</span> <span class='ocrx_word' id='word_1_6' title='bbox 1384 377 1449 417; x_wconf 89' lang='lat' dir='ltr'>xm.</span> 
     </span>
    </p>
   </div>
   <div class='ocr_carea' id='block_1_2' title="bbox 243 517 1461 3942">
    <p class='ocr_par' dir='ltr' id='par_1_2' title="bbox 243 517 1454 918">
     <span class='ocr_line' id='line_1_2' title="bbox 243 517 1452 598; baseline -0.001 -20"><span class='ocrx_word' id='word_1_7' title='bbox 243 541 329 598; x_wconf 88' lang='lat' dir='ltr'>quam</span> <span class='ocrx_word' id='word_1_8' title='bbox 346 519 460 578; x_wconf 90' lang='lat' dir='ltr'>Christo</span> <span class='ocrx_word' id='word_1_9' title='bbox 474 517 628 577; x_wconf 88' lang='lat' dir='ltr'>tribuimus</span> <span class='ocrx_word' id='word_1_10' title='bbox 636 518 738 595; x_wconf 82' lang='lat' dir='ltr'>excipi.</span> <span class='ocrx_word' id='word_1_11' title='bbox 746 526 851 596; x_wconf 90' lang='lat' dir='ltr'>potest.</span> <span class='ocrx_word' id='word_1_12' title='bbox 887 518 970 576; x_wconf 84' lang='lat' dir='ltr'>Licet</span> <span class='ocrx_word' id='word_1_13' title='bbox 980 517 1055 576; x_wconf 91' lang='lat' dir='ltr'>enim</span> <span class='ocrx_word' id='word_1_14' title='bbox 1071 517 1233 593; x_wconf 83' lang='lat' dir='ltr'>ignorantia</span> <span class='ocrx_word' id='word_1_15' title='bbox 1247 538 1344 595; x_wconf 72' lang='lat' dir='ltr'>prave</span> <span class='ocrx_word' id='word_1_16' title='bbox 1355 519 1452 597; x_wconf 91' lang='lat' dir='ltr'>dispo·</span> 
     </span>
     <span class='ocr_line' id='line_1_3' title="bbox 244 596 1454 675; baseline -0.003 -15"><span class='ocrx_word' id='word_1_17' title='bbox 244 601 365 674; x_wconf 88' lang='lat' dir='ltr'>sitionis,</span> <span class='ocrx_word' id='word_1_18' title='bbox 381 609 410 658; x_wconf 89' lang='lat' dir='ltr'>ct</span> <span class='ocrx_word' id='word_1_19' title='bbox 424 598 596 658; x_wconf 73' lang='lat' dir='ltr'>universalis</span> <span class='ocrx_word' id='word_1_20' title='bbox 610 618 705 656; x_wconf 91' lang='lat' dir='ltr'>rerum</span> <span class='ocrx_word' id='word_1_21' title='bbox 720 619 792 675; x_wconf 89' lang='lat' dir='ltr'>quas</span> <span class='ocrx_word' id='word_1_22' title='bbox 807 599 880 656; x_wconf 87' lang='lat' dir='ltr'>scire</span> <span class='ocrx_word' id='word_1_23' title='bbox 894 617 1011 656; x_wconf 90' lang='lat' dir='ltr'>necesse</span> <span class='ocrx_word' id='word_1_24' title='bbox 1024 599 1069 671; x_wconf 90' lang='lat' dir='ltr'>sit,</span> <span class='ocrx_word' id='word_1_25' title='bbox 1084 596 1165 654; x_wconf 88' lang='lat' dir='ltr'>vitiis</span> <span class='ocrx_word' id='word_1_26' title='bbox 1174 597 1247 654; x_wconf 88' lang='lat' dir='ltr'>bene</span> <span class='ocrx_word' id='word_1_27' title='bbox 1258 609 1454 674; x_wconf 80' lang='lat' dir='ltr'>accenseatur,</span> 
     </span>
     <span class='ocr_line' id='line_1_4' title="bbox 243 676 1454 758; baseline -0.002 -19"><span class='ocrx_word' id='word_1_28' title='bbox 243 682 348 758; x_wconf 90' lang='lat' dir='ltr'>quibus</span> <span class='ocrx_word' id='word_1_29' title='bbox 370 680 461 738; x_wconf 91' lang='lat' dir='ltr'>caruit</span> <span class='ocrx_word' id='word_1_30' title='bbox 476 676 625 752; x_wconf 88' lang='lat' dir='ltr'>Clnistus;</span> <span class='ocrx_word' id='word_1_31' title='bbox 649 679 714 736; x_wconf 91' lang='lat' dir='ltr'>Non</span> <span class='ocrx_word' id='word_1_32' title='bbox 739 686 835 736; x_wconf 88' lang='lat' dir='ltr'>tamen</span> <span class='ocrx_word' id='word_1_33' title='bbox 859 678 1003 754; x_wconf 84' lang='lat' dir='ltr'>negativa,</span> <span class='ocrx_word' id='word_1_34' title='bbox 1023 686 1053 735; x_wconf 92' lang='lat' dir='ltr'>et</span> <span class='ocrx_word' id='word_1_35' title='bbox 1073 677 1254 752; x_wconf 88' lang='lat' dir='ltr'>particularis</span> <span class='ocrx_word' id='word_1_36' title='bbox 1275 678 1316 736; x_wconf 93' lang='lat' dir='ltr'>rei</span> <span class='ocrx_word' id='word_1_37' title='bbox 1330 679 1454 756; x_wconf 91' lang='lat' dir='ltr'>alicujus</span> 
     </span>
     <span class='ocr_line' id='line_1_5' title="bbox 243 756 1453 838; baseline -0.002 -20"><span class='ocrx_word' id='word_1_38' title='bbox 243 781 295 838; x_wconf 90' lang='lat' dir='ltr'>pro</span> <span class='ocrx_word' id='word_1_39' title='bbox 305 761 354 817; x_wconf 92' lang='lat' dir='ltr'>illo</span> <span class='ocrx_word' id='word_1_40' title='bbox 367 767 443 818; x_wconf 88' lang='lat' dir='ltr'>statu</span> <span class='ocrx_word' id='word_1_41' title='bbox 454 767 483 816; x_wconf 92' lang='lat' dir='ltr'>et</span> <span class='ocrx_word' id='word_1_42' title='bbox 494 767 621 833; x_wconf 89' lang='lat' dir='ltr'>tempore</span> <span class='ocrx_word' id='word_1_43' title='bbox 632 778 689 815; x_wconf 89' lang='lat' dir='ltr'>non</span> <span class='ocrx_word' id='word_1_44' title='bbox 701 759 878 829; x_wconf 82' lang='lat' dir='ltr'>neeessariae,</span> <span class='ocrx_word' id='word_1_45' title='bbox 891 778 948 834; x_wconf 89' lang='lat' dir='ltr'>quo</span> <span class='ocrx_word' id='word_1_46' title='bbox 957 757 1066 815; x_wconf 89' lang='lat' dir='ltr'>faciunt</span> <span class='ocrx_word' id='word_1_47' title='bbox 1076 757 1132 814; x_wconf 88' lang='lat' dir='ltr'>ista</span> <span class='ocrx_word' id='word_1_48' title='bbox 1144 756 1307 831; x_wconf 78' lang='lat' dir='ltr'><strong>Athanasii,</strong></span> <span class='ocrx_word' id='word_1_49' title='bbox 1321 758 1412 816; x_wconf 79' lang='lat' dir='ltr'>serm.</span> <span class='ocrx_word' id='word_1_50' title='bbox 1425 764 1453 816; x_wconf 82' lang='lat'>4.</span> 
     </span>
     <span class='ocr_line' id='line_1_6' title="bbox 244 833 1243 918; baseline -0.005 -19"><span class='ocrx_word' id='word_1_51' title='bbox 244 849 344 899; x_wconf 78' lang='lat' dir='ltr'>contra</span> <span class='ocrx_word' id='word_1_52' title='bbox 362 840 493 914; x_wconf 75' lang='lat' dir='ltr'>Arianos,</span> <span class='ocrx_word' id='word_1_53' title='bbox 508 837 538 902; x_wconf 68' lang='lat' dir='ltr'>cir</span> <span class='ocrx_word' id='word_1_54' title='bbox 552 835 676 918; x_wconf 66' lang='lat' dir='ltr'>dirigeret</span> <span class='ocrx_word' id='word_1_55' title='bbox 685 843 728 896; x_wconf 76' lang='lat' dir='ltr'>iva</span> <span class='ocrx_word' id='word_1_56' title='bbox 742 835 810 912; x_wconf 73' lang='lat' dir='ltr'>iiior,</span> <span class='ocrx_word' id='word_1_57' title='bbox 826 837 954 918; x_wconf 70' lang='lat' dir='ltr'>iirdgriwr</span> <span class='ocrx_word' id='word_1_58' title='bbox 967 863 1019 915; x_wconf 63' lang='lat' dir='ltr'>pag</span> <span class='ocrx_word' id='word_1_59' title='bbox 1033 833 1094 894; x_wconf 78' lang='lat' dir='ltr'>lim</span> <span class='ocrx_word' id='word_1_60' title='bbox 1103 841 1131 893; x_wconf 79' lang='lat' dir='ltr'>ri</span> <span class='ocrx_word' id='word_1_61' title='bbox 1142 861 1243 907; x_wconf 70' lang='lat' dir='ltr'>apicus.</span> 
     </span>
    </p>

    <p class='ocr_par' dir='ltr' id='par_1_3' title="bbox 283 917 1455 991">
     <span class='ocr_line' id='line_1_7' title="bbox 283 917 1455 991; baseline 0.003 -19"><span class='ocrx_word' id='word_1_62' title='bbox 283 937 373 982; x_wconf 75' lang='lat' dir='ltr'>Fontes</span> <span class='ocrx_word' id='word_1_63' title='bbox 389 939 457 982; x_wconf 77' lang='lat' dir='ltr'>Solu·</span> <span class='ocrx_word' id='word_1_64' title='bbox 548 917 622 976; x_wconf 88' lang='lat' dir='ltr'>Vll.</span> <span class='ocrx_word' id='word_1_65' title='bbox 646 919 676 976; x_wconf 79' lang='lat' dir='ltr'>si</span> <span class='ocrx_word' id='word_1_66' title='bbox 689 919 820 976; x_wconf 86' lang='lat' dir='ltr'>Christus</span> <span class='ocrx_word' id='word_1_67' title='bbox 838 918 934 976; x_wconf 83' lang='lat' dir='ltr'>omma</span> <span class='ocrx_word' id='word_1_68' title='bbox 957 918 1029 975; x_wconf 88' lang='lat' dir='ltr'>scire</span> <span class='ocrx_word' id='word_1_69' title='bbox 1055 917 1160 974; x_wconf 92' lang='lat' dir='ltr'>dicitur</span> <span class='ocrx_word' id='word_1_70' title='bbox 1174 917 1243 976; x_wconf 87' lang='lat' dir='ltr'>Joh.</span> <span class='ocrx_word' id='word_1_71' title='bbox 1267 917 1328 976; x_wconf 88' lang='lat' dir='ltr'>xxi.</span> <span class='ocrx_word' id='word_1_72' title='bbox 1355 921 1401 991; x_wconf 80' lang='lat'>17,</span> <span class='ocrx_word' id='word_1_73' title='bbox 1425 926 1455 976; x_wconf 92' lang='lat' dir='ltr'>et</span> 
     </span>
    </p>

    <p class='ocr_par' dir='ltr' id='par_1_4' title="bbox 244 996 1455 1374">
     <span class='ocr_line' id='line_1_8' title="bbox 324 996 1455 1073; baseline 0.001 -19"><span class='ocrx_word' id='word_1_74' title='bbox 324 997 425 1040; x_wconf 83' lang='lat' dir='ltr'>tionum.</span> <span class='ocrx_word' id='word_1_75' title='bbox 512 997 616 1055; x_wconf 90' lang='lat' dir='ltr'>Matth.</span> <span class='ocrx_word' id='word_1_76' title='bbox 633 997 672 1056; x_wconf 86' lang='lat' dir='ltr'>xi.</span> <span class='ocrx_word' id='word_1_77' title='bbox 689 1003 736 1072; x_wconf 77' lang='lat'>27,</span> <span class='ocrx_word' id='word_1_78' title='bbox 753 999 810 1055; x_wconf 85' lang='lat' dir='ltr'>Vel</span> <span class='ocrx_word' id='word_1_79' title='bbox 824 998 861 1055; x_wconf 92' lang='lat' dir='ltr'>ad</span> <span class='ocrx_word' id='word_1_80' title='bbox 874 998 1022 1056; x_wconf 89' lang='lat' dir='ltr'>scientiam</span> <span class='ocrx_word' id='word_1_81' title='bbox 1034 996 1161 1054; x_wconf 89' lang='lat' dir='ltr'>divinam</span> <span class='ocrx_word' id='word_1_82' title='bbox 1173 998 1306 1073; x_wconf 84' lang='lat' dir='ltr'>pertinet,</span> <span class='ocrx_word' id='word_1_83' title='bbox 1320 998 1368 1055; x_wconf 88' lang='lat' dir='ltr'>vel</span> <span class='ocrx_word' id='word_1_84' title='bbox 1381 999 1405 1055; x_wconf 89' lang='lat' dir='ltr'>si</span> <span class='ocrx_word' id='word_1_85' title='bbox 1417 997 1455 1056; x_wconf 87' lang='lat' dir='ltr'>ad</span> 
     </span>
     <span class='ocr_line' id='line_1_9' title="bbox 244 1076 1454 1152; baseline 0.002 -18"><span class='ocrx_word' id='word_1_86' title='bbox 244 1077 399 1134; x_wconf 84' lang='lat' dir='ltr'><strong>humanam</strong></span> <span class='ocrx_word' id='word_1_87' title='bbox 415 1076 589 1150; x_wconf 86' lang='lat' dir='ltr'>extenditur,</span> <span class='ocrx_word' id='word_1_88' title='bbox 605 1097 662 1134; x_wconf 91' lang='lat' dir='ltr'>non</span> <span class='ocrx_word' id='word_1_89' title='bbox 677 1077 809 1136; x_wconf 87' lang='lat' dir='ltr'>absolute</span> <span class='ocrx_word' id='word_1_90' title='bbox 824 1078 910 1135; x_wconf 89' lang='lat' dir='ltr'>dehet</span> <span class='ocrx_word' id='word_1_91' title='bbox 927 1076 1059 1152; x_wconf 85' lang='lat' dir='ltr'>intelligi,</span> <span class='ocrx_word' id='word_1_92' title='bbox 1076 1077 1147 1134; x_wconf 89' lang='lat' dir='ltr'>alias</span> <span class='ocrx_word' id='word_1_93' title='bbox 1162 1077 1454 1136; x_wconf 88' lang='lat' dir='ltr'>omniscientianatu-</span> 
     </span>
     <span class='ocr_line' id='line_1_10' title="bbox 245 1155 1455 1233; baseline 0 -19"><span class='ocrx_word' id='word_1_94' title='bbox 245 1177 284 1214; x_wconf 82' lang='lat' dir='ltr'>rae</span> <span class='ocrx_word' id='word_1_95' title='bbox 312 1157 376 1232; x_wconf 89' lang='lat' dir='ltr'>ejus</span> <span class='ocrx_word' id='word_1_96' title='bbox 386 1155 519 1213; x_wconf 88' lang='lat' dir='ltr'>humanae</span> <span class='ocrx_word' id='word_1_97' title='bbox 534 1156 687 1215; x_wconf 88' lang='lat' dir='ltr'>tribuenda</span> <span class='ocrx_word' id='word_1_98' title='bbox 701 1167 785 1230; x_wconf 90' lang='lat' dir='ltr'>esset,</span> <span class='ocrx_word' id='word_1_99' title='bbox 801 1157 881 1233; x_wconf 92' lang='lat' dir='ltr'>quod</span> <span class='ocrx_word' id='word_1_100' title='bbox 893 1157 997 1214; x_wconf 90' lang='lat' dir='ltr'>nolunt</span> <span class='ocrx_word' id='word_1_101' title='bbox 1008 1156 1195 1230; x_wconf 87' lang='lat' dir='ltr'>Adversarii;</span> <span class='ocrx_word' id='word_1_102' title='bbox 1219 1156 1270 1214; x_wconf 89' lang='lat' dir='ltr'>scd</span> <span class='ocrx_word' id='word_1_103' title='bbox 1284 1165 1396 1214; x_wconf 90' lang='lat' dir='ltr'>tantum</span> <span class='ocrx_word' id='word_1_104' title='bbox 1410 1177 1455 1215; x_wconf 91' lang='lat' dir='ltr'>se·</span> 
     </span>
     <span class='ocr_line' id='line_1_11' title="bbox 246 1235 1454 1313; baseline 0.001 -19"><span class='ocrx_word' id='word_1_105' title='bbox 246 1235 372 1294; x_wconf 91' lang='lat' dir='ltr'>cundum</span> <span class='ocrx_word' id='word_1_106' title='bbox 387 1235 497 1311; x_wconf 91' lang='lat' dir='ltr'>quidet</span> <span class='ocrx_word' id='word_1_107' title='bbox 511 1246 673 1313; x_wconf 89' lang='lat' dir='ltr'>comparate</span> <span class='ocrx_word' id='word_1_108' title='bbox 688 1247 820 1313; x_wconf 89' lang='lat' dir='ltr'>respectu</span> <span class='ocrx_word' id='word_1_109' title='bbox 835 1237 963 1295; x_wconf 88' lang='lat' dir='ltr'>scientiae</span> <span class='ocrx_word' id='word_1_110' title='bbox 977 1236 1134 1310; x_wconf 91' lang='lat' dir='ltr'>hominum,</span> <span class='ocrx_word' id='word_1_111' title='bbox 1151 1256 1208 1312; x_wconf 90' lang='lat' dir='ltr'>qua</span> <span class='ocrx_word' id='word_1_112' title='bbox 1220 1236 1308 1312; x_wconf 91' lang='lat' dir='ltr'>longe</span> <span class='ocrx_word' id='word_1_113' title='bbox 1322 1235 1377 1295; x_wconf 88' lang='lat' dir='ltr'>fuit</span> <span class='ocrx_word' id='word_1_114' title='bbox 1390 1257 1454 1313; x_wconf 90' lang='lat' dir='ltr'>per-</span> 
     </span>
     <span class='ocr_line' id='line_1_12' title="bbox 247 1315 356 1374; baseline 0 -1"><span class='ocrx_word' id='word_1_115' title='bbox 247 1315 356 1374; x_wconf 87' lang='lat' dir='ltr'>lectior.</span> 
     </span>
    </p>

    <p class='ocr_par' dir='ltr' id='par_1_5' title="bbox 245 1394 1460 1933">
     <span class='ocr_line' id='line_1_13' title="bbox 288 1394 1456 1471; baseline 0.002 -19"><span class='ocrx_word' id='word_1_116' title='bbox 288 1394 378 1452; x_wconf 83' lang='lat' dir='ltr'>VIII.</span> <span class='ocrx_word' id='word_1_117' title='bbox 403 1395 542 1453; x_wconf 74' lang='lat' dir='ltr'>Thesauri</span> <span class='ocrx_word' id='word_1_118' title='bbox 553 1395 673 1453; x_wconf 81' lang='lat' dir='ltr'>scientiae</span> <span class='ocrx_word' id='word_1_119' title='bbox 694 1405 721 1454; x_wconf 86' lang='lat' dir='ltr'>et</span> <span class='ocrx_word' id='word_1_120' title='bbox 739 1395 883 1471; x_wconf 72' lang='lat' dir='ltr'>sapientire</span> <span class='ocrx_word' id='word_1_121' title='bbox 903 1395 953 1471; x_wconf 89' lang='lat' dir='ltr'>qui</span> <span class='ocrx_word' id='word_1_122' title='bbox 974 1395 1003 1452; x_wconf 92' lang='lat' dir='ltr'>in</span> <span class='ocrx_word' id='word_1_123' title='bbox 1027 1394 1280 1455; x_wconf 70' lang='lat' dir='ltr'>Chr-istodicuntur</span> <span class='ocrx_word' id='word_1_124' title='bbox 1293 1396 1456 1471; x_wconf 81' lang='lat' dir='ltr'>absconditi,</span> 
     </span>
     <span class='ocr_line' id='line_1_14' title="bbox 248 1475 1459 1552; baseline 0 -18"><span class='ocrx_word' id='word_1_125' title='bbox 248 1475 309 1534; x_wconf 87' lang='lat' dir='ltr'>Col.</span> <span class='ocrx_word' id='word_1_126' title='bbox 331 1475 361 1532; x_wconf 87' lang='lat' dir='ltr'>ii.</span> <span class='ocrx_word' id='word_1_127' title='bbox 384 1477 411 1548; x_wconf 86' lang='lat'>3,</span> <span class='ocrx_word' id='word_1_128' title='bbox 434 1495 493 1532; x_wconf 91' lang='lat' dir='ltr'>non</span> <span class='ocrx_word' id='word_1_129' title='bbox 514 1475 706 1532; x_wconf 88' lang='lat' dir='ltr'>omnimodam</span> <span class='ocrx_word' id='word_1_130' title='bbox 729 1475 877 1533; x_wconf 88' lang='lat' dir='ltr'>scientiam</span> <span class='ocrx_word' id='word_1_131' title='bbox 898 1475 978 1532; x_wconf 92' lang='lat' dir='ltr'>omni</span> <span class='ocrx_word' id='word_1_132' title='bbox 999 1483 1125 1552; x_wconf 89' lang='lat' dir='ltr'>tempore</span> <span class='ocrx_word' id='word_1_133' title='bbox 1141 1494 1254 1550; x_wconf 86' lang='lat' dir='ltr'>semper</span> <span class='ocrx_word' id='word_1_134' title='bbox 1274 1482 1303 1532; x_wconf 87' lang='lat' dir='ltr'>et</span> <span class='ocrx_word' id='word_1_135' title='bbox 1323 1475 1459 1534; x_wconf 88' lang='lat' dir='ltr'>absolute</span> 
     </span>
     <span class='ocr_line' id='line_1_15' title="bbox 246 1554 1457 1631; baseline 0.001 -18"><span class='ocrx_word' id='word_1_136' title='bbox 246 1555 335 1614; x_wconf 81' lang='lat' dir='ltr'>fuisse</span> <span class='ocrx_word' id='word_1_137' title='bbox 357 1557 387 1611; x_wconf 90' lang='lat' dir='ltr'>in</span> <span class='ocrx_word' id='word_1_138' title='bbox 408 1555 471 1631; x_wconf 90' lang='lat' dir='ltr'>ipso</span> <span class='ocrx_word' id='word_1_139' title='bbox 493 1555 648 1629; x_wconf 88' lang='lat' dir='ltr'>evincunt;</span> <span class='ocrx_word' id='word_1_140' title='bbox 673 1555 732 1614; x_wconf 83' lang='lat' dir='ltr'>Sed</span> <span class='ocrx_word' id='word_1_141' title='bbox 752 1555 840 1613; x_wconf 86' lang='lat' dir='ltr'>fuisse</span> <span class='ocrx_word' id='word_1_142' title='bbox 861 1574 924 1612; x_wconf 89' lang='lat' dir='ltr'>earu</span> <span class='ocrx_word' id='word_1_143' title='bbox 936 1575 1049 1614; x_wconf 89' lang='lat' dir='ltr'>omnem</span> <span class='ocrx_word' id='word_1_144' title='bbox 1065 1555 1223 1626; x_wconf 90' lang='lat' dir='ltr'>scientiam,</span> <span class='ocrx_word' id='word_1_145' title='bbox 1239 1573 1303 1630; x_wconf 87' lang='lat' dir='ltr'>quae</span> <span class='ocrx_word' id='word_1_146' title='bbox 1318 1554 1355 1611; x_wconf 90' lang='lat' dir='ltr'>ad</span> <span class='ocrx_word' id='word_1_147' title='bbox 1368 1554 1457 1614; x_wconf 89' lang='lat' dir='ltr'>ratio·</span> 
     </span>
     <span class='ocr_line' id='line_1_16' title="bbox 246 1633 1457 1712; baseline -0.002 -18"><span class='ocrx_word' id='word_1_148' title='bbox 246 1655 312 1694; x_wconf 88' lang='lat' dir='ltr'>nem</span> <span class='ocrx_word' id='word_1_149' title='bbox 329 1634 419 1694; x_wconf 91' lang='lat' dir='ltr'>Officii</span> <span class='ocrx_word' id='word_1_150' title='bbox 438 1635 601 1693; x_wconf 83' lang='lat' dir='ltr'>Mediatorii</span> <span class='ocrx_word' id='word_1_151' title='bbox 623 1635 765 1711; x_wconf 88' lang='lat' dir='ltr'>pertinere</span> <span class='ocrx_word' id='word_1_152' title='bbox 785 1635 888 1712; x_wconf 88' lang='lat' dir='ltr'>potuit,</span> <span class='ocrx_word' id='word_1_153' title='bbox 904 1655 969 1711; x_wconf 79' lang='lat' dir='ltr'>qua</span> <span class='ocrx_word' id='word_1_154' title='bbox 983 1635 1100 1692; x_wconf 90' lang='lat' dir='ltr'>omnino</span> <span class='ocrx_word' id='word_1_155' title='bbox 1114 1633 1285 1692; x_wconf 86' lang='lat' dir='ltr'>eminentior</span> <span class='ocrx_word' id='word_1_156' title='bbox 1295 1633 1349 1692; x_wconf 82' lang='lat' dir='ltr'>suit</span> <span class='ocrx_word' id='word_1_157' title='bbox 1363 1635 1457 1693; x_wconf 90' lang='lat' dir='ltr'>scien·</span> 
     </span>
     <span class='ocr_line' id='line_1_17' title="bbox 246 1709 1459 1791; baseline 0.001 -18"><span class='ocrx_word' id='word_1_158' title='bbox 246 1716 288 1774; x_wconf 89' lang='lat' dir='ltr'>tia</span> <span class='ocrx_word' id='word_1_159' title='bbox 301 1715 448 1773; x_wconf 92' lang='lat' dir='ltr'>hominum</span> <span class='ocrx_word' id='word_1_160' title='bbox 465 1722 494 1773; x_wconf 93' lang='lat' dir='ltr'>et</span> <span class='ocrx_word' id='word_1_161' title='bbox 511 1714 700 1790; x_wconf 79' lang='lat' dir='ltr'>Angelorum.</span> <span class='ocrx_word' id='word_1_162' title='bbox 717 1714 803 1773; x_wconf 83' lang='lat' dir='ltr'>Adde</span> <span class='ocrx_word' id='word_1_163' title='bbox 819 1709 905 1791; x_wconf 73' lang='lat' dir='ltr'>quod,</span> <span class='ocrx_word' id='word_1_164' title='bbox 922 1724 954 1773; x_wconf 90' lang='lat' dir='ltr'>ut</span> <span class='ocrx_word' id='word_1_165' title='bbox 969 1715 1039 1773; x_wconf 93' lang='lat' dir='ltr'>alibi</span> <span class='ocrx_word' id='word_1_166' title='bbox 1053 1715 1156 1788; x_wconf 84' lang='lat' dir='ltr'>visum,</span> <span class='ocrx_word' id='word_1_167' title='bbox 1172 1713 1228 1771; x_wconf 90' lang='lat' dir='ltr'>hoc</span> <span class='ocrx_word' id='word_1_168' title='bbox 1243 1723 1337 1789; x_wconf 89' lang='lat' dir='ltr'>potest</span> <span class='ocrx_word' id='word_1_169' title='bbox 1348 1715 1459 1790; x_wconf 83' lang='lat' dir='ltr'>optime</span> 
     </span>
     <span class='ocr_line' id='line_1_18' title="bbox 245 1793 1460 1872; baseline -0.001 -19"><span class='ocrx_word' id='word_1_170' title='bbox 245 1795 346 1854; x_wconf 87' lang='lat' dir='ltr'>referri</span> <span class='ocrx_word' id='word_1_171' title='bbox 374 1796 422 1852; x_wconf 88' lang='lat' dir='ltr'>vel</span> <span class='ocrx_word' id='word_1_172' title='bbox 444 1794 481 1852; x_wconf 91' lang='lat' dir='ltr'>ad</span> <span class='ocrx_word' id='word_1_173' title='bbox 503 1814 655 1872; x_wconf 88' lang='lat' dir='ltr'>personam</span> <span class='ocrx_word' id='word_1_174' title='bbox 681 1794 797 1870; x_wconf 82' lang='lat' dir='ltr'>Christi,</span> <span class='ocrx_word' id='word_1_175' title='bbox 827 1794 875 1852; x_wconf 85' lang='lat' dir='ltr'>vel</span> <span class='ocrx_word' id='word_1_176' title='bbox 902 1793 941 1852; x_wconf 88' lang='lat' dir='ltr'>ad</span> <span class='ocrx_word' id='word_1_177' title='bbox 962 1793 1165 1870; x_wconf 85' lang='lat' dir='ltr'>Evangelium,</span> <span class='ocrx_word' id='word_1_178' title='bbox 1188 1793 1224 1851; x_wconf 88' lang='lat' dir='ltr'>de</span> <span class='ocrx_word' id='word_1_179' title='bbox 1246 1813 1303 1868; x_wconf 88' lang='lat' dir='ltr'>quo</span> <span class='ocrx_word' id='word_1_180' title='bbox 1323 1795 1460 1870; x_wconf 88' lang='lat' dir='ltr'>proxime</span> 
     </span>
     <span class='ocr_line' id='line_1_19' title="bbox 246 1873 471 1933; baseline -0.004 0"><span class='ocrx_word' id='word_1_181' title='bbox 246 1873 471 1933; x_wconf 87' lang='lat' dir='ltr'>locutusfuerat.</span> 
     </span>
    </p>

    <p class='ocr_par' dir='ltr' id='par_1_6' title="bbox 243 1953 1461 2904">
     <span class='ocr_line' id='line_1_20' title="bbox 289 1953 1460 2032; baseline 0.002 -21"><span class='ocrx_word' id='word_1_182' title='bbox 289 1954 349 2012; x_wconf 91' lang='lat' dir='ltr'>IX.</span> <span class='ocrx_word' id='word_1_183' title='bbox 372 1954 504 2012; x_wconf 90' lang='lat' dir='ltr'>Christus</span> <span class='ocrx_word' id='word_1_184' title='bbox 518 1964 551 2014; x_wconf 90' lang='lat' dir='ltr'>ut</span> <span class='ocrx_word' id='word_1_185' title='bbox 562 1955 655 2014; x_wconf 90' lang='lat' dir='ltr'>Filius</span> <span class='ocrx_word' id='word_1_186' title='bbox 672 1956 726 2014; x_wconf 93' lang='lat' dir='ltr'>Dei</span> <span class='ocrx_word' id='word_1_187' title='bbox 741 1955 778 2013; x_wconf 88' lang='lat' dir='ltr'>ad</span> <span class='ocrx_word' id='word_1_188' title='bbox 792 1955 888 2014; x_wconf 88' lang='lat' dir='ltr'>omnia</span> <span class='ocrx_word' id='word_1_189' title='bbox 898 1955 975 2012; x_wconf 89' lang='lat' dir='ltr'>bona</span> <span class='ocrx_word' id='word_1_190' title='bbox 995 1962 1116 2032; x_wconf 87' lang='lat' dir='ltr'>patema</span> <span class='ocrx_word' id='word_1_191' title='bbox 1129 1953 1240 2030; x_wconf 89' lang='lat' dir='ltr'>abipsa</span> <span class='ocrx_word' id='word_1_192' title='bbox 1255 1954 1460 2013; x_wconf 82' lang='lat' dir='ltr'>Incarnatione</span> 
     </span>
     <span class='ocr_line' id='line_1_21' title="bbox 243 2033 1461 2112; baseline -0.002 -20"><span class='ocrx_word' id='word_1_193' title='bbox 243 2035 293 2112; x_wconf 89' lang='lat' dir='ltr'>jus</span> <span class='ocrx_word' id='word_1_194' title='bbox 307 2034 416 2108; x_wconf 89' lang='lat' dir='ltr'>habuit,</span> <span class='ocrx_word' id='word_1_195' title='bbox 430 2033 480 2092; x_wconf 88' lang='lat' dir='ltr'>sed</span> <span class='ocrx_word' id='word_1_196' title='bbox 494 2035 675 2110; x_wconf 86' lang='lat' dir='ltr'>possessione</span> <span class='ocrx_word' id='word_1_197' title='bbox 690 2035 870 2111; x_wconf 87' lang='lat' dir='ltr'>quorundam</span> <span class='ocrx_word' id='word_1_198' title='bbox 885 2055 923 2092; x_wconf 89' lang='lat' dir='ltr'>ex</span> <span class='ocrx_word' id='word_1_199' title='bbox 938 2035 1101 2092; x_wconf 90' lang='lat' dir='ltr'>voluntaria</span> <span class='ocrx_word' id='word_1_200' title='bbox 1111 2034 1325 2109; x_wconf 77' lang='lat' dir='ltr'>dispensatione</span> <span class='ocrx_word' id='word_1_201' title='bbox 1336 2033 1373 2090; x_wconf 91' lang='lat' dir='ltr'>ad</span> <span class='ocrx_word' id='word_1_202' title='bbox 1384 2042 1461 2092; x_wconf 86' lang='lat' dir='ltr'>tern-</span> 
     </span>
     <span class='ocr_line' id='line_1_22' title="bbox 247 2113 1461 2191; baseline 0 -20"><span class='ocrx_word' id='word_1_203' title='bbox 247 2134 302 2190; x_wconf 90' lang='lat' dir='ltr'>pus</span> <span class='ocrx_word' id='word_1_204' title='bbox 318 2133 413 2171; x_wconf 88' lang='lat' dir='ltr'>carere</span> <span class='ocrx_word' id='word_1_205' title='bbox 428 2114 530 2188; x_wconf 88' lang='lat' dir='ltr'>potuit.</span> <span class='ocrx_word' id='word_1_206' title='bbox 575 2114 683 2173; x_wconf 89' lang='lat' dir='ltr'>Debuit</span> <span class='ocrx_word' id='word_1_207' title='bbox 698 2135 766 2173; x_wconf 89' lang='lat' dir='ltr'>sane</span> <span class='ocrx_word' id='word_1_208' title='bbox 780 2115 884 2191; x_wconf 89' lang='lat' dir='ltr'>repleri</span> <span class='ocrx_word' id='word_1_209' title='bbox 899 2114 1033 2172; x_wconf 89' lang='lat' dir='ltr'>omnibus</span> <span class='ocrx_word' id='word_1_210' title='bbox 1047 2114 1131 2171; x_wconf 90' lang='lat' dir='ltr'>donis</span> <span class='ocrx_word' id='word_1_211' title='bbox 1145 2113 1183 2170; x_wconf 90' lang='lat' dir='ltr'>ad</span> <span class='ocrx_word' id='word_1_212' title='bbox 1198 2113 1328 2170; x_wconf 83' lang='lat' dir='ltr'>Muneris</span> <span class='ocrx_word' id='word_1_213' title='bbox 1344 2113 1461 2171; x_wconf 87' lang='lat' dir='ltr'>Media-</span> 
     </span>
     <span class='ocr_line' id='line_1_23' title="bbox 247 2191 1461 2268; baseline 0.001 -17"><span class='ocrx_word' id='word_1_214' title='bbox 247 2193 313 2251; x_wconf 90' lang='lat' dir='ltr'>torii</span> <span class='ocrx_word' id='word_1_215' title='bbox 333 2192 610 2250; x_wconf 80' lang='lat' dir='ltr'>administrationem</span> <span class='ocrx_word' id='word_1_216' title='bbox 624 2195 794 2253; x_wconf 89' lang='lat' dir='ltr'>necessariis</span> <span class='ocrx_word' id='word_1_217' title='bbox 810 2217 817 2267; x_wconf 85' lang='grc'><strong>;</strong></span> <span class='ocrx_word' id='word_1_218' title='bbox 840 2195 950 2253; x_wconf 89' lang='lat' dir='ltr'>Verum</span> <span class='ocrx_word' id='word_1_219' title='bbox 966 2213 1018 2252; x_wconf 90' lang='lat' dir='ltr'>suo</span> <span class='ocrx_word' id='word_1_220' title='bbox 1033 2193 1132 2251; x_wconf 91' lang='lat' dir='ltr'>ordine</span> <span class='ocrx_word' id='word_1_221' title='bbox 1147 2201 1176 2250; x_wconf 93' lang='lat' dir='ltr'>ct</span> <span class='ocrx_word' id='word_1_222' title='bbox 1191 2192 1283 2268; x_wconf 85' lang='lat' dir='ltr'>gradu</span> <span class='ocrx_word' id='word_1_223' title='bbox 1298 2191 1461 2252; x_wconf 86' lang='lat' dir='ltr'>secundum</span> 
     </span>
     <span class='ocr_line' id='line_1_24' title="bbox 247 2270 1460 2350; baseline 0.001 -20"><span class='ocrx_word' id='word_1_224' title='bbox 247 2273 436 2330; x_wconf 89' lang='lat' dir='ltr'>oeconomiam</span> <span class='ocrx_word' id='word_1_225' title='bbox 461 2270 620 2330; x_wconf 83' lang='lat' dir='ltr'>voluntatis</span> <span class='ocrx_word' id='word_1_226' title='bbox 644 2273 759 2332; x_wconf 70' lang='lat' dir='ltr'>divinae.</span> <span class='ocrx_word' id='word_1_227' title='bbox 803 2274 911 2333; x_wconf 88' lang='lat' dir='ltr'>Unctio</span> <span class='ocrx_word' id='word_1_228' title='bbox 926 2273 1002 2332; x_wconf 87' lang='lat' dir='ltr'>facta</span> <span class='ocrx_word' id='word_1_229' title='bbox 1015 2273 1132 2350; x_wconf 89' lang='lat' dir='ltr'>quidem</span> <span class='ocrx_word' id='word_1_230' title='bbox 1146 2280 1191 2330; x_wconf 89' lang='lat' dir='ltr'>cst</span> <span class='ocrx_word' id='word_1_231' title='bbox 1205 2272 1241 2331; x_wconf 88' lang='lat' dir='ltr'>ab</span> <span class='ocrx_word' id='word_1_232' title='bbox 1256 2271 1318 2349; x_wconf 91' lang='lat' dir='ltr'>ipso</span> <span class='ocrx_word' id='word_1_233' title='bbox 1333 2290 1460 2350; x_wconf 91' lang='lat' dir='ltr'>concep-</span> 
     </span>
     <span class='ocr_line' id='line_1_25' title="bbox 247 2351 1460 2429; baseline 0.002 -20"><span class='ocrx_word' id='word_1_234' title='bbox 247 2351 335 2410; x_wconf 89' lang='lat' dir='ltr'>tionis</span> <span class='ocrx_word' id='word_1_235' title='bbox 356 2359 510 2424; x_wconf 89' lang='lat' dir='ltr'>momento,</span> <span class='ocrx_word' id='word_1_236' title='bbox 531 2351 581 2408; x_wconf 86' lang='lat' dir='ltr'>sed</span> <span class='ocrx_word' id='word_1_237' title='bbox 604 2353 666 2429; x_wconf 85' lang='lat' dir='ltr'>ejus</span> <span class='ocrx_word' id='word_1_238' title='bbox 687 2353 831 2411; x_wconf 89' lang='lat' dir='ltr'>unctionis</span> <span class='ocrx_word' id='word_1_239' title='bbox 853 2362 934 2411; x_wconf 90' lang='lat' dir='ltr'>actus</span> <span class='ocrx_word' id='word_1_240' title='bbox 956 2353 1113 2429; x_wconf 90' lang='lat' dir='ltr'>dispensati</span> <span class='ocrx_word' id='word_1_241' title='bbox 1136 2361 1203 2410; x_wconf 89' lang='lat' dir='ltr'>sunt</span> <span class='ocrx_word' id='word_1_242' title='bbox 1222 2371 1273 2428; x_wconf 89' lang='lat' dir='ltr'>per</span> <span class='ocrx_word' id='word_1_243' title='bbox 1294 2360 1460 2429; x_wconf 87' lang='lat' dir='ltr'>temporum</span> 
     </span>
     <span class='ocr_line' id='line_1_26' title="bbox 248 2431 1458 2508; baseline 0.002 -20"><span class='ocrx_word' id='word_1_244' title='bbox 248 2440 401 2502; x_wconf 89' lang='lat' dir='ltr'>momenta,</span> <span class='ocrx_word' id='word_1_245' title='bbox 409 2439 441 2489; x_wconf 90' lang='lat' dir='ltr'>ut</span> <span class='ocrx_word' id='word_1_246' title='bbox 450 2438 479 2489; x_wconf 89' lang='lat' dir='ltr'>et</span> <span class='ocrx_word' id='word_1_247' title='bbox 490 2450 540 2506; x_wconf 93' lang='lat' dir='ltr'>per</span> <span class='ocrx_word' id='word_1_248' title='bbox 549 2431 663 2507; x_wconf 88' lang='lat' dir='ltr'>objecta</span> <span class='ocrx_word' id='word_1_249' title='bbox 676 2432 772 2490; x_wconf 87' lang='lat' dir='ltr'>varia:</span> <span class='ocrx_word' id='word_1_250' title='bbox 787 2441 819 2490; x_wconf 93' lang='lat' dir='ltr'>ut</span> <span class='ocrx_word' id='word_1_251' title='bbox 830 2441 934 2490; x_wconf 88' lang='lat' dir='ltr'>natura</span> <span class='ocrx_word' id='word_1_252' title='bbox 948 2432 1048 2489; x_wconf 89' lang='lat' dir='ltr'>divina</span> <span class='ocrx_word' id='word_1_253' title='bbox 1057 2432 1087 2490; x_wconf 90' lang='lat' dir='ltr'>in</span> <span class='ocrx_word' id='word_1_254' title='bbox 1097 2431 1211 2491; x_wconf 88' lang='lat' dir='ltr'>Christo</span> <span class='ocrx_word' id='word_1_255' title='bbox 1226 2431 1318 2508; x_wconf 90' lang='lat' dir='ltr'>primo</span> <span class='ocrx_word' id='word_1_256' title='bbox 1333 2433 1458 2508; x_wconf 88' lang='lat' dir='ltr'>compri-</span> 
     </span>
     <span class='ocr_line' id='line_1_27' title="bbox 247 2509 1460 2588; baseline 0.002 -20"><span class='ocrx_word' id='word_1_257' title='bbox 247 2511 345 2570; x_wconf 90' lang='lat' dir='ltr'>mebat</span> <span class='ocrx_word' id='word_1_258' title='bbox 368 2509 551 2587; x_wconf 89' lang='lat' dir='ltr'>aliquomodo</span> <span class='ocrx_word' id='word_1_259' title='bbox 572 2511 752 2586; x_wconf 88' lang='lat' dir='ltr'>majestatem</span> <span class='ocrx_word' id='word_1_260' title='bbox 768 2531 858 2584; x_wconf 89' lang='lat' dir='ltr'>suam,</span> <span class='ocrx_word' id='word_1_261' title='bbox 875 2519 903 2570; x_wconf 91' lang='lat' dir='ltr'>et</span> <span class='ocrx_word' id='word_1_262' title='bbox 924 2511 1005 2569; x_wconf 91' lang='lat' dir='ltr'>illam</span> <span class='ocrx_word' id='word_1_263' title='bbox 1026 2512 1109 2588; x_wconf 89' lang='lat' dir='ltr'>quasi</span> <span class='ocrx_word' id='word_1_264' title='bbox 1130 2511 1293 2569; x_wconf 83' lang='lat' dir='ltr'>occultabat</span> <span class='ocrx_word' id='word_1_265' title='bbox 1321 2511 1375 2569; x_wconf 91' lang='lat' dir='ltr'>sub</span> <span class='ocrx_word' id='word_1_266' title='bbox 1390 2512 1460 2572; x_wconf 90' lang='lat' dir='ltr'>velo</span> 
     </span>
     <span class='ocr_line' id='line_1_28' title="bbox 249 2590 1458 2668; baseline 0.002 -19"><span class='ocrx_word' id='word_1_267' title='bbox 249 2591 359 2665; x_wconf 86' lang='lat' dir='ltr'>Carnis,</span> <span class='ocrx_word' id='word_1_268' title='bbox 375 2610 461 2667; x_wconf 91' lang='lat' dir='ltr'>quam</span> <span class='ocrx_word' id='word_1_269' title='bbox 472 2597 573 2667; x_wconf 90' lang='lat' dir='ltr'>postea</span> <span class='ocrx_word' id='word_1_270' title='bbox 587 2590 691 2649; x_wconf 89' lang='lat' dir='ltr'>clarius</span> <span class='ocrx_word' id='word_1_271' title='bbox 706 2592 819 2650; x_wconf 85' lang='lat' dir='ltr'>exeruit</span> <span class='ocrx_word' id='word_1_272' title='bbox 832 2591 863 2648; x_wconf 88' lang='lat' dir='ltr'>in</span> <span class='ocrx_word' id='word_1_273' title='bbox 877 2591 1062 2650; x_wconf 89' lang='lat' dir='ltr'>exaltatione.</span> <span class='ocrx_word' id='word_1_274' title='bbox 1095 2591 1143 2649; x_wconf 83' lang='lat' dir='ltr'>Sic</span> <span class='ocrx_word' id='word_1_275' title='bbox 1160 2590 1283 2668; x_wconf 81' lang='lat' dir='ltr'>Spiritus</span> <span class='ocrx_word' id='word_1_276' title='bbox 1297 2591 1458 2668; x_wconf 80' lang='lat' dir='ltr'>sapientiae,</span> 
     </span>
     <span class='ocr_line' id='line_1_29' title="bbox 248 2669 1460 2747; baseline 0.002 -19"><span class='ocrx_word' id='word_1_277' title='bbox 248 2691 305 2747; x_wconf 93' lang='lat' dir='ltr'>quo</span> <span class='ocrx_word' id='word_1_278' title='bbox 327 2680 431 2729; x_wconf 90' lang='lat' dir='ltr'>unctus</span> <span class='ocrx_word' id='word_1_279' title='bbox 450 2678 502 2742; x_wconf 89' lang='lat' dir='ltr'>est,</span> <span class='ocrx_word' id='word_1_280' title='bbox 519 2671 672 2730; x_wconf 87' lang='lat' dir='ltr'>cohibebat</span> <span class='ocrx_word' id='word_1_281' title='bbox 686 2680 768 2729; x_wconf 88' lang='lat' dir='ltr'>actus</span> <span class='ocrx_word' id='word_1_282' title='bbox 783 2690 859 2744; x_wconf 91' lang='lat' dir='ltr'>suos,</span> <span class='ocrx_word' id='word_1_283' title='bbox 874 2691 928 2728; x_wconf 91' lang='lat' dir='ltr'>nec</span> <span class='ocrx_word' id='word_1_284' title='bbox 942 2671 1039 2729; x_wconf 91' lang='lat' dir='ltr'>statim</span> <span class='ocrx_word' id='word_1_285' title='bbox 1054 2670 1150 2728; x_wconf 88' lang='lat' dir='ltr'>radios</span> <span class='ocrx_word' id='word_1_286' title='bbox 1165 2689 1232 2728; x_wconf 91' lang='lat' dir='ltr'>suos</span> <span class='ocrx_word' id='word_1_287' title='bbox 1245 2669 1412 2746; x_wconf 88' lang='lat' dir='ltr'>plenissime</span> <span class='ocrx_word' id='word_1_288' title='bbox 1427 2672 1460 2730; x_wconf 92' lang='lat' dir='ltr'>in</span> 
     </span>
     <span class='ocr_line' id='line_1_30' title="bbox 248 2749 1459 2828; baseline 0.001 -20"><span class='ocrx_word' id='word_1_289' title='bbox 248 2750 427 2809; x_wconf 90' lang='lat' dir='ltr'>intellectum</span> <span class='ocrx_word' id='word_1_290' title='bbox 448 2749 555 2808; x_wconf 88' lang='lat' dir='ltr'>Christi</span> <span class='ocrx_word' id='word_1_291' title='bbox 574 2749 685 2809; x_wconf 82' lang='lat' dir='ltr'>effudit.</span> <span class='ocrx_word' id='word_1_292' title='bbox 729 2750 815 2810; x_wconf 89' lang='lat' dir='ltr'>Unde</span> <span class='ocrx_word' id='word_1_293' title='bbox 836 2751 904 2808; x_wconf 91' lang='lat' dir='ltr'>licet</span> <span class='ocrx_word' id='word_1_294' title='bbox 918 2751 1114 2826; x_wconf 86' lang='lat' dir='ltr'>plenissimam</span> <span class='ocrx_word' id='word_1_295' title='bbox 1129 2749 1187 2808; x_wconf 91' lang='lat' dir='ltr'>imo</span> <span class='ocrx_word' id='word_1_296' title='bbox 1201 2749 1341 2808; x_wconf 89' lang='lat' dir='ltr'>infinitam</span> <span class='ocrx_word' id='word_1_297' title='bbox 1358 2753 1459 2828; x_wconf 88' lang='lat' dir='ltr'>cogni·</span> 
     </span>
     <span class='ocr_line' id='line_1_31' title="bbox 247 2829 1355 2904; baseline -0.002 -15"><span class='ocrx_word' id='word_1_298' title='bbox 247 2831 355 2890; x_wconf 90' lang='lat' dir='ltr'>tionem</span> <span class='ocrx_word' id='word_1_299' title='bbox 368 2831 494 2904; x_wconf 89' lang='lat' dir='ltr'>haberet,</span> <span class='ocrx_word' id='word_1_300' title='bbox 510 2849 568 2887; x_wconf 90' lang='lat' dir='ltr'>non</span> <span class='ocrx_word' id='word_1_301' title='bbox 582 2838 678 2888; x_wconf 89' lang='lat' dir='ltr'>tamen</span> <span class='ocrx_word' id='word_1_302' title='bbox 696 2851 759 2888; x_wconf 91' lang='lat' dir='ltr'>eam</span> <span class='ocrx_word' id='word_1_303' title='bbox 775 2839 864 2888; x_wconf 90' lang='lat' dir='ltr'>totam</span> <span class='ocrx_word' id='word_1_304' title='bbox 877 2831 990 2889; x_wconf 90' lang='lat' dir='ltr'>Christo</span> <span class='ocrx_word' id='word_1_305' title='bbox 999 2829 1109 2888; x_wconf 90' lang='lat' dir='ltr'>homini</span> <span class='ocrx_word' id='word_1_306' title='bbox 1123 2829 1355 2888; x_wconf 88' lang='lat' dir='ltr'>communicavit.</span> 
     </span>
    </p>

    <p class='ocr_par' dir='ltr' id='par_1_7' title="bbox 248 2908 1459 3463">
     <span class='ocr_line' id='line_1_32' title="bbox 289 2908 1458 2986; baseline -0.001 -17"><span class='ocrx_word' id='word_1_307' title='bbox 289 2911 332 2969; x_wconf 92' lang='lat' dir='ltr'>X.</span> <span class='ocrx_word' id='word_1_308' title='bbox 355 2910 406 2968; x_wconf 86' lang='lat' dir='ltr'>Ad</span> <span class='ocrx_word' id='word_1_309' title='bbox 419 2911 505 2968; x_wconf 90' lang='lat' dir='ltr'>finem</span> <span class='ocrx_word' id='word_1_310' title='bbox 521 2910 731 2969; x_wconf 89' lang='lat' dir='ltr'>lucarnationis</span> <span class='ocrx_word' id='word_1_311' title='bbox 746 2910 856 2986; x_wconf 92' lang='lat' dir='ltr'>aliquid</span> <span class='ocrx_word' id='word_1_312' title='bbox 866 2917 962 2986; x_wconf 91' lang='lat' dir='ltr'>potest</span> <span class='ocrx_word' id='word_1_313' title='bbox 977 2909 1136 2968; x_wconf 87' lang='lat' dir='ltr'>conducere</span> <span class='ocrx_word' id='word_1_314' title='bbox 1152 2909 1312 2986; x_wconf 89' lang='lat' dir='ltr'>dupliciter,</span> <span class='ocrx_word' id='word_1_315' title='bbox 1328 2908 1385 2966; x_wconf 90' lang='lat' dir='ltr'>Vel</span> <span class='ocrx_word' id='word_1_316' title='bbox 1399 2931 1458 2968; x_wconf 84' lang='lat' dir='ltr'>ure·</span> 
     </span>
     <span class='ocr_line' id='line_1_33' title="bbox 248 2987 1457 3066; baseline -0.002 -17"><span class='ocrx_word' id='word_1_317' title='bbox 248 2992 324 3050; x_wconf 86' lang='lat' dir='ltr'>diate</span> <span class='ocrx_word' id='word_1_318' title='bbox 345 2999 373 3050; x_wconf 90' lang='lat' dir='ltr'>et</span> <span class='ocrx_word' id='word_1_319' title='bbox 388 2990 531 3049; x_wconf 90' lang='lat' dir='ltr'>communi</span> <span class='ocrx_word' id='word_1_320' title='bbox 546 2990 665 3066; x_wconf 90' lang='lat' dir='ltr'>ratione,</span> <span class='ocrx_word' id='word_1_321' title='bbox 681 2991 730 3049; x_wconf 86' lang='lat' dir='ltr'>vel</span> <span class='ocrx_word' id='word_1_322' title='bbox 744 2991 902 3048; x_wconf 86' lang='lat' dir='ltr'>immediate</span> <span class='ocrx_word' id='word_1_323' title='bbox 916 2991 1025 3048; x_wconf 89' lang='lat' dir='ltr'>ratione</span> <span class='ocrx_word' id='word_1_324' title='bbox 1042 2989 1190 3065; x_wconf 78' lang='lat' dir='ltr'>singulari.</span> <span class='ocrx_word' id='word_1_325' title='bbox 1221 2987 1358 3063; x_wconf 80' lang='lat' dir='ltr'>Quamvis</span> <span class='ocrx_word' id='word_1_326' title='bbox 1372 2988 1457 3064; x_wconf 90' lang='lat' dir='ltr'>igno·</span> 
     </span>
     <span class='ocr_line' id='line_1_34' title="bbox 248 3067 1459 3148; baseline 0 -21"><span class='ocrx_word' id='word_1_327' title='bbox 248 3071 342 3129; x_wconf 90' lang='lat' dir='ltr'>rantia</span> <span class='ocrx_word' id='word_1_328' title='bbox 355 3071 494 3148; x_wconf 88' lang='lat' dir='ltr'>negativa</span> <span class='ocrx_word' id='word_1_329' title='bbox 509 3070 623 3146; x_wconf 89' lang='lat' dir='ltr'>Christi,</span> <span class='ocrx_word' id='word_1_330' title='bbox 640 3091 698 3128; x_wconf 91' lang='lat' dir='ltr'>non</span> <span class='ocrx_word' id='word_1_331' title='bbox 718 3070 861 3129; x_wconf 89' lang='lat' dir='ltr'>diceretur</span> <span class='ocrx_word' id='word_1_332' title='bbox 884 3070 963 3128; x_wconf 90' lang='lat' dir='ltr'>utilis</span> <span class='ocrx_word' id='word_1_333' title='bbox 983 3069 1071 3127; x_wconf 90' lang='lat' dir='ltr'>fuisse</span> <span class='ocrx_word' id='word_1_334' title='bbox 1093 3068 1130 3125; x_wconf 88' lang='lat' dir='ltr'>ad</span> <span class='ocrx_word' id='word_1_335' title='bbox 1146 3067 1356 3126; x_wconf 87' lang='lat' dir='ltr'>lucarnationis</span> <span class='ocrx_word' id='word_1_336' title='bbox 1369 3068 1459 3127; x_wconf 89' lang='lat' dir='ltr'>finem</span> 
     </span>
     <span class='ocr_line' id='line_1_35' title="bbox 249 3147 1459 3227; baseline 0 -19"><span class='ocrx_word' id='word_1_337' title='bbox 249 3151 434 3227; x_wconf 86' lang='lat' dir='ltr'>singulariter</span> <span class='ocrx_word' id='word_1_338' title='bbox 448 3159 476 3208; x_wconf 92' lang='lat' dir='ltr'>et</span> <span class='ocrx_word' id='word_1_339' title='bbox 495 3149 668 3224; x_wconf 90' lang='lat' dir='ltr'>immediate,</span> <span class='ocrx_word' id='word_1_340' title='bbox 686 3158 718 3209; x_wconf 94' lang='lat' dir='ltr'>ut</span> <span class='ocrx_word' id='word_1_341' title='bbox 737 3149 793 3208; x_wconf 88' lang='lat' dir='ltr'>fuit</span> <span class='ocrx_word' id='word_1_342' title='bbox 807 3150 969 3208; x_wconf 89' lang='lat' dir='ltr'>necessaria</span> <span class='ocrx_word' id='word_1_343' title='bbox 982 3169 1060 3206; x_wconf 89' lang='lat' dir='ltr'>mors</span> <span class='ocrx_word' id='word_1_344' title='bbox 1074 3156 1103 3206; x_wconf 89' lang='lat' dir='ltr'>ct</span> <span class='ocrx_word' id='word_1_345' title='bbox 1117 3147 1307 3223; x_wconf 87' lang='lat' dir='ltr'>resurrectio;</span> <span class='ocrx_word' id='word_1_346' title='bbox 1329 3149 1399 3206; x_wconf 90' lang='lat' dir='ltr'>satis</span> <span class='ocrx_word' id='word_1_347' title='bbox 1414 3158 1459 3208; x_wconf 89' lang='lat' dir='ltr'>est</span> 
     </span>
     <span class='ocr_line' id='line_1_36' title="bbox 249 3225 1458 3306; baseline 0 -19"><span class='ocrx_word' id='word_1_348' title='bbox 249 3230 328 3306; x_wconf 88' lang='lat' dir='ltr'>quod</span> <span class='ocrx_word' id='word_1_349' title='bbox 348 3229 434 3288; x_wconf 82' lang='lat' dir='ltr'>fuerit</span> <span class='ocrx_word' id='word_1_350' title='bbox 455 3230 521 3287; x_wconf 89' lang='lat' dir='ltr'>talis</span> <span class='ocrx_word' id='word_1_351' title='bbox 542 3229 666 3288; x_wconf 89' lang='lat' dir='ltr'>mediate</span> <span class='ocrx_word' id='word_1_352' title='bbox 686 3238 716 3288; x_wconf 91' lang='lat' dir='ltr'>et</span> <span class='ocrx_word' id='word_1_353' title='bbox 737 3231 882 3288; x_wconf 91' lang='lat' dir='ltr'>communi</span> <span class='ocrx_word' id='word_1_354' title='bbox 903 3230 1036 3300; x_wconf 88' lang='lat' dir='ltr'>ratione;</span> <span class='ocrx_word' id='word_1_355' title='bbox 1058 3237 1091 3286; x_wconf 92' lang='lat' dir='ltr'>ut</span> <span class='ocrx_word' id='word_1_356' title='bbox 1108 3227 1240 3285; x_wconf 92' lang='lat' dir='ltr'>Christus</span> <span class='ocrx_word' id='word_1_357' title='bbox 1254 3225 1413 3286; x_wconf 87' lang='lat' dir='ltr'>declararet</span> <span class='ocrx_word' id='word_1_358' title='bbox 1427 3247 1458 3287; x_wconf 84' lang='lat' dir='ltr'>se</span> 
     </span>
     <span class='ocr_line' id='line_1_37' title="bbox 248 3305 1457 3385; baseline 0.002 -21"><span class='ocrx_word' id='word_1_359' title='bbox 248 3327 316 3366; x_wconf 91' lang='lat' dir='ltr'>vere</span> <span class='ocrx_word' id='word_1_360' title='bbox 331 3309 499 3385; x_wconf 87' lang='lat' dir='ltr'>participem</span> <span class='ocrx_word' id='word_1_361' title='bbox 518 3315 628 3366; x_wconf 85' lang='lat' dir='ltr'>naturae</span> <span class='ocrx_word' id='word_1_362' title='bbox 655 3318 760 3367; x_wconf 85' lang='lat' dir='ltr'>nostrae</span> <span class='ocrx_word' id='word_1_363' title='bbox 776 3329 840 3367; x_wconf 93' lang='lat' dir='ltr'>cum</span> <span class='ocrx_word' id='word_1_364' title='bbox 862 3307 1078 3366; x_wconf 87' lang='lat' dir='ltr'>infirmitatibus</span> <span class='ocrx_word' id='word_1_365' title='bbox 1099 3307 1159 3366; x_wconf 87' lang='lat' dir='ltr'>suis</span> <span class='ocrx_word' id='word_1_366' title='bbox 1175 3305 1344 3374; x_wconf 71' lang='grc' dir='ltr'>ὶδιαβιιίπις.</span> <span class='ocrx_word' id='word_1_367' title='bbox 1368 3306 1457 3384; x_wconf 90' lang='lat' dir='ltr'>Igno·</span> 
     </span>
     <span class='ocr_line' id='line_1_38' title="bbox 248 3387 1246 3463; baseline 0 -19"><span class='ocrx_word' id='word_1_368' title='bbox 248 3387 342 3444; x_wconf 89' lang='lat' dir='ltr'>rantia</span> <span class='ocrx_word' id='word_1_369' title='bbox 363 3388 468 3463; x_wconf 89' lang='lat' dir='ltr'>quippe</span> <span class='ocrx_word' id='word_1_370' title='bbox 483 3387 539 3444; x_wconf 87' lang='lat' dir='ltr'>ista</span> <span class='ocrx_word' id='word_1_371' title='bbox 553 3395 598 3444; x_wconf 89' lang='lat' dir='ltr'>est</span> <span class='ocrx_word' id='word_1_372' title='bbox 607 3388 734 3445; x_wconf 90' lang='lat' dir='ltr'>conditio</span> <span class='ocrx_word' id='word_1_373' title='bbox 749 3407 863 3446; x_wconf 89' lang='lat' dir='ltr'>annexa</span> <span class='ocrx_word' id='word_1_374' title='bbox 874 3397 984 3446; x_wconf 78' lang='lat' dir='ltr'>naturae</span> <span class='ocrx_word' id='word_1_375' title='bbox 999 3396 1105 3445; x_wconf 79' lang='lat' dir='ltr'>nostrae</span> <span class='ocrx_word' id='word_1_376' title='bbox 1120 3388 1246 3445; x_wconf 89' lang='lat' dir='ltr'>animali.</span> 
     </span>
    </p>

    <p class='ocr_par' dir='ltr' id='par_1_8' title="bbox 247 3465 1458 3862">
     <span class='ocr_line' id='line_1_39' title="bbox 290 3465 1457 3544; baseline 0.002 -21"><span class='ocrx_word' id='word_1_377' title='bbox 290 3465 350 3524; x_wconf 90' lang='lat' dir='ltr'>XI.</span> <span class='ocrx_word' id='word_1_378' title='bbox 388 3467 540 3542; x_wconf 88' lang='lat' dir='ltr'>Perperam</span> <span class='ocrx_word' id='word_1_379' title='bbox 563 3467 705 3526; x_wconf 88' lang='lat' dir='ltr'>sententia</span> <span class='ocrx_word' id='word_1_380' title='bbox 725 3475 825 3526; x_wconf 90' lang='lat' dir='ltr'>nostra</span> <span class='ocrx_word' id='word_1_381' title='bbox 856 3467 1002 3526; x_wconf 84' lang='lat' dir='ltr'>confertur</span> <span class='ocrx_word' id='word_1_382' title='bbox 1030 3487 1096 3526; x_wconf 90' lang='lat' dir='ltr'>cnm</span> <span class='ocrx_word' id='word_1_383' title='bbox 1118 3467 1320 3544; x_wconf 72' lang='lat' dir='ltr'>Agnobtarum</span> <span class='ocrx_word' id='word_1_384' title='bbox 1345 3466 1457 3542; x_wconf 83' lang='lat' dir='ltr'>haeresi,</span> 
     </span>
     <span class='ocr_line' id='line_1_40' title="bbox 249 3545 1458 3624; baseline 0.001 -21"><span class='ocrx_word' id='word_1_385' title='bbox 249 3565 314 3603; x_wconf 89' lang='lat' dir='ltr'>cum</span> <span class='ocrx_word' id='word_1_386' title='bbox 329 3545 402 3602; x_wconf 90' lang='lat' dir='ltr'>nihil</span> <span class='ocrx_word' id='word_1_387' title='bbox 416 3545 500 3602; x_wconf 88' lang='lat' dir='ltr'>nobis</span> <span class='ocrx_word' id='word_1_388' title='bbox 515 3546 553 3603; x_wconf 91' lang='lat' dir='ltr'>sit</span> <span class='ocrx_word' id='word_1_389' title='bbox 567 3565 718 3605; x_wconf 90' lang='lat' dir='ltr'>commune</span> <span class='ocrx_word' id='word_1_390' title='bbox 733 3567 797 3605; x_wconf 92' lang='lat' dir='ltr'>cum</span> <span class='ocrx_word' id='word_1_391' title='bbox 808 3546 876 3620; x_wconf 88' lang='lat' dir='ltr'>illis,</span> <span class='ocrx_word' id='word_1_392' title='bbox 887 3547 937 3624; x_wconf 93' lang='lat' dir='ltr'>qui</span> <span class='ocrx_word' id='word_1_393' title='bbox 948 3547 1141 3624; x_wconf 87' lang='lat' dir='ltr'>ignorantiam</span> <span class='ocrx_word' id='word_1_394' title='bbox 1152 3546 1260 3621; x_wconf 89' lang='lat' dir='ltr'>Verbo,</span> <span class='ocrx_word' id='word_1_395' title='bbox 1272 3547 1333 3605; x_wconf 86' lang='lat' dir='ltr'>sive</span> <span class='ocrx_word' id='word_1_396' title='bbox 1343 3546 1458 3606; x_wconf 88' lang='lat' dir='ltr'>Christo</span> 
     </span>
     <span class='ocr_line' id='line_1_41' title="bbox 249 3624 1456 3703; baseline 0 -21"><span class='ocrx_word' id='word_1_397' title='bbox 249 3644 307 3702; x_wconf 91' lang='lat' dir='ltr'>qua</span> <span class='ocrx_word' id='word_1_398' title='bbox 332 3625 412 3683; x_wconf 91' lang='lat' dir='ltr'>Deus</span> <span class='ocrx_word' id='word_1_399' title='bbox 436 3632 481 3683; x_wconf 89' lang='lat' dir='ltr'>est</span> <span class='ocrx_word' id='word_1_400' title='bbox 505 3625 678 3700; x_wconf 89' lang='lat' dir='ltr'>tribuebant,</span> <span class='ocrx_word' id='word_1_401' title='bbox 690 3636 723 3684; x_wconf 91' lang='lat' dir='ltr'>ut</span> <span class='ocrx_word' id='word_1_402' title='bbox 738 3625 827 3703; x_wconf 86' lang='lat' dir='ltr'>Alph.</span> <span class='ocrx_word' id='word_1_403' title='bbox 844 3646 861 3683; x_wconf 90' lang='lat' dir='ltr'>a</span> <span class='ocrx_word' id='word_1_404' title='bbox 876 3627 977 3685; x_wconf 91' lang='lat' dir='ltr'>Castro</span> <span class='ocrx_word' id='word_1_405' title='bbox 991 3627 1041 3684; x_wconf 92' lang='lat' dir='ltr'>lib.</span> <span class='ocrx_word' id='word_1_406' title='bbox 1057 3629 1084 3684; x_wconf 82' lang='lat'>5.</span> <span class='ocrx_word' id='word_1_407' title='bbox 1105 3625 1217 3686; x_wconf 88' lang='lat' dir='ltr'>advers.</span> <span class='ocrx_word' id='word_1_408' title='bbox 1241 3627 1373 3700; x_wconf 86' lang='lat' dir='ltr'>haereses,</span> <span class='ocrx_word' id='word_1_409' title='bbox 1389 3624 1456 3683; x_wconf 82' lang='lat' dir='ltr'>haer.</span> 
     </span>
     <span class='ocr_line' id='line_1_42' title="bbox 249 3703 1458 3783; baseline 0 -20"><span class='ocrx_word' id='word_1_410' title='bbox 249 3707 277 3764; x_wconf 87' lang='grc'>8.</span> <span class='ocrx_word' id='word_1_411' title='bbox 292 3713 388 3780; x_wconf 85' lang='lat' dir='ltr'>notat;</span> <span class='ocrx_word' id='word_1_412' title='bbox 412 3705 451 3762; x_wconf 88' lang='lat' dir='ltr'>Et</span> <span class='ocrx_word' id='word_1_413' title='bbox 463 3704 533 3762; x_wconf 91' lang='lat' dir='ltr'>lsid.</span> <span class='ocrx_word' id='word_1_414' title='bbox 547 3703 627 3782; x_wconf 90' lang='lat' dir='ltr'>Orig.</span> <span class='ocrx_word' id='word_1_415' title='bbox 642 3706 692 3764; x_wconf 90' lang='lat' dir='ltr'>lib.</span> <span class='ocrx_word' id='word_1_416' title='bbox 707 3706 769 3765; x_wconf 87' lang='lat' dir='ltr'>viii.</span> <span class='ocrx_word' id='word_1_417' title='bbox 786 3708 888 3782; x_wconf 80' lang='lat' dir='ltr'>caph.</span> <span class='ocrx_word' id='word_1_418' title='bbox 906 3705 992 3765; x_wconf 90' lang='lat' dir='ltr'>Unde</span> <span class='ocrx_word' id='word_1_419' title='bbox 1008 3706 1129 3783; x_wconf 87' lang='lat' dir='ltr'>Niceph.</span> <span class='ocrx_word' id='word_1_420' title='bbox 1144 3706 1194 3764; x_wconf 95' lang='lat' dir='ltr'>lib.</span> <span class='ocrx_word' id='word_1_421' title='bbox 1207 3705 1258 3763; x_wconf 84' lang='lat' dir='ltr'>xii.</span> <span class='ocrx_word' id='word_1_422' title='bbox 1277 3726 1302 3762; x_wconf 89' lang='lat' dir='ltr'>c.</span> <span class='ocrx_word' id='word_1_423' title='bbox 1313 3708 1361 3779; x_wconf 89' lang='lat'>30,</span> <span class='ocrx_word' id='word_1_424' title='bbox 1371 3703 1458 3764; x_wconf 84' lang='lat' dir='ltr'>fuisse</span> 
     </span>
     <span class='ocr_line' id='line_1_43' title="bbox 247 3784 780 3862; baseline 0.002 -18"><span class='ocrx_word' id='word_1_425' title='bbox 247 3805 297 3844; x_wconf 88' lang='lat' dir='ltr'>eos</span> <span class='ocrx_word' id='word_1_426' title='bbox 311 3784 471 3843; x_wconf 82' lang='lat' dir='ltr'>Arianismi</span> <span class='ocrx_word' id='word_1_427' title='bbox 485 3785 672 3862; x_wconf 85' lang='lat' dir='ltr'>propaginem</span> <span class='ocrx_word' id='word_1_428' title='bbox 687 3786 780 3846; x_wconf 86' lang='lat' dir='ltr'>docet.</span> 
     </span>
    </p>

    <p class='ocr_par' dir='ltr' id='par_1_9' title="bbox 552 3860 1459 3942">
     <span class='ocr_line' id='line_1_44' title="bbox 552 3860 1459 3942; baseline -0.002 -21"><span class='ocrx_word' id='word_1_429' title='bbox 552 3864 629 3922; x_wconf 90' lang='lat' dir='ltr'>Xll.</span> <span class='ocrx_word' id='word_1_430' title='bbox 653 3866 732 3924; x_wconf 91' lang='lat' dir='ltr'>Hinc</span> <span class='ocrx_word' id='word_1_431' title='bbox 746 3885 805 3924; x_wconf 91' lang='lat' dir='ltr'>non</span> <span class='ocrx_word' id='word_1_432' title='bbox 820 3864 941 3924; x_wconf 87' lang='lat' dir='ltr'>obscure</span> <span class='ocrx_word' id='word_1_433' title='bbox 955 3866 1054 3942; x_wconf 90' lang='lat' dir='ltr'>colligi</span> <span class='ocrx_word' id='word_1_434' title='bbox 1068 3873 1171 3942; x_wconf 87' lang='lat' dir='ltr'>potest,</span> <span class='ocrx_word' id='word_1_435' title='bbox 1185 3864 1261 3939; x_wconf 81' lang='lat' dir='ltr'>Quid</span> <span class='ocrx_word' id='word_1_436' title='bbox 1276 3860 1459 3922; x_wconf 87' lang='lat' dir='ltr'>statuendum</span> 
     </span>
    </p>
   </div>
   <div class='ocr_carea' id='block_1_3' title="bbox 247 3921 1457 4022">
    <p class='ocr_par' dir='ltr' id='par_1_10' title="bbox 247 3921 1457 4022">
     <span class='ocr_line' id='line_1_45' title="bbox 247 3921 1457 4022; baseline -0.006 -17"><span class='ocrx_word' id='word_1_437' title='bbox 247 3921 289 3966; x_wconf 84' lang='lat' dir='ltr'>An</span> <span class='ocrx_word' id='word_1_438' title='bbox 308 3921 422 3966; x_wconf 81' lang='lat' dir='ltr'>Christus</span> <span class='ocrx_word' id='word_1_439' title='bbox 439 3921 490 3966; x_wconf 81' lang='lat' dir='ltr'>tue-</span> <span class='ocrx_word' id='word_1_440' title='bbox 512 3943 550 4003; x_wconf 87' lang='lat' dir='ltr'>sit</span> <span class='ocrx_word' id='word_1_441' title='bbox 565 3945 641 4003; x_wconf 90' lang='lat' dir='ltr'>circa</span> <span class='ocrx_word' id='word_1_442' title='bbox 651 3945 738 4003; x_wconf 87' lang='lat' dir='ltr'>aliam</span> <span class='ocrx_word' id='word_1_443' title='bbox 750 3946 955 4020; x_wconf 87' lang='lat' dir='ltr'>Quaestionem,</span> <span class='ocrx_word' id='word_1_444' title='bbox 971 3965 1035 4022; x_wconf 86' lang='lat' dir='ltr'>quae</span> <span class='ocrx_word' id='word_1_445' title='bbox 1050 3946 1097 4003; x_wconf 90' lang='lat' dir='ltr'>hie</span> <span class='ocrx_word' id='word_1_446' title='bbox 1112 3955 1245 4002; x_wconf 87' lang='lat' dir='ltr'>movetur</span> <span class='ocrx_word' id='word_1_447' title='bbox 1259 3964 1276 4001; x_wconf 89' lang='lat' dir='ltr'>a</span> <span class='ocrx_word' id='word_1_448' title='bbox 1288 3941 1457 4012; x_wconf 89' lang='lat' dir='ltr'>Pontificiis,</span> 
     </span>
    </p>
   </div>
   <div class='ocr_carea' id='block_1_4' title="bbox 277 3979 1459 4100">
    <p class='ocr_par' dir='ltr' id='par_1_11' title="bbox 277 3979 1459 4100">
     <span class='ocr_line' id='line_1_46' title="bbox 277 3979 1459 4100; baseline -0.004 -17"><span class='ocrx_word' id='word_1_449' title='bbox 277 3979 487 4096; x_wconf 53' lang='lat' dir='ltr'>iitsdbnriitidiiir</span> <span class='ocrx_word' id='word_1_450' title='bbox 509 4022 558 4081; x_wconf 88' lang='lat' dir='ltr'>An</span> <span class='ocrx_word' id='word_1_451' title='bbox 574 4025 705 4084; x_wconf 91' lang='lat' dir='ltr'>Christus</span> <span class='ocrx_word' id='word_1_452' title='bbox 726 4025 813 4084; x_wconf 88' lang='lat' dir='ltr'>fuerit</span> <span class='ocrx_word' id='word_1_453' title='bbox 826 4024 930 4082; x_wconf 91' lang='lat' dir='ltr'>Viator</span> <span class='ocrx_word' id='word_1_454' title='bbox 951 4025 1036 4083; x_wconf 90' lang='lat' dir='ltr'>simul</span> <span class='ocrx_word' id='word_1_455' title='bbox 1059 4032 1087 4082; x_wconf 91' lang='lat' dir='ltr'>et</span> <span class='ocrx_word' id='word_1_456' title='bbox 1102 4024 1350 4100; x_wconf 87' lang='lat' dir='ltr'>Comprehensor?</span> <span class='ocrx_word' id='word_1_457' title='bbox 1375 4019 1459 4095; x_wconf 88' lang='lat' dir='ltr'>Quod</span> 
     </span>
    </p>
   </div>
   <div class='ocr_carea' id='block_1_5' title="bbox 277 4096 1459 4182">
    <p class='ocr_par' dir='ltr' id='par_1_12' title="bbox 277 4096 1459 4182">
     <span class='ocr_line' id='line_1_47' title="bbox 277 4096 1459 4182; baseline -0.004 -21"><span class='ocrx_word' id='word_1_458' title='bbox 277 4096 338 4142; x_wconf 67' lang='lat'>⁸⁰¹³</span> <span class='ocrx_word' id='word_1_459' title='bbox 364 4096 486 4153; x_wconf 71' lang='lat' dir='ltr'>Negram</span> <span class='ocrx_word' id='word_1_460' title='bbox 505 4104 549 4161; x_wconf 94' lang='lat' dir='ltr'>illi</span> <span class='ocrx_word' id='word_1_461' title='bbox 570 4104 753 4181; x_wconf 90' lang='lat' dir='ltr'>pertendunt,</span> <span class='ocrx_word' id='word_1_462' title='bbox 768 4113 801 4162; x_wconf 91' lang='lat' dir='ltr'>ut</span> <span class='ocrx_word' id='word_1_463' title='bbox 823 4104 937 4162; x_wconf 87' lang='lat' dir='ltr'>facilius</span> <span class='ocrx_word' id='word_1_464' title='bbox 961 4112 1070 4182; x_wconf 89' lang='lat' dir='ltr'>negent</span> <span class='ocrx_word' id='word_1_465' title='bbox 1088 4103 1237 4180; x_wconf 86' lang='lat' dir='ltr'>passiones</span> <span class='ocrx_word' id='word_1_466' title='bbox 1252 4101 1415 4180; x_wconf 88' lang='lat' dir='ltr'>spirituales</span> <span class='ocrx_word' id='word_1_467' title='bbox 1429 4101 1459 4158; x_wconf 94' lang='lat' dir='ltr'>in</span> 
     </span>
    </p>
   </div>
   <div class='ocr_carea' id='block_1_6' title="bbox 277 4155 1459 4260">
    <p class='ocr_par' dir='ltr' id='par_1_13' title="bbox 277 4155 1459 4260">
     <span class='ocr_line' id='line_1_48' title="bbox 277 4155 1459 4260; baseline 0.024 -31"><span class='ocrx_word' id='word_1_468' title='bbox 277 4155 404 4212; x_wconf 57' lang='lat' dir='ltr'>¹³¹⁰b³m¹</span> <span class='ocrx_word' id='word_1_469' title='bbox 509 4185 605 4241; x_wconf 88' lang='lat' dir='ltr'>anima</span> <span class='ocrx_word' id='word_1_470' title='bbox 621 4185 727 4243; x_wconf 89' lang='lat' dir='ltr'>Christi</span> <span class='ocrx_word' id='word_1_471' title='bbox 741 4185 837 4242; x_wconf 90' lang='lat' dir='ltr'>locum</span> <span class='ocrx_word' id='word_1_472' title='bbox 851 4183 997 4242; x_wconf 88' lang='lat' dir='ltr'>hahuisse.</span> <span class='ocrx_word' id='word_1_473' title='bbox 1040 4183 1101 4242; x_wconf 89' lang='lat' dir='ltr'>Nos</span> <span class='ocrx_word' id='word_1_474' title='bbox 1122 4202 1192 4241; x_wconf 86' lang='lat' dir='ltr'>vero</span> <span class='ocrx_word' id='word_1_475' title='bbox 1213 4201 1362 4260; x_wconf 67' lang='lat' dir='ltr'>negamus·</span> <span class='ocrx_word' id='word_1_476' title='bbox 1385 4179 1459 4254; x_wconf 61' lang='lat'>0³3⁸</span> 
     </span>
    </p>
   </div>
   <div class='ocr_carea' id='block_1_7' title="bbox 245 4261 1460 4737">
    <p class='ocr_par' dir='ltr' id='par_1_14' title="bbox 245 4261 1460 4737">
     <span class='ocr_line' id='line_1_49' title="bbox 248 4261 1460 4340; baseline -0.007 -16"><span class='ocrx_word' id='word_1_477' title='bbox 248 4263 395 4324; x_wconf 88' lang='lat' dir='ltr'>statusisti</span> <span class='ocrx_word' id='word_1_478' title='bbox 405 4265 445 4321; x_wconf 89' lang='lat' dir='ltr'>ita</span> <span class='ocrx_word' id='word_1_479' title='bbox 456 4270 523 4322; x_wconf 90' lang='lat' dir='ltr'>sunt</span> <span class='ocrx_word' id='word_1_480' title='bbox 532 4263 665 4340; x_wconf 90' lang='lat' dir='ltr'>oppositi,</span> <span class='ocrx_word' id='word_1_481' title='bbox 675 4271 708 4322; x_wconf 94' lang='lat' dir='ltr'>ut</span> <span class='ocrx_word' id='word_1_482' title='bbox 726 4263 784 4322; x_wconf 90' lang='lat' dir='ltr'>sint</span> <span class='ocrx_word' id='word_1_483' title='bbox 793 4261 944 4338; x_wconf 59' lang='lat' dir='ltr'>tehersem</span> <span class='ocrx_word' id='word_1_484' title='bbox 955 4263 1059 4322; x_wconf 84' lang='lat' dir='ltr'>Viator</span> <span class='ocrx_word' id='word_1_485' title='bbox 1070 4271 1114 4321; x_wconf 87' lang='lat' dir='ltr'>est</span> <span class='ocrx_word' id='word_1_486' title='bbox 1123 4261 1152 4320; x_wconf 92' lang='lat' dir='ltr'>in</span> <span class='ocrx_word' id='word_1_487' title='bbox 1162 4263 1218 4334; x_wconf 89' lang='lat' dir='ltr'>via,</span> <span class='ocrx_word' id='word_1_488' title='bbox 1231 4261 1460 4339; x_wconf 89' lang='lat' dir='ltr'>Comprehensor</span> 
     </span>
     <span class='ocr_line' id='line_1_50' title="bbox 246 4340 1460 4419; baseline -0.005 -17"><span class='ocrx_word' id='word_1_489' title='bbox 246 4345 277 4402; x_wconf 92' lang='lat' dir='ltr'>in</span> <span class='ocrx_word' id='word_1_490' title='bbox 291 4352 368 4402; x_wconf 88' lang='lat' dir='ltr'>meta</span> <span class='ocrx_word' id='word_1_491' title='bbox 383 4365 390 4416; x_wconf 83' lang='lat'>;</span> <span class='ocrx_word' id='word_1_492' title='bbox 413 4343 639 4402; x_wconf 87' lang='lat' dir='ltr'>Viatorlaborat</span> <span class='ocrx_word' id='word_1_493' title='bbox 653 4351 682 4402; x_wconf 91' lang='lat' dir='ltr'>et</span> <span class='ocrx_word' id='word_1_494' title='bbox 695 4343 811 4418; x_wconf 89' lang='lat' dir='ltr'>patitur,</span> <span class='ocrx_word' id='word_1_495' title='bbox 829 4343 1057 4419; x_wconf 89' lang='lat' dir='ltr'>Comprehensor</span> <span class='ocrx_word' id='word_1_496' title='bbox 1070 4343 1160 4401; x_wconf 91' lang='lat' dir='ltr'>finitis</span> <span class='ocrx_word' id='word_1_497' title='bbox 1174 4342 1323 4400; x_wconf 88' lang='lat' dir='ltr'>laboribus</span> <span class='ocrx_word' id='word_1_498' title='bbox 1334 4340 1460 4418; x_wconf 84' lang='lat' dir='ltr'>perfecta</span> 
     </span>
     <span class='ocr_line' id='line_1_51' title="bbox 246 4418 1459 4498; baseline -0.006 -16"><span class='ocrx_word' id='word_1_499' title='bbox 246 4423 425 4482; x_wconf 85' lang='lat' dir='ltr'>beatitudine</span> <span class='ocrx_word' id='word_1_500' title='bbox 447 4422 558 4480; x_wconf 82' lang='lat' dir='ltr'>fruitur.</span> <span class='ocrx_word' id='word_1_501' title='bbox 602 4423 673 4480; x_wconf 93' lang='lat' dir='ltr'>Cum</span> <span class='ocrx_word' id='word_1_502' title='bbox 695 4442 765 4498; x_wconf 88' lang='lat' dir='ltr'>ergo</span> <span class='ocrx_word' id='word_1_503' title='bbox 781 4422 914 4480; x_wconf 89' lang='lat' dir='ltr'>Christus</span> <span class='ocrx_word' id='word_1_504' title='bbox 928 4420 1014 4481; x_wconf 84' lang='lat' dir='ltr'>fuerit</span> <span class='ocrx_word' id='word_1_505' title='bbox 1027 4423 1074 4480; x_wconf 90' lang='lat' dir='ltr'>hic</span> <span class='ocrx_word' id='word_1_506' title='bbox 1089 4423 1119 4479; x_wconf 90' lang='lat' dir='ltr'>in</span> <span class='ocrx_word' id='word_1_507' title='bbox 1134 4423 1183 4480; x_wconf 89' lang='lat' dir='ltr'>via</span> <span class='ocrx_word' id='word_1_508' title='bbox 1197 4422 1235 4480; x_wconf 89' lang='lat' dir='ltr'>ad</span> <span class='ocrx_word' id='word_1_509' title='bbox 1249 4418 1459 4480; x_wconf 88' lang='lat' dir='ltr'>decurrendum</span> 
     </span>
     <span class='ocr_line' id='line_1_52' title="bbox 247 4500 1458 4578; baseline -0.004 -18"><span class='ocrx_word' id='word_1_510' title='bbox 247 4503 372 4560; x_wconf 88' lang='lat' dir='ltr'>stadium</span> <span class='ocrx_word' id='word_1_511' title='bbox 387 4502 441 4578; x_wconf 87' lang='lat' dir='ltr'>ipsi</span> <span class='ocrx_word' id='word_1_512' title='bbox 456 4501 643 4577; x_wconf 88' lang='lat' dir='ltr'>propositum,</span> <span class='ocrx_word' id='word_1_513' title='bbox 656 4510 689 4560; x_wconf 93' lang='lat' dir='ltr'>ut</span> <span class='ocrx_word' id='word_1_514' title='bbox 702 4519 775 4577; x_wconf 92' lang='lat' dir='ltr'>opus</span> <span class='ocrx_word' id='word_1_515' title='bbox 789 4500 996 4576; x_wconf 89' lang='lat' dir='ltr'>redemptionis</span> <span class='ocrx_word' id='word_1_516' title='bbox 1010 4511 1115 4562; x_wconf 85' lang='lat' dir='ltr'>nostrae</span> <span class='ocrx_word' id='word_1_517' title='bbox 1130 4501 1287 4578; x_wconf 88' lang='lat' dir='ltr'>perficeret,</span> <span class='ocrx_word' id='word_1_518' title='bbox 1301 4501 1330 4557; x_wconf 91' lang='lat' dir='ltr'>in</span> <span class='ocrx_word' id='word_1_519' title='bbox 1340 4519 1398 4576; x_wconf 92' lang='lat' dir='ltr'>quo</span> <span class='ocrx_word' id='word_1_520' title='bbox 1408 4517 1458 4555; x_wconf 83' lang='lat' dir='ltr'>ra·</span> 
     </span>
     <span class='ocr_line' id='line_1_53' title="bbox 245 4579 1459 4654; baseline -0.002 -16"><span class='ocrx_word' id='word_1_521' title='bbox 245 4580 297 4638; x_wconf 89' lang='lat' dir='ltr'>riis</span> <span class='ocrx_word' id='word_1_522' title='bbox 312 4581 446 4638; x_wconf 87' lang='lat' dir='ltr'>aerumnis</span> <span class='ocrx_word' id='word_1_523' title='bbox 461 4588 489 4638; x_wconf 92' lang='lat' dir='ltr'>et</span> <span class='ocrx_word' id='word_1_524' title='bbox 500 4580 704 4638; x_wconf 90' lang='lat' dir='ltr'>certaminibus</span> <span class='ocrx_word' id='word_1_525' title='bbox 719 4579 863 4638; x_wconf 88' lang='lat' dir='ltr'>obnoxius</span> <span class='ocrx_word' id='word_1_526' title='bbox 892 4579 955 4652; x_wconf 88' lang='lat' dir='ltr'>fuit,</span> <span class='ocrx_word' id='word_1_527' title='bbox 978 4581 1042 4640; x_wconf 90' lang='lat' dir='ltr'>lmo</span> <span class='ocrx_word' id='word_1_528' title='bbox 1057 4590 1086 4640; x_wconf 91' lang='lat' dir='ltr'>et</span> <span class='ocrx_word' id='word_1_529' title='bbox 1096 4581 1331 4640; x_wconf 86' lang='lat' dir='ltr'>maledictionem</span> <span class='ocrx_word' id='word_1_530' title='bbox 1345 4587 1374 4637; x_wconf 90' lang='lat' dir='ltr'>et</span> <span class='ocrx_word' id='word_1_531' title='bbox 1388 4597 1459 4654; x_wconf 91' lang='lat' dir='ltr'>pon-</span> 
     </span>
     <span class='ocr_line' id='line_1_54' title="bbox 246 4657 1460 4737; baseline -0.002 -20"><span class='ocrx_word' id='word_1_532' title='bbox 246 4658 360 4717; x_wconf 87' lang='lat' dir='ltr'>dnsirse</span> <span class='ocrx_word' id='word_1_533' title='bbox 375 4659 430 4716; x_wconf 66' lang='lat' dir='ltr'>Dii</span> <span class='ocrx_word' id='word_1_534' title='bbox 452 4659 605 4734; x_wconf 88' lang='lat' dir='ltr'>sustinuit;</span> <span class='ocrx_word' id='word_1_535' title='bbox 628 4679 685 4718; x_wconf 89' lang='lat' dir='ltr'>non</span> <span class='ocrx_word' id='word_1_536' title='bbox 707 4659 801 4736; x_wconf 92' lang='lat' dir='ltr'>potuit</span> <span class='ocrx_word' id='word_1_537' title='bbox 814 4660 868 4717; x_wconf 90' lang='lat' dir='ltr'>hoc</span> <span class='ocrx_word' id='word_1_538' title='bbox 883 4661 1021 4737; x_wconf 88' lang='lat' dir='ltr'>temporis</span> <span class='ocrx_word' id='word_1_539' title='bbox 1035 4661 1188 4720; x_wconf 84' lang='lat' dir='ltr'>intervallo</span> <span class='ocrx_word' id='word_1_540' title='bbox 1204 4657 1460 4736; x_wconf 87' lang='lat' dir='ltr'>Comprehensoris</span> 
     </span>
    </p>
   </div>
   <div class='ocr_carea' id='block_1_8' title="bbox 0 0 1600 5204">
    <p class='ocr_par' dir='ltr' id='par_1_15' title="bbox 0 0 1600 5204">
     <span class='ocr_line' id='line_1_55' title="bbox 0 0 1600 5204; baseline 0 0"><span class='ocrx_word' id='word_1_541' title='bbox 0 0 1600 5204; x_wconf 95' lang='lat' dir='ltr'> </span> 
     </span>
    </p>
   </div>
  </div>
 </body>
</html>
