3150 5206
129 345 240 394 enmsr.
257 327 325 410 vm]
564 359 565 364 κ
589 348 627 387 nn
643 347 767 388 suosne
782 347 909 388 omnin.
1276 334 1332 392 195

123 487 298 547 curriculum
314 487 400 547 fluxit
413 489 449 548 ab
465 489 581 549 Adamc
595 488 633 548 ad
647 488 855 564 Abrahamum,
865 509 923 568 quo
937 500 1064 568 tempore
1076 491 1207 550 Foederis
1221 491 1331 550 (iratiae

123 587 245 642 summa,
261 567 440 627 brevissimis
454 569 579 647 quidem,
603 568 655 628 sed
674 578 772 628 tamen
790 569 1027 630 luculentissimis
1042 571 1257 648 Protevangelii
1278 591 1330 632 scu

121 647 321 706 Pramusimu
337 650 442 724 primu
463 649 561 708 verbis
584 648 793 724 continebatur,
820 650 927 709 Genes.
949 651 990 710 iii.
1015 654 1061 727 15,
1083 653 1183 710 semen
1203 652 1328 710 mulieris

121 736 246 786 conteret
258 737 345 803 caput
363 729 514 805 »Superba
536 729 642 806 quibus
656 729 812 806 primorum
828 730 983 789 Parentum
997 731 1070 789 fides
1084 731 1222 805 alebatur,
1245 732 1329 807 cujus

122 806 243 866 Oraculi
255 807 317 866 haec
331 807 386 868 tuit
399 809 579 868 substantia:
603 809 790 868 Exoritumm
812 809 967 886 aliquando
988 810 1122 888 aliquem,
1140 811 1242 888 quiex
1263 830 1327 887 per·

121 887 233 945 ditione
247 887 369 964 eriperet
383 907 441 963 eos,
456 889 629 966 quibuscum
650 888 744 948 foedus
757 889 830 947 inire
845 889 1033 949 constituerat
1048 891 1137 965 Deus,
1157 891 1244 968 idque
1259 911 1326 949 eon·

121 967 191 1026 trito
216 986 260 1041 eo,
286 967 370 1043 cujus
393 967 493 1027 fraude
517 967 548 1026 in
561 970 636 1028 hanc
650 969 841 1028 calamitatem
856 969 1024 1030 inciderent.
1067 971 1104 1028 In
1117 990 1175 1048 quo
1189 971 1343 1029 mirabilis·

121 1047 179 1105 Dei
193 1046 390 1105 misericordia
413 1048 515 1124 elucet,
539 1048 617 1125 quod
638 1049 764 1107 voluerit
785 1048 901 1106 Adamo
925 1049 1083 1108 remedium
1105 1051 1205 1127 gratiae
1228 1051 1326 1109 statim

120 1145 282 1204 proponere
307 1125 345 1184 ad
368 1127 475 1186 vulnus
490 1147 507 1186 a
523 1129 630 1186 Satane
643 1137 793 1205 acceptum
808 1129 976 1204 sanandum,
992 1137 1025 1188 ut
1038 1129 1089 1188 ubi
1102 1150 1247 1189 venenum
1260 1150 1326 1206 pee-

123 1207 183 1265 ceti
198 1206 298 1279 crevit,
323 1206 364 1264 ibi
379 1216 509 1266 occurret
522 1209 728 1301 ἅλιξιφιίςμωι
742 1209 851 1284 gratiae,
877 1208 955 1285 quod
969 1209 999 1266 in
1013 1210 1124 1269 Nature
1139 1229 1214 1287 saepe
1229 1210 1325 1268 obser·

120 1285 186 1344 veri
209 1293 312 1344 notant
336 1287 464 1365 Physici,
489 1288 615 1347 maxime
636 1309 668 1346 m
690 1289 788 1348 There
811 1297 842 1347 et
864 1288 999 1348 Anthcre
1013 1291 1076 1368 ejus
1090 1290 1221 1349 antidoto
1239 1291 1327 1368 juxte

119 1385 153 1426 te
188 1365 279 1424 ositis.

163 1385 242 1503 illl.
265 1445 331 1504 Hoc
347 1445 502 1507 Oraeulum
516 1449 553 1506 ad
567 1449 713 1508 Christum
727 1449 889 1526 respexisse
903 1469 949 1508 res
972 1450 1034 1528 ipsa
1048 1450 1162 1510 elamat.
1205 1451 1266 1509 Nec
1279 1449 1328 1509 hic

119 1544 269 1584 moramur
282 1525 361 1603 quod
375 1527 413 1585 V.
428 1528 533 1587 Versio
546 1548 599 1605 pro
613 1530 704 1605 {rreum
724 1529 852 1605 reposuit
865 1530 936 1604 ipsa,
951 1537 984 1588 ut
998 1529 1035 1589 ad
1050 1530 1085 1589 B.
1100 1530 1252 1607 Virginem
1267 1549 1327 1587 ma·

118 1605 226 1664 nifasta
237 1606 399 1682 corruptele
409 1607 556 1682 referatur,
571 1609 653 1685 quasi
664 1629 716 1684 pro
730 1629 775 1668 nur
787 1608 943 1686 legendum
958 1617 1035 1668 esset
1048 1632 1103 1684 xm,
1119 1618 1152 1669 ut
1166 1610 1232 1668 dolo
1250 1609 1326 1667 melo

121 1685 223 1744 Guido
237 1685 389 1745 Fabricius
403 1686 583 1746 Boderianus
596 1688 627 1746 in
642 1688 746 1746 Bibliis
761 1688 864 1764 Regiis
877 1688 1109 1747 interlinearibus
1120 1688 1329 1765 Antuerpianis

120 1766 219 1824 locum
242 1785 423 1843 corrumpere
445 1776 565 1827 conatus
588 1775 648 1843 cst,
681 1787 746 1826 eum
769 1766 914 1826 Pontifieii
936 1768 992 1844 ipsi
1010 1769 1139 1827 saniores
1152 1769 1182 1826 vi
1197 1768 1329 1826 veritatis

121 1845 218 1904 adacti
242 1845 273 1902 id
297 1847 477 1923 agnoverint,
502 1856 536 1908 ut
558 1847 712 1923 chninus,
733 1847 822 1905 Arias
842 1847 1005 1922 Montanus,
1033 1849 1174 1922 Votablus,
1199 1848 1329 1906 Isidorus

122 1925 250 2000 Clarius,
273 1927 368 1986 Lucas
390 1929 553 2003 Brupeasis,
577 1936 606 1986 et
627 1927 678 1985 alii
698 1926 857 2002 innumeri;
890 1927 930 1985 Et
951 1928 1131 1986 eonstcthoc
1145 1945 1209 1986 esse
1230 1936 1330 1985 contra

119 2005 262 2064 Codicum
277 2006 403 2064 omnium
418 2007 603 2084 probatorum
616 2005 722 2083 fidem;
738 2015 838 2066 eontra
848 2007 1063 2083 antiquissimas
1073 2007 1231 2066 Versiones
1242 2007 1327 2065 Chal-

119 2085 175 2144 daei
207 2085 416 2163 Paraphrastis,
439 2094 468 2144 et
490 2086 601 2162 LXX;
624 2095 723 2145 contra
743 2086 906 2162 analogiam
928 2086 1153 2163 grammaticam,
1183 2105 1248 2162 quse
1268 2106 1327 2144 non

119 2173 219 2242 potest
242 2165 311 2242 peti,
332 2173 366 2226 nt
389 2165 542 2225 relativum
566 2165 745 2225 loemininum
769 2166 912 2225 tribuatur
932 2166 1042 2225 nomini
1061 2166 1329 2242 masculinorum

120 2245 213 2304 verbo
226 2266 308 2305 uruca
323 2245 452 2324 ejusdem
467 2246 601 2323 generis;
623 2253 723 2305 contra
743 2245 785 2304 rei
801 2254 942 2320 naturam,
958 2267 1023 2323 quae
1043 2245 1111 2305 huic
1125 2246 1257 2322 subjecto
1278 2247 1328 2305 tri·

119 2325 230 2399 buitur,
244 2345 310 2402 quac
323 2325 391 2384 talis
405 2335 457 2401 est,
473 2333 507 2385 ut
516 2326 593 2384 vires
604 2327 744 2383 humanas
758 2325 927 2402 simpliciter
938 2334 1061 2404 superet,
1073 2325 1207 2384 contritio
1219 2326 1330 2384 scilicet

122 2405 273 2482 Serpentis
286 2405 397 2482 capitis,
414 2404 453 2464 id.
468 2404 625 2465 destmetic
639 2404 751 2482 imperii
767 2404 902 2481 Satanici,
919 2425 983 2482 quac
998 2406 1112 2465 Christo
1133 2405 1164 2463 in
1180 2406 1329 2483 Scriptura

119 2484 231 2560 passim
245 2485 415 2543 vindicatur.

162 2563 260 2622 XIII.
284 2563 339 2623 Per
352 2566 452 2624 Samen
466 2585 535 2642 ergo
549 2566 673 2624 mutiem's
687 2566 912 2625 antonomastice
927 2575 956 2626 et
972 2566 1168 2644 principaliter
1183 2565 1328 2625 Christum

120 2643 345 2720 intelligendum
358 2663 422 2704 esse
437 2645 601 2722 colligitur;
636 2648 662 2702 1.
679 2645 753 2720 Quia
766 2646 834 2705 huic
848 2665 906 2704 non
921 2647 1075 2724 opponitur
1085 2646 1165 2704 aliud
1181 2646 1285 2704 Semen
1296 2655 1330 2704 ut

119 2733 213 2799 antea,
229 2723 281 2782 sed
292 2723 488 2801 Antagonista
501 2724 665 2802 singularis,
677 2724 746 2784 nim.
763 2725 896 2803 Serpens,
909 2727 993 2803 cujus
1003 2732 1090 2802 eaput
1103 2733 1165 2784 erat
1178 2733 1327 2783 conteren-

117 2803 185 2861 dum
200 2803 242 2862 ab
257 2803 313 2862 isto
329 2805 452 2879 Semine,
464 2813 496 2864 ut
510 2805 647 2863 innuatur
660 2804 816 2882 singularis
826 2806 958 2881 quadam
970 2805 1188 2879 monomachia3
1211 2808 1239 2862 2.
1252 2803 1327 2877 Quia

118 2903 229 2962 pugnae
243 2892 273 2942 et
286 2883 414 2942 victoria
436 2884 538 2944 modus
559 2885 693 2961 tulisset,
708 2893 741 2943 ut
761 2884 869 2942 nemini
883 2883 940 2941 nisi
955 2885 1018 2943 Deo
1043 2892 1204 2960 competere
1226 2883 1327 2960 possit,

119 2963 246 3024 uictoria
270 2963 381 3022 scilicet
405 2963 530 3040 Diaboli,
557 2965 607 3040 qui
631 2985 684 3023 nec
708 2965 745 3022 ab
769 2964 885 3022 homine
902 2965 965 3039 jam
979 2963 1066 3036 vieto,
1082 2983 1135 3021 nec
1159 2963 1195 3020 ab
1210 2962 1329 3038 Angelo

119 3045 236 3120 aquali,
253 3043 305 3102 sed
326 3063 343 3100 a
364 3045 426 3102 solo
442 3044 505 3102 Deo
519 3043 596 3102 vinci
610 3045 722 3122 potuit;
746 3046 774 3101 3.
798 3043 946 3119 Scriptura
964 3043 1084 3100 eandem
1109 3042 1328 3119 promissionem

121 3123 249 3182 Seminis
259 3122 583 3182 benedictiAbrahamo
598 3123 703 3182 factam
718 3121 755 3181 ad
767 3123 914 3180 Christum
928 3121 1022 3196 refert,
1040 3121 1106 3180 Gal.
1122 3122 1161 3180 iii.
1180 3124 1225 3196 lc,
1241 3124 1327 3178 “non

121 3202 199 3277 dicit,
229 3201 400 3278 seminibus,
426 3203 510 3279 quasi
533 3213 630 3262 essent
653 3204 745 3279 plura,
761 3201 814 3261 sed
837 3201 954 3276 Semini,
977 3201 1056 3277 quod
1083 3210 1127 3260 est
1157 3201 1288 3260 Christus
1298 3201 1326 3276 ;'’

119 3286 147 3340 4.
162 3283 284 3342 Oraculi
296 3282 380 3340 istius
391 3281 520 3359 impletio
531 3282 561 3339 in
571 3283 606 3342 N.
622 3283 656 3342 T.
668 3282 776 3360 passim
789 3282 905 3340 Christo
916 3281 1081 3340 vindicatur
1089 3281 1196 3340 Johan.
1209 3281 1260 3340 xii.
1271 3283 1308 3340 31
1320 3303 1327 3356 ;

120 3371 148 3419 ct
161 3362 222 3422 xiv.
236 3365 287 3436 30,
304 3361 376 3420 Luc.
386 3381 416 3420 x.
434 3364 481 3438 18,
497 3361 598 3422 Colii.
616 3365 662 3437 15,
679 3361 755 3420 Heb.
773 3361 803 3419 ii.
822 3363 867 3437 14,
886 3363 932 3435 15,
949 3361 1032 3420 Rom.
1043 3361 1104 3420 xvi.
1120 3365 1167 3436 20,
1186 3364 1200 3418 1
1217 3361 1325 3421 Johau.

120 3440 159 3500 iii.
174 3443 203 3516 8,
220 3442 317 3520 Apoc.
333 3441 384 3500 xii.
399 3443 427 3516 8,
444 3445 471 3502 9.

151 3521 252 3588 ,xlix
278 3521 409 3580 Christus
423 3529 519 3580 autem
534 3522 708 3581 contriturus
722 3521 828 3581 dicitur
840 3522 934 3598 Caput
943 3523 1094 3598 Serpentis,
1106 3531 1248 3599 quatenus
1259 3522 1327 3580 abo·

120 3599 177 3659 lere
202 3601 308 3660 debuit
331 3600 514 3677 tyrannidem
537 3611 566 3660 et
587 3609 759 3678 potestatem
780 3621 893 3660 omnem
916 3602 1033 3660 Diaboli
1054 3603 1096 3660 illi
1112 3622 1164 3679 per
1177 3609 1328 3679 peccatum

120 3679 225 3756 datam,
241 3700 309 3758 quae
324 3699 375 3758 per
389 3681 483 3758 Caput
499 3681 646 3757 Serpentis
661 3680 837 3758 designatur,
853 3691 885 3740 ut
899 3701 1042 3740 venenum
1057 3683 1198 3760 serpentis
1212 3689 1257 3740 cst
1276 3701 1327 3758 po-

121 3758 264 3820 tissimum
280 3760 311 3818 in
326 3760 427 3836 capite,
440 3781 497 3837 quc
511 3761 582 3820 laeso
596 3781 630 3818 ac
645 3761 767 3819 contrito
781 3780 883 3819 nocere
894 3761 1017 3837 amplius
1031 3781 1089 3820 uon
1103 3770 1207 3838 potest.
1238 3761 1328 3836 Cujus

121 3839 304 3900 contritionis
319 3840 484 3916 symbolum
497 3849 559 3899 erat
573 3841 619 3898 vis
632 3840 684 3898 illa
703 3840 823 3898 mirifica
838 3840 944 3899 Ch1isti
961 3839 1111 3918 discipulis
1124 3859 1269 3912 concessa,
1291 3839 1328 3896 de

120 3938 177 3993 qua
192 3921 266 3980 Luc.
282 3939 312 3978 x.
330 3922 376 3995 19,
393 3922 411 3952 “
423 3921 499 3978 Ecce
521 3919 558 3977 do
572 3919 657 3978 vobis
677 3928 848 3997 potestatem
872 3920 1002 3978 calcandi
1017 3927 1163 3996 serpentes
1177 3927 1206 3976 et
1220 3919 1326 3993 scorpi-

121 4017 198 4074 ones,
214 4009 245 4059 et
261 4019 349 4076 supra
362 4019 476 4058 omnem
490 3999 551 4057 vim
572 3999 689 4074 inimici,
705 4008 735 4058 et
754 4000 826 4057 nihil
841 4019 894 4057 vos
914 3999 1002 4057 laedet
1013 4000 1040 4072 ;''
1063 4006 1092 4055 et
1112 3997 1190 4073 quod
1206 3996 1262 4072 piis
1277 3998 1326 4054 tri-

121 4077 227 4154 buitur,
245 4079 324 4137 Psal.
339 4080 396 4138 xci.
414 4082 460 4155 13,
479 4082 496 4112 “
510 4079 602 4156 Super
616 4079 744 4156 aspidem
756 4087 785 4137 et
795 4079 960 4138 basiliscum
972 4077 1163 4151 ambulabis,''
1176 4073 1230 4133 dcc.
1261 4076 1327 4135 Hoc

122 4175 265 4218 veronen
281 4159 366 4216 simul
381 4167 411 4218 et
424 4159 522 4234 semel,
539 4159 590 4218 sed
605 4158 693 4218 variis
707 4157 845 4234 gradibus
866 4159 1027 4234 exequitur.
1070 4156 1167 4213 Primo
1185 4157 1213 4212 in
1227 4175 1255 4214 se
1275 4176 1327 4232 pro

122 4237 214 4296 nohis.
259 4238 373 4298 Deinde
388 4239 417 4296 iu
431 4240 516 4313 nobes,
532 4248 561 4297 et
575 4259 626 4316 per
640 4259 693 4296 nos
709 4258 761 4297 sue
774 4239 890 4297 virtute.
932 4239 969 4294 Iu
982 4257 1011 4294 se
1024 4239 1050 4294 1.
1067 4235 1327 4294 PcrInccrnatiou·

123 4333 164 4372 era
179 4326 205 4373 et
217 4327 345 4391 mortem,
360 4338 413 4395 per
433 4338 521 4396 quam
542 4319 582 4377 ita
603 4319 742 4376 satisfecit
758 4318 880 4396 justitiae
896 4316 951 4374 Dei
971 4315 1145 4392 plenissime,
1162 4322 1190 4372 et
1211 4324 1330 4388 peccata

124 4403 221 4454 nostra
235 4397 376 4473 expiavit,
391 4407 424 4457 ut
438 4417 522 4456 omne
533 4400 582 4475 jus
597 4397 751 4456 accusandi
762 4398 897 4474 deinceps
906 4395 1036 4454 homines
1047 4393 1161 4452 Satanae
1170 4393 1330 4468 abstulerit,

126 4473 209 4533 “Per
223 4485 347 4535 mortem
370 4477 515 4537 destruxit
537 4497 602 4536 eum
623 4478 674 4554 qui
687 4478 813 4536 habebat
833 4475 983 4552 imperium
997 4472 1127 4544 mortis,''
1145 4471 1221 4530 lleb.
1236 4473 1266 4530 ii.
1284 4477 1330 4546 14,

128 4555 181 4628 15;
206 4559 223 4588 “
238 4556 422 4634 Principatus
436 4565 465 4616 ct
478 4565 636 4634 potestates
650 4557 679 4614 in
695 4577 779 4616 cmce
800 4557 914 4633 publice
929 4555 959 4610 in
980 4551 1156 4627 triumphurn
1171 4551 1260 4627 egit,''
1276 4553 1330 4612 Co-

126 4630 314 4712 loss.ii.15;
346 4641 375 4698 2.
398 4637 454 4698 Per
468 4638 711 4698 Resmrectiouem
731 4633 1018 4710 crescenicam
1039 4651 1096 4707 qua
1117 4632 1210 4692 uictor
1232 4634 1332 4692 mortis
