3150 5206
153 370 267 420 onnes.
283 351 319 432 1.]
516 369 555 410 ns
570 368 702 409 sentens
718 369 755 408 su
770 370 863 411 srsrn
878 371 1005 413 cnnrsrr.
1302 360 1358 416 251

153 511 351 570 additamenta
363 509 498 584 Herodis,
511 510 561 587 qui
570 509 721 590 Templum
736 511 890 586 gloriosius
901 513 1070 588 extruxerit,
1085 521 1118 572 ut
1127 513 1190 572 vult
1204 514 1225 572 J
1227 516 1360 592 osephus,

153 592 200 650 vol
223 592 325 649 saltem
354 590 500 648 exornarit
516 591 604 666 juxta
624 590 834 667 Hegesippum.
877 594 998 652 Frustra
1017 594 1136 669 inquam
1159 593 1215 652 hoc
1235 593 1361 654 effertur.

155 675 181 728 1.
198 671 273 744 Quia
287 670 361 728 tales
381 689 428 728 res
439 678 568 729 extemoe
589 678 619 728 et
638 669 719 728 leves
739 689 797 729 non
817 670 940 731 fundant
954 673 1076 749 gloriam
1092 673 1203 731 Domus
1218 673 1282 748 Dei,
1308 694 1362 733 nec

155 751 236 808 Deus
250 749 286 808 de
301 749 388 808 rebus
401 757 461 808 tom
474 748 588 808 levibns
599 757 658 808 tom
672 757 794 826 auguste
809 759 838 810 et
852 751 1013 828 magnifice,
1028 761 1061 811 nt
1074 761 1225 829 propterea
1239 771 1270 812 se
1285 773 1361 811 com-

153 838 298 888 moturum
314 828 418 887 coelum
433 837 463 887 et
476 837 581 887 terram
595 839 624 887 et
637 828 780 887 mirabilia
793 829 935 890 facturum
950 831 1067 890 diceret.
1110 835 1138 891 2.
1161 833 1242 891 Deus
1256 831 1362 892 diserte

153 909 305 986 profitetur
320 927 350 966 se
364 908 442 966 nolle
457 908 578 984 gloriam
599 908 679 966 illem
700 909 730 965 in
744 908 830 968 rebus
851 911 915 970 istis
929 909 1046 970 caducis
1060 912 1210 985 collocare,
1227 911 1296 970 dum
1310 913 1359 990 ait,

154 989 253 1047 Meum
267 997 308 1047 cst
320 997 477 1064 arpentum,
493 1007 581 1046 meum
593 998 634 1046 eat
646 1008 756 1064 aurum,
768 1009 796 1066 q.
811 988 850 1048 d:
866 990 974 1050 Ornare
988 1011 1102 1068 possem
1118 992 1142 1050 si
1156 991 1262 1050 vellem
1277 991 1361 1050 Tem-

153 1069 234 1145 plum
248 1068 303 1126 hoo
317 1087 387 1125 euro
402 1075 431 1126 et
451 1075 580 1144 argento,
595 1075 628 1126 ut
642 1076 773 1126 ornatum
787 1067 842 1128 fuit
856 1070 1008 1148 Templum
1025 1071 1196 1146 Solomonis,
1211 1090 1300 1147 pones
1315 1092 1360 1132 me

103 1215 105 1220 y
153 1149 230 1206 enim
246 1165 330 1206 omne
349 1155 393 1206 est
414 1167 523 1222 aurum,
540 1144 603 1224 sc,
619 1156 651 1230 ut
673 1148 750 1216 Psol.
770 1149 791 1206 1.
808 1152 855 1224 10,
872 1154 918 1224 11,
943 1154 988 1224 12,
1015 1151 1066 1209 sed
1087 1151 1195 1210 ornabo
1216 1171 1246 1208 re
1274 1152 1361 1229 longe

152 1227 325 1304 pretiosiori,
340 1247 443 1304 nempe
459 1227 529 1285 Filii
542 1227 599 1286 mei
612 1229 773 1304 prasentia,
789 1229 839 1304 qui
853 1237 897 1288 est
921 1230 1014 1306 gloria
1029 1230 1156 1288 Israelis.
1199 1233 1227 1289 3.
1243 1230 1359 1305 Qualis·

152 1325 267 1383 cunque
278 1305 475 1365 additamenta
487 1307 536 1364 vel
550 1306 801 1366 ornamentolacts
814 1307 921 1367 fuerint
930 1309 967 1366 sb
983 1309 1099 1368 Herode
1114 1311 1143 1367 in
1158 1310 1288 1386 Templo,
1303 1331 1361 1369 non

152 1394 311 1464 potuerunt
329 1405 456 1462 nequem
477 1405 599 1463 sequare,
628 1387 838 1445 multominus
869 1407 1003 1465 superare
1031 1389 1153 1465 gloriam
1176 1389 1359 1465 salomonici,

153 1465 233 1542 qnod
255 1465 440 1541 conspicuum
460 1465 620 1524 reddebant
641 1485 699 1542 pree
721 1468 832 1525 caten‘s
853 1467 910 1527 ists
930 1469 1057 1545 quinque
1077 1469 1227 1545 potissima
1248 1469 1362 1546 Templi

152 1545 267 1619 decors,
283 1563 347 1620 quse
360 1544 391 1602 in
405 1545 532 1604 seeundo
543 1544 667 1603 defuisse
682 1545 807 1604 fatentur
821 1547 842 1606 J
844 1547 928 1620 ndei,
949 1547 1028 1606 Aroe
1048 1546 1172 1622 foederis,
1196 1548 1279 1624 Ignis
1294 1569 1360 1607 con-

152 1625 262 1699 tinuus,
288 1624 391 1682 Oleum
417 1624 562 1700 Sanctum,
591 1625 714 1701 Spiritus
736 1625 908 1702 Prophetiae,
937 1635 967 1686 et
982 1625 1114 1700 Sochino,
1130 1647 1181 1684 seu
1204 1627 1362 1686 Prasentie

152 1703 211 1762 Dei
224 1703 256 1760 in
270 1703 482 1780 Propitiatorio.

194 1782 325 1841 XXIX.
347 1783 409 1842 Neo
422 1783 548 1842 melioris
562 1791 607 1842 est
621 1781 770 1842 commatis
783 1783 862 1860 quod
876 1783 987 1843 addunt
1007 1784 1044 1843 de
1068 1784 1160 1842 Tertio
1176 1786 1290 1860 Templo
1311 1806 1360 1844 ex·

153 1865 275 1921 truendo
299 1863 345 1920 oui
357 1864 411 1920 istu
429 1871 596 1939 competunt.
651 1862 725 1936 Quis
749 1862 785 1921 do
799 1863 920 1939 Templo
944 1864 995 1922 illo
1010 1864 1114 1940 egitur,
1130 1863 1209 1940 quod
1222 1864 1361 1924 videbant

152 1941 262 2017 Judaei,
278 1941 355 2020 quo'd
375 1953 557 2002 vocaturum
573 1963 639 2002 naun
654 1945 752 2001 domus
772 1943 834 2016 eu,
850 1943 921 2002 alies
942 1943 1015 2000 nihil
1028 1943 1095 2000 inde
1108 1943 1204 2002 solatii
1225 1944 1361 2003 accedere

152 2023 298 2098 potuisset
319 2021 491 2080 Zorobabeli
513 2029 542 2081 et
564 2023 650 2080 sociis
671 2021 823 2099 Templum
852 2022 1069 2097 edificantibus,
1087 2041 1160 2098 quos
1187 2031 1284 2081 tomen
1305 2024 1360 2082 hoc

152 2109 324 2178 argumento
339 2101 448 2178 erigere
461 2102 526 2161 vult
541 2101 691 2176 Dominus,
707 2101 785 2177 qnod
799 2100 902 2160 domus
915 2102 971 2160 ista
985 2102 1077 2180 gloria
1091 2103 1200 2179 majore
1214 2103 1361 2180 implendo

152 2188 239 2239 esset
282 2180 343 2239 Neo
357 2180 383 2238 si
407 2181 540 2240 Herodes
560 2181 667 2241 dicitur
686 2190 862 2240 restaurasse
883 2181 999 2240 domum
1021 2182 1114 2257 istem,
1129 2191 1280 2260 propterea
1294 2203 1359 2241 cen-

153 2260 262 2318 sendus
276 2267 321 2318 est
334 2277 439 2318 novam
449 2261 535 2337 plene
553 2261 729 2336 aedificasse,
752 2261 852 2320 eudem
867 2261 942 2319 enirn
957 2281 1023 2320 cunr
1037 2263 1158 2339 Templo
1173 2262 1360 2322 Zorobobelis

153 2357 268 2415 semper
280 2346 438 2415 reputetur.
480 2341 593 2398 Deinde
607 2339 713 2399 frustm
732 2340 852 2417 fingitur
872 2339 1023 2418 Templum
1038 2340 1074 2400 de
1088 2360 1166 2400 novo
1180 2341 1358 2418 erigendum,

152 2437 220 2476 cum
240 2419 282 2476 ita
296 2419 424 2477 excisum
450 2419 495 2493 sit,
511 2428 545 2478 ut
564 2419 645 2477 nulle
666 2437 731 2496 spes
751 2420 968 2479 restaurationis
989 2421 1100 2497 reliqua
1115 2420 1191 2479 facto
1205 2423 1251 2495 sit,
1266 2423 1360 2498 etqui

153 2497 210 2554 sub
226 2496 354 2556 Adriano
368 2499 417 2555 vel
431 2499 551 2557 Juliano
564 2499 619 2558 hoo
639 2506 794 2575 tentarunt,
809 2499 890 2558 irrito
905 2507 1010 2559 conatu
1024 2501 1079 2559 hoc
1093 2501 1224 2577 aggressi
1240 2509 1315 2576 sunt,
1331 2509 1360 2560 et

152 2575 269 2634 coelitus
279 2577 337 2634 sint
349 2577 496 2653 prohibiti.
831 2615 834 2623 ·

151 2695 175 2744 Q
208 2697 248 2738 m
277 2694 293 2737 d
363 2718 374 2729 ,
455 2657 566 2716 XXX.
589 2657 697 2730 Quarta
712 2657 926 2717 Demonstratio
945 2657 1105 2717 desumitur
1125 2678 1162 2716 ex
1177 2659 1278 2734 Siprsb,
1294 2678 1358 2735 quoe

176 2707 572 2822 Ι11111110«1111111Ῑὲιι1ιόιι1ιιιιι
593 2737 709 2795 Messie
734 2738 862 2796 comitari
886 2736 1064 2797 debuerunt:
1093 2737 1238 2814 Respecto
1258 2740 1358 2796 Judoe-

182 2823 237 2862 ²¹¹¹?
416 2836 505 2888 mum,
527 2816 704 2893 Reipublieae
732 2825 761 2875 ot
788 2817 896 2894 politiae
920 2817 1056 2875 Judaicee
1078 2835 1170 2890 cesus,
1196 2825 1225 2875 et
1254 2816 1358 2892 Populi

149 2895 291 2972 rejectio:
314 2895 458 2974 Respectu
481 2897 592 2971 Mundi,
621 2895 757 2954 falsorum
787 2895 974 2955 Orsculorusn
998 2896 1084 2970 finis3
1133 2894 1279 2970 Respectu
1300 2898 1357 2955 Ec-

150 2976 250 3050 oleeioe,
267 2974 391 3033 Vocatio
405 2976 553 3034 Gentium.
595 2975 666 3050 Ques
680 2975 776 3033 omnia
793 2995 858 3034 oum
875 2974 989 3051 jamdiu
1003 2975 1122 3052 implete
1136 2974 1202 3048 sint,
1219 2975 1357 3034 Messinm

151 3077 372 3182 bennun
414 3053 1026 3194 ttttttt¹¹⁰⁶ttttntnist
1040 3054 1357 3194 ttttttttttttt

180 3209 222 3240 ⁸¹¹⁸
239 3195 309 3254 MP·
414 3223 498 3290 esset,
520 3233 579 3272 non
599 3153 694 3291 potiit
716 3211 826 3271 destrui
848 3211 975 3288 Respub.
1000 3219 1067 3270 ante
1102 3213 1165 3288 ejus
1189 3210 1355 3272 adventum.

150 3293 274 3352 Constat
285 3293 362 3352 enim
377 3294 514 3352 Messinm
525 3293 624 3351 venire
638 3291 772 3350 debuisse
784 3291 820 3349 sd
835 3293 974 3366 Populum
993 3291 1084 3366 illum,
1100 3292 1130 3348 in
1147 3291 1247 3350 Tribus
1267 3311 1300 3350 ac
1314 3293 1356 3351 fa·

149 3373 248 3432 miliae
257 3392 324 3432 suas
338 3373 514 3448 distinctum,
530 3373 567 3430 ad
579 3374 700 3430 Terram
714 3372 801 3444 illam,
818 3379 847 3430 et
861 3371 898 3429 ad
915 3372 1057 3448 Templum
1072 3371 1102 3429 in
1116 3390 1174 3448 quo
1188 3370 1356 3448 quotidiano

149 3452 233 3512 cultu
241 3454 457 3530 expectabatur.
479 3453 501 3513 J
503 3472 549 3511 arn
557 3471 627 3510 vero
638 3471 703 3512 cum
715 3451 951 3510 amultissecnlis
963 3449 1139 3527 Respublica
1144 3451 1205 3527 jam
1218 3450 1357 3529 dissipate
1398 3497 1400 3502 .

148 3533 192 3608 iit,
208 3540 238 3590 et
251 3533 376 3610 populus
390 3533 492 3592 misere
506 3531 652 3609 dispersus
663 3552 714 3609 per
724 3551 824 3590 omnes
837 3530 938 3589 mundi
951 3538 1056 3607 partas,
1070 3531 1164 3607 patria
1173 3539 1201 3589 et
1215 3539 1290 3589 terra
1304 3552 1357 3591 sua
1375 3567 1378 3574 ι

149 3613 262 3690 pulsus,
286 3612 389 3690 politia
407 3611 484 3670 omni
506 3625 615 3686 eversa,
633 3612 712 3671 Urbe
737 3611 799 3670 solo
822 3618 944 3686 aequata,
971 3610 1066 3669 Sacris
1088 3610 1212 3684 abolitis,
1235 3611 1356 3688 Templo

149 3691 307 3766 destructo,
323 3692 469 3751 Tribubus
483 3690 616 3750 omnibus
630 3689 766 3764 confusis,
782 3690 843 3750 sine
858 3690 919 3748 ulls
940 3709 990 3766 spe
1004 3689 1123 3764 reditus,
1138 3710 1196 3749 non
1210 3710 1228 3747 a
1240 3694 1278 3749 70
1292 3699 1355 3750 tan·

148 3779 213 3830 tum
224 3770 316 3845 annis,
332 3771 382 3849 qui
396 3771 451 3830 fuit
461 3771 600 3830 terminus
611 3770 787 3846 captivitatis
799 3769 994 3846 Babylonius,
1004 3789 1057 3828 nec
1067 3789 1084 3828 a
1094 3770 1234 3842 ducentis,
1250 3770 1356 3847 quibus

148 3851 267 3909 duramt
278 3852 402 3910 servitus
413 3850 600 3928 AEgyptiace,
613 3850 663 3908 sed
674 3849 780 3908 emille
791 3857 820 3907 et
831 3850 976 3909 sexcentis
990 3857 1019 3908 et
1032 3850 1169 3926 amplius,
1186 3849 1263 3922 Quid
1276 3849 1356 3908 aliud

149 3930 207 3989 ista
220 3931 318 3989 omnis
339 3931 473 4005 clamant,
488 3930 544 3988 nisi
567 3930 705 3987 Messium
722 3931 783 4007 jam
808 3929 932 4004 venisse,
957 3949 1011 3987 neo
1024 3929 1145 3987 ulterius
1167 3947 1229 3986 esse
1251 3947 1351 4005 expec-

148 4009 295 4069 tandum?
337 4010 407 4085 Qua
430 4011 454 4069 si
468 4030 487 4068 a
506 4010 610 4068 misera
629 4017 714 4086 gente
737 4007 875 4067 attentius
899 4009 1117 4087 pensitarentur,
1144 4006 1214 4065 satis
1242 4006 1291 4064 vel
1318 4027 1355 4066 ex

148 4089 254 4166 seipsis
267 4109 378 4167 suoque
399 4097 484 4165 statu,
500 4109 623 4149 errorem
636 4099 665 4148 et
674 4087 822 4166 perfidiam
838 4107 918 4148 sunm
933 4094 1130 4165 agnoscerent.
1173 4085 1265 4158 Quam
1279 4087 1356 4144 enim

148 4169 235 4227 aliem
257 4189 372 4228 causam
394 4169 495 4228 afferre
514 4171 655 4246 possent?
695 4168 754 4227 Cur
771 4175 814 4228 tot
835 4169 940 4227 seculis
961 4166 1033 4225 adeo
1046 4163 1180 4240 neglecti,
1195 4173 1255 4223 tem
1276 4164 1356 4224 duris

148 4247 217 4307 fetis
239 4250 367 4326 exerciti,
383 4257 443 4307 tem
456 4250 515 4308 late
529 4249 621 4326 sparsi
644 4268 679 4306 ac
706 4248 816 4322 exules,
831 4249 885 4306 toti
899 4245 998 4325 generi
1024 4245 1150 4302 humano
1178 4244 1260 4303 triste
1282 4244 1355 4304 odeo

147 4327 306 4387 ludibrium
331 4328 472 4402 debeant;
504 4348 569 4387 oum
583 4337 643 4388 tam
657 4327 743 4386 anxie
764 4327 903 4386 Messinm
925 4345 1008 4385 suum
1033 4331 1195 4399 expectent,
1218 4330 1248 4381 et
1261 4323 1354 4399 quoti·

148 4407 245 4466 disnis
258 4408 335 4467 votis
350 4427 383 4466 no
396 4408 531 4486 precibus
544 4407 667 4485 fatigent
678 4430 685 4482 ;
707 4427 760 4464 nec
771 4406 843 4465 adeo
858 4405 998 4464 idolorum
1008 4402 1096 4477 cultu,
1109 4403 1210 4460 aliisve
1225 4403 1355 4478 gentium

148 4487 277 4564 peccatis
299 4487 370 4547 foedi
392 4488 504 4547 sintae
529 4489 655 4565 Majores
680 4487 817 4564 ipsorum.
860 4485 993 4544 Profecto
1007 4482 1093 4540 aliam
1108 4501 1223 4539 causam
1236 4481 1355 4541 subesse

148 4585 268 4625 necesse
289 4575 342 4643 est,
358 4586 422 4644 quae
436 4567 575 4645 populum
588 4568 664 4626 bunc
680 4568 744 4626 Deo
764 4567 833 4624 olim
847 4563 1043 4645 perdilectum,
1058 4561 1161 4620 misere
1175 4560 1248 4619 adeo
1262 4581 1356 4620 errare

148 4647 317 4722 sinatque
331 4645 388 4706 alia
408 4667 466 4706 non
481 4653 576 4724 potest
596 4666 669 4724 esse,
691 4665 778 4724 quam
799 4645 860 4703 veri
883 4645 999 4703 Messioe
1013 4641 1101 4720 impia
1114 4641 1241 4720 rejectio,
1263 4649 1294 4700 et
1306 4659 1355 4701 ne·
