3192 5206
205 334 264 392 334
611 349 703 392 aecus
718 348 847 390 oacruos
862 347 1006 397 Quassus.
1238 328 1364 412 [eumer.
1380 352 1410 393 n.

204 491 318 550 dedisse
334 489 411 549 hiasi
423 490 498 561 alyn
512 489 595 567 ζόπι
612 492 738 551 Oraculo
751 491 822 565 υἱυα,
840 489 949 567 Legem
963 498 1033 566 puta
1047 509 1133 567 quam
1149 490 1257 567 populo
1279 491 1413 568 traderet,

204 579 238 630 ut
251 591 353 630 sensus
367 571 412 644 sit,
429 571 477 628 vel
493 571 600 646 Legem
623 571 764 629 Israelitis
775 569 910 629 traditam
921 589 972 647 per
995 589 1120 645 manum,
1136 568 1175 627 id.
1191 577 1363 646 potestatem
1387 582 1417 632 et

205 650 391 712 directionem
408 649 577 708 Mediatoris
589 651 695 709 Christi
709 650 846 728 populum
861 649 943 708 illum
956 650 987 707 in
999 668 1082 708 suum
1097 648 1253 707 adventum
1264 651 1319 709 hoc
1330 652 1416 710 modo

205 730 402 808 praeparantis,
418 730 466 787 vel
481 749 533 788 sua
547 749 634 788 manu
650 731 795 789 Christum
811 731 920 806 Legem
943 728 1123 806 proferendo,
1143 730 1225 805 quasi
1249 730 1363 788 Vadem
1386 751 1417 792 se

204 811 331 868 medium
346 809 559 886 interposuisse,
576 810 626 886 qui
641 818 670 868 et
685 811 794 886 Legem
806 809 961 886 aliquando
975 808 1100 886 perfecte
1111 817 1268 886 praestaret,
1284 819 1313 868 et
1328 811 1416 889 Legis

205 890 416 948 execrationem
430 890 462 946 in
476 909 507 946 se
521 888 680 947 derivando
694 909 747 948 uos
761 889 798 947 ab
812 909 847 948 ea
861 890 1003 948 liberaret.
1037 889 1068 946 Si
1082 889 1119 945 ad
1135 889 1248 946 Mosem
1268 889 1415 967 referatur,

204 977 238 1029 ut
251 969 360 1046 placuit
375 969 537 1046 Epiphanio
551 977 580 1027 et
590 969 663 1043 aliis,
674 989 748 1046 quos
759 969 888 1046 sequitur
897 969 943 1027 hic
956 969 1041 1042 Besa,
1052 969 1146 1045 quiah
1154 974 1218 1048 χιιςὶ
1227 969 1417 1029 ministerium

204 1050 309 1126 potius,
325 1069 412 1126 quam
426 1067 567 1106 summam
581 1056 753 1125 potestatem
767 1055 856 1122 notat,
881 1047 959 1126 quod
973 1049 1076 1106 'minus
1100 1050 1267 1107 conveniret
1292 1049 1416 1126 Christo,

206 1137 235 1188 et
249 1130 317 1205 quia
341 1136 454 1187 constat
468 1129 577 1204 Legem
591 1149 609 1186 a
624 1129 707 1187 Mose
721 1128 826 1204 datam,
843 1129 912 1188 Jeh.
928 1129 946 1186 i.
965 1132 1010 1202 17,
1031 1136 1064 1187 ut
1086 1128 1155 1186 alibi
1179 1128 1285 1187 dicitur
1306 1129 1374 1188 data
1399 1151 1417 1189 a

208 1210 271 1266 Deo
280 1229 337 1284 per
351 1229 465 1266 monum
480 1209 576 1283 Messa,
594 1209 664 1266 Lev.
680 1209 762 1266 xxvi.
778 1211 825 1282 46,
841 1209 913 1266 nihil
927 1208 995 1266 inde
1006 1207 1121 1266 decedit
1132 1210 1280 1267 sententiaa
1292 1219 1416 1286 nostrae;

207 1288 282 1364 Quia
296 1288 394 1346 Moses
409 1288 523 1366 typicus
544 1295 658 1346 tantum
677 1288 789 1347 dicetur
811 1287 964 1362 Mediator,
987 1287 1132 1366 quomodo
1157 1288 1220 1346 Lex
1245 1296 1332 1364 typus
1356 1299 1418 1348 erat

208 1368 371 1445 Evangelii,
387 1387 444 1425 non
459 1377 491 1426 ut
505 1367 638 1444 adaequet
652 1369 799 1426 Christum
809 1368 839 1425 in
854 1367 995 1440 omnibus,
1012 1376 1056 1425 set
1069 1375 1103 1426 ut
1122 1368 1246 1426 tenuiter
1270 1369 1364 1444 ipsum
1387 1370 1418 1426 in

207 1447 379 1525 quibusdam
395 1455 507 1506 tantum
521 1447 680 1506 adumbret.
724 1447 866 1506 Caeterum
880 1447 958 1523 quod
972 1446 1088 1506 additur
1098 1467 1158 1505 ver.
1174 1449 1220 1518 20,
1231 1449 1328 1522 pra-bs<
1339 1445 1363 1506 a
1373 1452 1418 1514 blf

207 1533 251 1585 los
272 1551 330 1600 rosa,
354 1531 365 1586 ὃ
386 1524 411 1584 δι
431 1529 486 1592 hale
504 1531 536 1590 ἑις
557 1551 609 1584 erre
624 1528 770 1584 Mediator
783 1547 838 1585 aaa
853 1536 892 1584 eat
912 1528 1001 1601 aeres,
1016 1529 1097 1584 Deus
1117 1537 1210 1584 autem
1230 1538 1270 1585 est
1288 1548 1369 1603 unus,
1385 1537 1418 1586 ut

207 1608 300 1667 obiter
314 1607 424 1684 aliquid
437 1608 566 1664 dicamus
581 1607 617 1664 de
631 1607 696 1665 loeo
709 1606 831 1665 obscuro
846 1615 875 1664 et
889 1605 1014 1682 diffieili;
1039 1607 1087 1664 Sic
1101 1615 1196 1682 potest
1223 1627 1280 1666 non
1309 1608 1416 1666 incom·

207 1687 291 1746 mode
307 1687 443 1746 illustrari
458 1706 495 1744 ex
510 1705 597 1764 scopo
613 1686 755 1763 Apostoli,
782 1686 832 1762 qui
856 1695 908 1760 est,
934 1685 1085 1745 ostendere
1109 1705 1167 1744 non
1191 1686 1253 1744 dari
1275 1687 1417 1746 vitam-et

203 1767 440 1846 justificationem
454 1786 505 1843 per
519 1765 637 1842 Legem,
653 1766 800 1843 quiscum
815 1765 845 1824 in
859 1785 893 1824 ee
907 1765 1024 1824 ferenda
1038 1785 1111 1843 opus
1135 1765 1221 1824 fuerit
1246 1767 1415 1842 Mediatore,

207 1847 274 1909 inde
288 1847 379 1924 liquet
394 1866 458 1904 eam
471 1865 529 1904 non
544 1866 607 1905 esse
622 1846 770 1904 vinculum
784 1855 890 1904 nostrae
901 1865 966 1904 eum
978 1846 1041 1903 Deo
1056 1845 1276 1922 conjunctionis,
1302 1847 1353 1904 sed
1366 1866 1416 1924 po-

207 1928 265 1985 tius
279 1927 403 1984 indicem
418 1935 523 1984 nostrse
539 1925 576 1983 ab
591 1926 640 1983 illo
655 1925 874 1984 abalienationis
887 1935 916 1983 et
930 1925 1051 1983 dissidii.
1094 1926 1175 1999 Quia,
1191 1926 1293 2002 iuquit,
1305 1926 1417 1984 Media-

207 2015 253 2064 ter
266 2027 322 2064 non
336 2015 376 2064 est
388 2007 476 2079 unies,
489 2005 599 2064 scilicet
613 2005 711 2081 partis,
728 2005 780 2062 sed
793 2005 918 2082 plurium
932 2005 980 2062 vel
995 2005 1096 2063 saltem
1110 2005 1282 2079 demumst
1302 2005 1419 2082 quidem

208 2085 424 2158 dissidentium
447 2103 513 2142 nam
528 2084 578 2142 ubi
592 2085 660 2142 unio
675 2093 727 2159 est,
756 2085 830 2142 nihil
853 2103 925 2160 opus
949 2093 993 2142 est
1016 2084 1192 2142 intercedere
1218 2084 1416 2143 Mediatorem.

209 2165 293 2240 Quod
307 2185 376 2222 vero
391 2164 513 2237 additur,
530 2167 609 2222 Deus
623 2173 715 2221 autem
725 2184 797 2222 unus
811 2174 857 2238 eat,
873 2184 931 2223 non
952 2171 1011 2222 tam
1035 2163 1156 2222 refertur
1178 2163 1216 2222 ad
1236 2165 1374 2223 unitatem
1389 2173 1419 2222 et

208 2243 420 2320 simplieitatem
436 2243 499 2316 Dei,
515 2263 601 2321 quam
616 2242 654 2300 ad
667 2244 730 2319 ejus
744 2244 934 2302 constantiam
948 2251 978 2302 et
999 2243 1268 2318 immutabilitatem,
1293 2263 1352 2302 non
1366 2245 1418 2302 mi·

207 2341 262 2380 nus
276 2324 305 2379 in
321 2331 430 2396 nature,
446 2340 532 2398 quam
547 2322 576 2378 in
592 2323 719 2380 consiliis
728 2331 757 2381 et
769 2322 899 2396 decretis,
910 2322 949 2380 id.
964 2332 1092 2381 constans
1106 2332 1134 2381 et
1148 2323 1204 2380 sihi
1219 2342 1330 2399 semper
1341 2323 1419 2382 simi-

207 2401 252 2460 lis.
296 2402 368 2459 Cum
383 2420 452 2476 ergo
466 2399 621 2476 perfectam
639 2401 783 2477 justitiam
807 2402 845 2460 ad
868 2403 959 2460 vitam
980 2401 1165 2461 obtinendam
1188 2402 1219 2459 in
1245 2404 1323 2479 Lege
1345 2423 1418 2480 prae·

208 2480 362 2556 scripserit,
378 2499 431 2537 nee
446 2479 489 2536 illi
503 2481 539 2537 ab
554 2481 669 2538 homine
682 2489 833 2556 peccatore
847 2481 910 2539 dari
931 2482 1065 2558 potuerit,
1087 2490 1166 2558 patet
1187 2483 1418 2559 conjunctionem

208 2560 329 2618 duarum
343 2560 461 2617 istarum
475 2560 599 2636 partium
613 2559 823 2635 dissidentium,
841 2560 896 2618 Dei
924 2561 985 2619 scil.
1011 2562 1182 2636 ethemima,
1209 2582 1266 2620 non
1290 2563 1419 2639 potuisse

207 2639 269 2698 ficri
290 2659 341 2717 per
357 2639 473 2715 Legem,
490 2639 541 2696 aed
554 2659 606 2716 per
620 2640 709 2697 solam
721 2641 865 2717 justitiam
879 2647 909 2698 et
934 2639 1164 2700 Satisfactionem
1189 2641 1303 2715 Christi,
1329 2660 1417 2718 quam

210 2719 401 2796 Evangelium
413 2717 496 2777 nobis
505 2719 669 2793 annunciat,
679 2730 711 2777 ut
721 2719 776 2777 hoc
788 2718 948 2796 Apostolus
956 2728 1106 2779 notaverat
1116 2740 1174 2778 ver.
1187 2724 1233 2780 13.
1246 2720 1369 2795 Quidam
1380 2741 1418 2780 ex

209 2800 379 2876 AEthiopico
393 2800 547 2875 interprete
562 2799 603 2856 sic
618 2807 775 2875 exponunt,
791 2800 937 2858 Mediator
950 2801 1031 2857 unitis
1041 2821 1097 2858 noe
1108 2810 1155 2875 cet,
1170 2803 1250 2858 Deus
1260 2811 1354 2859 aulem
1378 2809 1420 2859 est

209 2901 288 2954 unus,
305 2879 366 2938 scil.
382 2881 511 2952 dumam,
524 2879 574 2954 qui
587 2879 663 2937 inter
675 2898 706 2936 se
721 2878 871 2937 dissident.
916 2879 973 2938 Sed
984 2879 1039 2937 hoc
1050 2878 1280 2955 frigidiusculum
1292 2879 1415 2953 videtur,

209 2960 277 3038 quia
291 2979 375 3017 nemo
387 2959 519 3036 ignorare
532 2959 635 3034 potuit,
653 2958 746 3016 Deum
761 2977 824 3017 esse
835 2977 924 3018 unum
936 2977 973 3017 ex
984 2958 1198 3034 dissidentibus,
1209 2979 1274 3018 cum
1284 2969 1418 3036 ageretur

209 3039 245 3097 de
260 3039 438 3098 Mediatione
449 3037 526 3117 apud
539 3038 642 3115 ipsum.

707 3278 901 3352 Qumsmo
923 3277 965 3336 11.

211 3434 258 3492 An
281 3433 407 3492 Olert‘atus
427 3434 463 3492 ait
485 3435 630 3492 Mediator
653 3439 803 3494 secundum
826 3445 975 3512 utramque
999 3437 1153 3497 Naturam.
1203 3436 1315 3496 Affirm.
1340 3445 1416 3495 cont.

636 3515 769 3575 Pontifie.
783 3524 813 3574 et
825 3516 1004 3574 Staueerum.

254 3670 278 3728 1.
302 3669 429 3744 Quaestio
442 3671 597 3729 haecnohis
611 3672 763 3732 intercedit
774 3693 840 3732 cum
852 3674 1019 3750 Pontificiis,
1032 3674 1080 3751 qui
1094 3681 1127 3733 ut
1141 3673 1254 3733 facilius
1269 3673 1418 3732 obtineant

212 3749 309 3827 plures
323 3749 386 3808 dari
399 3768 484 3826 posse
498 3751 679 3827 mediatores,
694 3753 869 3829 pertendunt
884 3755 1030 3813 Christum
1051 3753 1240 3812 Mediatorem
1261 3753 1351 3813 fuisse
1373 3773 1417 3812 se·

213 3829 339 3890 cundum
363 3839 495 3888 naturam
517 3831 672 3890 humanam
694 3840 815 3906 tantum,
841 3841 874 3890 ut
897 3842 964 3909 post
985 3833 1118 3892 Lombar.
1134 3833 1184 3891 lib.
1199 3837 1226 3907 3,
1243 3832 1310 3891 dist.
1325 3853 1352 3910 q.
1370 3833 1415 3908 le,

213 3909 233 3968 l.
245 3912 278 3985 93
300 3910 404 3969 Thom.
419 3931 446 3986 p.
470 3913 496 3984 3,
513 3930 541 3986 q.
557 3913 604 3984 26,
620 3920 672 3970 art.
689 3917 727 3986 23
751 3911 825 3970 Bell.
841 3923 949 3970 contro.
967 3915 992 3988 1,
1009 3913 1045 3970 de
1067 3913 1189 3986 Christo,
1207 3913 1271 3970 Lib.
1287 3917 1314 3988 5,
1337 3932 1362 3973 c.
1378 3916 1415 3985 33

215 3989 348 4048 Becanns
362 3989 392 4048 in
406 4009 511 4064 mann,
527 3989 577 4049 lib.
593 3993 620 4065 3,
637 4011 661 4049 e.
674 3996 702 4065 2,
718 3999 747 4050 et
761 3991 811 4048 alii
825 3990 956 4050 afferunt.
999 3993 1078 4066 Quos
1089 3991 1136 4049 hie
1150 3993 1306 4051 Stcncams
1321 3991 1416 4068 sequi-

213 4077 268 4144 tur,
285 4069 417 4145 quidum
443 4088 473 4128 se
493 4069 611 4146 opponit
626 4071 826 4129 vehementius
840 4071 981 4130 Osiandro
997 4071 1123 4148 Collegae
1148 4091 1200 4130 suo
1214 4073 1243 4129 in
1259 4070 1419 4130 Academia

215 4147 447 4224 Regiomontana
474 4149 611 4208 statuenti
636 4149 782 4208 Christum
804 4167 863 4208 non
886 4169 950 4210 esse
975 4150 1165 4210 Mediatorem
1189 4151 1245 4210 nisi
1260 4151 1419 4210 secundum

215 4235 346 4286 astruam
362 4227 499 4302 divinam,
515 4228 643 4304 adeoque
658 4247 711 4286 nos
721 4227 876 4305 justificari
890 4239 997 4288 aeterna
1010 4238 1040 4289 et
1058 4230 1204 4288 essentiali
1218 4231 1283 4308 ejus
1293 4229 1416 4307 justitia,

214 4325 272 4364 non
294 4307 364 4365 satis
387 4306 591 4382 distinguendo
614 4307 768 4365 efficaciam
785 4307 892 4366 Christi
906 4308 943 4366 ab
964 4311 1028 4386 ejus
1041 4309 1161 4385 merito,
1184 4309 1219 4367 ln
1244 4310 1418 4368 contrarium

214 4405 338 4444 errorem
354 4385 570 4445 Pontificiorum
590 4383 692 4444 incidit
705 4386 850 4444 affirmans
865 4388 1010 4446 Christum
1031 4395 1143 4447 tantum
1163 4388 1321 4448 secundum
1336 4395 1418 4446 natu·

216 4483 276 4522 ram
291 4463 446 4522 humanam
461 4463 649 4524 Mediatorem
662 4483 735 4522 esse.

235 4583 322 4628 gun„
348 4583 433 4632 Qu„
517 4542 559 4601 11.
582 4543 647 4601 Non
660 4543 806 4619 quaeritur,
824 4543 872 4600 An
886 4563 1008 4620 persona
1023 4545 1193 4605 Mediatoris
1207 4545 1330 4604 divina?
1351 4543 1415 4600 Hoc

295 4643 375 4686 uenis.
474 4621 549 4680 enim
564 4641 621 4679 nen
636 4633 744 4698 negant
754 4622 928 4700 adversarii;
947 4625 1004 4684 Sed
1016 4626 1063 4683 An
1075 4627 1203 4684 actiones
1213 4625 1261 4684 vel
1272 4623 1418 4701 passiones
