3186 5210
103 345 296 426 Quasnam]
540 362 578 402 ns
601 359 767 402 vocarrosu
789 360 826 399 ur
847 358 925 400 rma
1250 345 1308 403 509

106 511 154 583 16,
184 511 232 582 32,
255 509 303 580 33,
330 500 394 579 dcc,
428 503 503 580 Eph.
525 501 544 560 i.
567 505 594 578 3,
618 506 645 576 4,
676 505 702 578 5,
726 502 825 560 icor.
841 521 870 559 v.
887 505 913 574 1,
947 501 1008 560 Col.
1024 501 1042 560 i.
1059 504 1086 576 5,
1111 501 1206 562 lPet.
1231 503 1250 561 i.
1279 507 1308 576 2,

105 592 119 647 1
145 589 210 646 Cor.
232 587 262 644 ii.
293 589 339 656 12,
371 587 385 640 1
409 583 478 642 Joh.
501 582 540 640 iii.
563 587 591 640 2.
644 583 705 639 Nec
732 582 780 639 hic
807 580 1011 639 recurrendum
1039 583 1076 640 ad
1104 585 1309 644 revelationem
1338 603 1341 608 ’

102 665 249 746 quandam
264 663 417 742 specialem
428 670 458 720 et
471 661 735 736 extraordinariam,
752 679 816 737 qua
837 660 1018 737 quorundam
1040 662 1085 736 sit,
1100 683 1159 721 non
1173 666 1310 723 omnium.

103 747 180 822 Quia
203 745 352 822 persuasio
380 743 435 800 ista
463 761 521 800 non
545 742 647 800 nititur
673 741 734 798 ullo
754 740 909 816 privilegio
931 749 1073 800 certorum
1094 743 1233 819 fidelium,
1260 744 1312 804 scd

102 827 211 905 pendet
222 845 259 884 ex
270 821 464 882 fundamentis
476 821 667 898 generalibus,
684 827 713 878 et
724 820 858 877 omnibus
867 819 1002 877 fidelihus
1016 823 1225 898 communibus,
1241 831 1312 901 puta

104 927 122 964 a
132 905 264 964 Foedcris
272 912 407 976 naturae
422 900 529 959 Christi
540 901 634 960 Morte
646 910 675 958 et
684 900 914 974 Resurrectione,
927 919 945 957 a
959 900 1015 957 Dei
1027 901 1191 979 Fidelitate,
1204 912 1233 962 et
1247 905 1312 962 sim.

105 1027 127 1072 ι
140 1023 347 1071 mmmmm,
409 979 468 1038 IX.
491 983 518 1038 4.
535 979 609 1054 Quia
632 979 825 1050 Sacramenta,
847 997 912 1055 quae
937 987 1005 1038 aunt
1027 981 1124 1059 sigilla
1147 983 1312 1060 promissio-

368 1079 446 1132 num,
457 1059 658 1137 particularem
667 1059 752 1116 istam
762 1058 984 1133 applicationem
996 1060 1159 1138 important,
1171 1072 1314 1138 quatenus

105 1144 137 1203 in
165 1161 231 1201 eum
255 1140 342 1198 linem
369 1139 501 1198 instituta
529 1149 604 1212 sunt,
637 1147 670 1196 ut
697 1137 902 1214 promissiones
930 1141 1079 1214 generales
1107 1150 1137 1200 et
1157 1142 1314 1202 indefinita

106 1223 288 1301 applicentur
302 1228 331 1277 et
345 1218 535 1295 obsignentur
557 1217 706 1294 sigillatim
727 1215 831 1292 cuique
852 1216 940 1275 fideli.
984 1219 1071 1279 Unde
1091 1223 1193 1279 nonin
1208 1242 1313 1300 genere

107 1311 221 1362 tantum
234 1308 440 1377 proponuntur,
457 1299 508 1356 sed
523 1297 552 1355 in
567 1297 661 1375 specie
689 1295 756 1354 huic
779 1304 809 1354 et
832 1295 875 1352 illi
890 1295 1049 1374 individuo,
1073 1301 1122 1376 qui
1145 1302 1316 1379 supponitur

108 1383 215 1440 habere
242 1379 338 1452 fidem,
361 1377 598 1436 administrantur
617 1385 647 1436 et
680 1383 887 1453 proponuntur.
953 1377 1023 1450 Quae
1049 1389 1144 1437 autem
1169 1390 1214 1439 est
1241 1382 1316 1440 ratio

111 1463 370 1532 sacramentorum,
387 1457 486 1516 cadem
501 1457 587 1516 debet
602 1476 664 1516 esso
685 1454 916 1533 promissionum.
960 1457 1021 1515 Nec
1039 1459 1125 1534 juvat
1140 1458 1234 1518 dicere
1250 1481 1315 1519 cum

110 1540 288 1600 Bellarmino
305 1539 489 1597 Sacramenta
503 1557 566 1595 csse
581 1537 664 1612 signa
678 1535 780 1594 salutis
794 1533 965 1611 infallibilia,
981 1557 1038 1594 nou
1050 1537 1189 1613 absolute,
1206 1539 1257 1597 scd
1278 1559 1316 1598 ex

109 1631 191 1700 parte
206 1619 260 1692 aui,
285 1619 310 1676 si
324 1618 411 1676 homo
425 1637 483 1674 non
505 1624 594 1693 ponat
608 1615 728 1674 obicem.
781 1613 855 1688 Quia
868 1622 901 1672 ut
921 1616 982 1690 jam
997 1617 1114 1690 dictum,
1141 1619 1254 1694 agimus
1269 1620 1316 1678 bic

111 1702 148 1760 de
169 1717 239 1756 vero
252 1697 340 1772 fideli,
356 1717 414 1754 non
432 1695 469 1754 de
491 1695 650 1772 hypocrita,
675 1694 725 1771 qui
747 1694 829 1770 ponit
848 1694 970 1772 obicem,
986 1704 1015 1754 et
1036 1697 1082 1754 cui
1099 1697 1315 1757 Sacramentum

113 1781 180 1839 ideo
193 1777 267 1835 nihil
280 1777 424 1853 obsignat.

421 1855 463 1912 X.
486 1857 514 1912 5.
536 1854 612 1928 Quia
638 1853 687 1930 qui
702 1852 848 1929 obsignati
862 1863 930 1912 sunt
957 1855 1065 1932 Spiritu
1086 1855 1201 1930 Sancto,
1218 1863 1247 1914 ct
1268 1857 1319 1933 qui

112 1913 360 2029 ⁵'Absfflfflm
381 1935 569 1992 arrhabonem
583 1933 761 1992 haereditatis
775 1942 955 2008 acceperunt,
971 1944 1092 2011 possunt
1106 1935 1160 1993 sibi
1175 1936 1319 2012 applicare

376 2014 594 2092 promissionem
610 2013 678 2089 quie
688 2031 773 2070 nemo
788 2011 959 2092 signaturjn
971 2033 1050 2091 spem
1064 2014 1251 2091 indefinitam,
1268 2016 1320 2074 sed

112 2105 225 2157 tantum
250 2095 300 2153 ille
314 2093 362 2153 cui
375 2093 557 2172 peculiariter
584 2092 744 2170 applicatur
764 2091 926 2168 promissio.
978 2094 1113 2152 Arrhabo
1141 2103 1236 2152 autem
1261 2111 1320 2154 non

113 2177 199 2234 datur
213 2174 316 2244 solum,
337 2183 370 2232 ut
384 2173 450 2250 quis
461 2173 533 2232 aciat
557 2172 726 2250 promissam
741 2189 805 2228 esse
820 2171 954 2231 omnibus
978 2181 1007 2232 ct
1021 2174 1100 2232 nullo
1115 2174 1228 2232 delectu
1244 2176 1320 2234 salu·

113 2265 173 2316 tem
187 2254 288 2332 paucis
299 2254 499 2326 obventurum,
516 2251 567 2310 sed
581 2261 613 2310 ut
628 2251 704 2308 norit
718 2270 748 2308 se
769 2250 845 2307 inter
859 2271 958 2310 omues
984 2261 1064 2312 etex
1079 2253 1212 2312 omnibus
1226 2253 1321 2313 delec-

114 2345 186 2408 tum,
203 2334 341 2392 cuicerta
354 2333 437 2391 tieret
457 2331 619 2409 promissio.
663 2331 705 2388 At
729 2330 784 2387 hoc
812 2331 919 2406 passim
934 2331 970 2390 de
991 2331 1125 2392 fidelibus
1139 2333 1320 2411 predicatur,

116 2420 135 2473 2
152 2415 219 2472 Cor.
237 2413 257 2470 i.
273 2415 320 2486 21,
342 2413 390 2487 22,
407 2412 482 2488 Eph.
504 2412 523 2470 i.
540 2414 586 2485 13,
599 2418 629 2469 et
642 2410 682 2468 iv.
695 2411 742 2484 30,
760 2409 844 2466 Rom.
860 2410 921 2468 viii.
939 2414 984 2470 16.

159 2491 220 2550 XI.
262 2493 289 2550 6.
305 2492 379 2565 Quia
393 2491 482 2549 Fides
492 2491 655 2568 justificans
681 2489 742 2547 sine
768 2488 887 2564 speciali
900 2491 1096 2550 misericordia
1118 2513 1176 2551 non
1196 2493 1324 2554 differret

117 2571 206 2632 alide
223 2571 392 2630 Daemonum
414 2579 443 2629 et
472 2570 681 2648 Reproborum,
705 2569 811 2645 quibus
825 2569 929 2628 notitia
953 2580 982 2630 et
1004 2591 1139 2632 assensus
1162 2585 1323 2650 competere

115 2659 247 2732 possunt,
263 2651 386 2709 sednon
400 2649 506 2710 fiducia
520 2649 549 2706 in
560 2647 799 2726 promissionibus
814 2647 930 2708 divinis.

159 2730 237 2789 XII.
260 2730 342 2790 Licet
366 2729 518 2807 promissio
533 2729 665 2806 specialis
686 2727 889 2786 misericordia
903 2738 1035 2806 respectu
1060 2731 1239 2806 singulorum
1254 2731 1324 2789 fide·

117 2813 189 2872 lium
201 2812 231 2868 in
241 2810 407 2888 particulari
418 2829 476 2867 nou
491 2810 670 2867 contineatur
678 2825 814 2883 expresse
823 2815 853 2864 et
862 2808 998 2885 explicite
1013 2810 1042 2866 in
1054 2810 1152 2868 Verbo
1164 2833 1171 2885 ;
1187 2811 1326 2886 implicite

118 2901 216 2951 tamen
230 2900 259 2948 et
273 2889 528 2967 pernecessariam
550 2886 784 2963 consequentiam
800 2885 867 2944 inde
892 2886 1052 2947 deducitur.
1095 2889 1168 2945 Nam
1180 2889 1231 2965 qui
1245 2889 1324 2964 dicit,

121 2969 258 3047 Quisquis
283 2969 375 3028 credit
396 2968 567 3042 servabitur,
582 2967 654 3025 dicit
675 2965 762 3024 etiam
778 2965 896 3024 Petrum
918 2976 948 3025 et
970 2967 1134 3026 Johannem
1163 2968 1327 3028 credentem

119 3059 266 3110 servatum
279 3049 324 3107 iri.
359 3048 402 3108 Ut
414 3049 443 3106 in
460 3048 538 3124 Lege
554 3047 607 3105 sub
621 3044 771 3123 preceptis
788 3045 971 3121 generalibus
985 3047 1121 3124 specialia
1135 3048 1327 3124 continentur,

119 3137 149 3189 et
163 3128 241 3207 quod
255 3129 285 3186 in
307 3147 411 3205 genere
436 3128 570 3186 omnibus
584 3125 772 3198 interdicitur,
789 3125 875 3182 etiam
890 3124 919 3181 in
934 3127 1028 3202 specie
1043 3127 1166 3205 singulis
1190 3127 1328 3207 applicari

120 3209 226 3284 debet;
256 3209 303 3266 Ita
322 3207 402 3285 quod
426 3207 560 3265 omnihus
574 3207 604 3263 in
629 3205 727 3281 aliquo
749 3223 855 3280 genera
880 3206 1064 3280 promittitur,
1079 3215 1175 3284 potest
1199 3217 1229 3266 ct
1243 3205 1330 3265 debet

120 3288 258 3366 applicari
273 3287 396 3365 singulis
410 3287 464 3345 sub
474 3286 526 3344 illo
540 3305 645 3363 genere
660 3283 811 3342 contentis.
855 3283 967 3342 Rursus
978 3286 1220 3362 quemadmodum
1231 3287 1328 3346 Chris·

119 3377 169 3428 tus
191 3367 280 3426 variis
304 3367 334 3425 in
358 3365 524 3446 particulari
545 3363 750 3442 promissiones
775 3363 939 3440 applicavit,
955 3373 988 3424 ut
1004 3365 1176 3442 Paralytico,
1200 3367 1328 3442 Latroni,

122 3447 298 3522 Peccatrici;
322 3446 369 3505 Ita
390 3446 505 3505 easdem
521 3445 668 3522 speciatim
694 3443 819 3520 applicat
840 3444 1023 3504 credentibus
1040 3446 1163 3522 Spiritus
1180 3447 1219 3523 S,
1244 3447 1329 3506 Rom.

121 3528 183 3587 viii.
201 3531 246 3602 16,
269 3535 299 3585 et
324 3526 450 3584 Ministri
476 3525 639 3602 Evangelii,
663 3523 732 3584 Joh.
758 3541 809 3580 xx.
825 3525 872 3599 23,
895 3525 946 3602 qui
961 3523 1120 3602 Legatione
1138 3547 1190 3602 pro
1215 3527 1330 3587 Christo

121 3607 291 3686 funguutur,
308 3610 326 3664 2
342 3606 407 3665 Cor.
429 3625 458 3664 v.
474 3607 522 3664 20.

165 3687 261 3745 Xlll.
284 3685 368 3760 Quod
383 3685 553 3764 Apostolus,
580 3683 657 3742 Heb.
683 3681 724 3739 xi.
742 3684 767 3754 l,
783 3681 854 3743 dicit
874 3683 960 3743 fidem
981 3705 1045 3744 esse
1070 3689 1332 3746 danoasuatioaem

124 3766 308 3839 invisibilium,
322 3765 423 3842 probat
434 3765 550 3843 quidem
566 3763 596 3821 in
610 3763 667 3821 lide
681 3761 788 3836 requiri
802 3764 932 3822 notitiam
949 3773 978 3823 et
991 3765 1102 3824 firmam
1117 3768 1332 3842 persuasionem

125 3843 258 3900 veritatis
272 3863 374 3918 rerum,
391 3865 455 3922 quoe
470 3851 670 3921 proponuntur
680 3839 848 3918 credendae;
873 3843 930 3902 Sed
945 3865 1002 3902 uon
1017 3853 1105 3922 negat
1118 3845 1252 3903 fiduciam
1268 3864 1331 3920 spe·

127 3921 209 3980 cialis
223 3922 425 3981 misericordiae
440 3923 477 3981 ad
491 3943 554 3982 eam
568 3923 711 4000 pertinere
723 3941 730 3994 ;
754 3923 818 3980 Imo
831 3923 887 3980 hoc
902 3925 1037 4000 supponit
1057 3925 1227 3996 necessario,
1243 3943 1333 4000 quum

127 4019 191 4059 eam
206 3998 277 4058 dicit
291 4019 353 4058 esse
373 4011 496 4058 tatem
514 4011 556 4057 siv
574 4011 728 4070 litteratam.
750 4001 835 4076 Quod
849 4002 931 4060 addit
944 4023 1003 4060 ver.
1020 4005 1047 4076 3,
1067 4002 1104 4060 dc
1126 4001 1230 4060 Mundi
1254 4021 1331 4060 crea·

127 4080 215 4154 tione,
238 4086 267 4137 et
290 4078 375 4137 Arcas
397 4081 585 4155 extractione,
602 4081 703 4140 eodem
719 4089 838 4159 spectat.
869 4082 943 4138 Num
958 4092 990 4140 ut
1005 4081 1177 4156 Redemptio
1205 4081 1332 4139 Orestio-

127 4177 205 4234 nem,
232 4156 273 4216 sic
293 4159 372 4217 illius
393 4160 496 4218 notitia
516 4160 603 4236 hujus
625 4161 820 4237 cognitionem
844 4179 897 4236 sup
918 4160 987 4232 onit,
1020 4167 1054 4218 ut
1076 4160 1149 4218 fides
1170 4160 1334 4236 justificans

127 4237 305 4298 historicam.
349 4238 393 4297 De
408 4237 527 4298 Noacho
541 4247 637 4299 autem
647 4241 751 4299 falsum
766 4249 819 4316 est,
834 4180 917 4316 quod
926 4239 955 4296 in
967 4239 1147 4298 extractione
1163 4238 1247 4297 Arcae
1262 4239 1335 4297 nihil

128 4317 290 4395 respexerit
303 4317 358 4376 nisi
372 4317 547 4378 horrendum
563 4319 619 4378 Dei
629 4320 773 4397 judicium
787 4321 817 4378 in
832 4317 955 4378 delendo
969 4338 1074 4395 genere
1087 4319 1223 4392 humano,
1238 4319 1274 4377 de
1289 4319 1335 4378 sui

128 4406 226 4458 autem
241 4405 271 4456 et
294 4417 411 4456 auorum
433 4398 602 4458 liberatione
626 4419 663 4457 ex
685 4400 804 4478 speciali
814 4398 1009 4457 misericordia
1022 4399 1094 4456 nihil
1109 4398 1261 4476 cogitarit;
1276 4400 1335 4458 imo

128 4497 188 4538 uon
209 4477 267 4536 alia
289 4477 325 4537 da
345 4497 433 4537 causa
457 4477 565 4536 Arcam
590 4480 728 4553 extruxit,
752 4499 838 4557 quam
871 4485 903 4538 ut
931 4478 986 4536 sibi
1009 4479 1126 4556 suisque
1150 4479 1336 4556 prospiceret.

130 4559 226 4636 Quum
249 4577 326 4634 vero,
342 4577 403 4616 ver.
419 4560 446 4633 6,
459 4557 605 4636 objectum
618 4557 687 4616 fidei
706 4559 812 4619 dicitur
825 4577 887 4618 esse
902 4557 1018 4617 credere
1034 4558 1128 4617 Deum
1142 4578 1214 4634 csse,
1230 4567 1259 4618 et
1272 4577 1336 4618 esse

129 4646 373 4700 remuneratorem
387 4638 482 4717 ipsum
496 4637 700 4716 quaerentibus,
716 4647 795 4718 petet
808 4639 866 4699 duo
874 4639 1037 4700 necessario
1047 4639 1192 4718 conjungi,
1205 4639 1337 4700 notitiam
