3192 5206
229 353 288 412 370
578 366 670 407 rocus
685 365 813 406 proruas
828 364 973 414 ouranos.
1258 343 1393 426 [ounsr.
1409 363 1442 404 x.

229 529 316 588 quam
330 507 446 586 injuria,
461 506 512 566 sed
526 515 558 567 ut
568 509 666 566 Judea
688 509 833 566 etRector
856 505 1002 582 Universi,
1027 505 1066 564 ad
1087 525 1173 582 quem
1194 505 1288 564 solum
1313 504 1449 582 pertinet

230 611 324 668 poeoae
335 587 462 662 inflictio,
475 588 523 646 vel
537 607 650 665 apoena
663 587 805 661 liberatio,
817 586 885 663 quia
893 595 926 644 ut
934 594 1096 662 agnoscunt
1105 604 1204 644 omncs
1218 586 1239 645 J
1241 584 1445 658 urisconsulti,

232 673 287 730 hoc
299 679 411 728 tantum
425 675 470 726 est
481 669 606 744 supremi
626 668 817 743 Magistratus
836 675 866 726 et
878 689 921 731 ras
946 665 1109 748 ὑπςιχοῦης
1124 665 1239 739 ikmbs.
1262 665 1347 724 Licet
1364 665 1444 722 enim

232 749 363 810 Creditor
377 747 469 826 possit
482 746 611 808 debitum
622 757 758 823 repetere,
774 755 803 806 et
818 747 890 805 Pars
904 745 1013 806 offensa
1023 748 1073 824 jus
1087 747 1192 806 habeat
1201 743 1370 823 postulandi
1383 763 1447 802 res·

231 830 404 903 titutionem,
420 836 450 886 et
464 827 561 886 damni
576 827 856 904 compensationem
880 827 921 885 At
932 835 1104 903 potestatem
1115 824 1247 902 cogendi,
1262 826 1309 883 vel
1324 843 1446 902 poenam

234 909 375 985 sumendi,
390 927 474 967 nemo
489 906 547 966 nisi
560 906 669 980 Judex,
685 906 735 982 qui
749 917 793 966 est
814 908 844 964 in
867 907 1041 966 authoritate
1063 907 1245 966 constitutus.
1288 904 1375 978 Quod
1388 905 1446 962 rite

233 991 281 1048 hic
295 988 451 1048 tenendum
466 996 567 1046 contra
577 987 780 1060 Adversarios,
791 1007 911 1063 quorum
927 987 982 1044 hoc
991 996 1036 1046 est
1049 991 1144 1068 sguira
1158 983 1257 1060 decla,
1284 985 1446 1043 Peccatum

234 1079 267 1129 ut
278 1070 401 1147 simplex
416 1067 554 1141 debitum,
570 1076 600 1126 et
615 1068 709 1125 Deum
723 1076 756 1125 ut
769 1087 879 1124 merum
895 1067 1072 1125 Creditorem
1093 1086 1156 1125 esse
1169 1067 1218 1125 hic
1242 1065 1446 1142 spectandum,

235 1151 284 1228 qui
299 1169 351 1227 pro
362 1148 480 1207 arbitrio
494 1148 587 1223 possit
601 1147 649 1205 vel
663 1165 777 1224 poenam
792 1147 919 1223 exigere,
935 1148 982 1205 vel
996 1147 1141 1206 remittere
1156 1146 1217 1204 siue
1238 1144 1446 1204 satisfactione.

236 1231 309 1289 Cum
324 1237 434 1288 certum
448 1228 486 1286 sit
499 1228 548 1286 bic
558 1228 652 1285 Deum
664 1225 783 1286 induere
793 1226 877 1299 σχίσιν
890 1227 911 1286 J
913 1226 1006 1286 udicis
1020 1235 1050 1286 et
1065 1227 1197 1286 Rectoris
1207 1224 1320 1302 Mundi,
1332 1224 1383 1302 qui
1393 1224 1449 1301 jus

236 1309 401 1387 Majastatis
412 1308 543 1382 sustinet,
559 1315 588 1365 et
602 1326 633 1365 se
649 1306 805 1365 Custodem
819 1315 848 1365 et
860 1306 1013 1366 Vindicem
1034 1308 1146 1383 Legum
1165 1305 1334 1384 profitetur;
1356 1313 1448 1380 atque

236 1390 309 1448 adeo
324 1389 345 1446 J
347 1408 381 1445 us
391 1387 479 1445 habet
493 1407 553 1445 non
563 1386 665 1445 crediti
681 1395 801 1461 tantum,
817 1395 867 1445 aut
882 1387 1019 1462 Dominii,
1035 1407 1093 1464 quo
1107 1387 1199 1464 possit
1212 1385 1256 1445 uti
1269 1386 1318 1444 vel
1331 1403 1390 1442 uon
1401 1384 1449 1442 uti

237 1489 289 1547 pro
303 1467 398 1536 libitu,
413 1465 464 1524 sed
474 1469 531 1525 Jua
543 1467 707 1542 chiminia,
723 1477 753 1524 et
765 1486 867 1542 poeuoe,
883 1466 962 1542 quod
976 1477 1020 1526 est
1029 1467 1158 1526 naturale
1169 1475 1199 1526 et
1209 1463 1448 1542 indispensabile.

278 1549 320 1607 X.
343 1547 452 1605 Verum
469 1547 517 1604 hic
530 1567 630 1606 rursus
645 1567 732 1622 poeno
746 1547 816 1622 meo,
833 1566 918 1622 quam
933 1547 954 1606 J
956 1547 1034 1606 udex
1058 1547 1159 1625 exigit,
1180 1544 1387 1622 distinguenda
1400 1553 1451 1603 est

237 1635 369 1689 accurate
383 1647 401 1686 a
409 1647 502 1704 poerroe
515 1629 598 1686 modo
612 1635 641 1686 ct
652 1627 872 1702 cirmnatantiis,
882 1647 935 1685 nec
945 1627 1022 1686 enim
1031 1626 1133 1686 eadem
1144 1635 1189 1686 est
1197 1626 1347 1702 utriusque
1361 1624 1449 1682 ratio.

238 1711 313 1769 Nam
328 1709 406 1786 quod
416 1728 531 1786 poenam
545 1707 637 1785 ipsam
652 1715 764 1784 spectat
776 1708 807 1765 in
818 1725 932 1784 genere,
948 1707 1005 1766 Jus
1021 1707 1076 1766 Dei
1103 1707 1158 1766 hac
1171 1707 1202 1764 in
1212 1715 1292 1784 parte
1306 1705 1393 1782 plane
1402 1711 1452 1762 est
1564 1709 1566 1720 ³

237 1789 471 1868 indispensabile,
487 1787 637 1848 fundatum
662 1787 768 1865 quippe
790 1787 821 1844 in
848 1787 911 1864 ipsa
928 1787 1043 1864 justitia
1063 1787 1129 1846 Dei.
1174 1785 1232 1846 Sed
1246 1784 1452 1862 quoadpoenae
1564 1859 1565 1862 Ἴ

238 1870 323 1930 istius
333 1868 451 1928 modum
470 1877 500 1928 et
521 1867 759 1943 circumstantias,
785 1875 818 1927 ut
840 1868 975 1944 exigatur
987 1888 1004 1925 a
1018 1867 1070 1926 tali
1084 1887 1214 1944 persona,
1230 1876 1260 1924 et
1282 1865 1334 1924 tali
1348 1863 1450 1940 modo,
1564 1873 1565 1934 l

238 1959 352 2010 nonest
365 1950 472 2028 pariter
482 1947 558 2026 juris
571 1947 720 2022 naturalis,
737 1948 788 2006 sed
798 1947 915 2023 positivi
927 1955 956 2006 et
966 1947 1058 2020 liberi,
1075 1955 1169 2024 potest
1183 1947 1261 2005 enim
1270 1945 1318 2004 bic
1333 1945 1452 2004 ἰσιιωίι
1566 2009 1567 2026 ,

238 2031 371 2109 quaedam
382 2050 420 2088 ex
435 2027 491 2087 Dei
506 2027 710 2105 sapientissimi
731 2026 860 2086 bonitate
880 2027 1003 2103 admitti,
1020 2026 1067 2086 vel
1089 2037 1222 2104 respectu
1239 2026 1371 2102 temporis
1396 2044 1452 2102 per
1565 2069 1566 2094 2

239 2111 406 2170 dilationem
420 2129 521 2186 poenae,
543 2109 592 2166 vel
614 2115 747 2185 respectu
764 2109 908 2184 paduam
922 2127 973 2184 per
996 2107 1215 2184 mitigationem,
1243 2107 1293 2164 vel
1314 2113 1453 2182 respectu
1565 2099 1567 2168 ἶ

234 2209 425 2267 personarum
439 2208 490 2264 per
504 2187 746 2246 substitutionem.
769 2187 851 2247 Licet
860 2187 936 2246 enim
946 2207 1070 2264 persona
1080 2207 1202 2264 peccans
1211 2186 1327 2244 omnino
1339 2204 1450 2244 merea-

239 2278 287 2329 tur
300 2288 423 2346 poenam,
434 2276 463 2324 ct
471 2267 550 2343 juste
564 2267 660 2343 puniri
674 2267 773 2344 possit,
789 2287 847 2325 non
862 2277 906 2326 est
920 2275 1015 2326 tamen
1038 2267 1079 2326 ita
1092 2267 1286 2326 necessarium
1309 2275 1339 2325 et
1357 2265 1451 2324 indis-

239 2347 396 2426 pensabile,
408 2350 479 2423 quin
493 2347 579 2404 certis
593 2346 766 2422 quibusdem
777 2347 916 2424 gravibus
937 2348 973 2406 de
987 2347 1083 2406 causis
1104 2347 1197 2424 possit
1220 2345 1372 2405 translatio
1385 2345 1452 2403 fieri

240 2447 334 2506 poenae
345 2426 375 2483 in
389 2424 512 2483 Vadam.
555 2426 593 2483 Et
606 2425 661 2483 hoc
677 2445 763 2484 sensu
777 2426 883 2484 dicitur
896 2446 914 2484 a
927 2427 1084 2504 Theologis
1105 2447 1220 2505 poenam
1236 2425 1315 2484 omni
1329 2432 1451 2502 peccato

242 2505 467 2584 impersonaliter
494 2503 680 2581 infligendam
708 2524 771 2564 esse
796 2506 977 2582 necessario,
1000 2507 1120 2565 sednon
1144 2507 1241 2566 statim
1258 2506 1452 2582 personaliter

243 2587 321 2648 omni
334 2584 496 2663 peccatori3
533 2584 674 2660 siquidem
690 2584 771 2642 Deus
785 2584 924 2662 singulari
937 2587 1030 2664 gretia
1043 2587 1198 2646 nonnullos
1211 2594 1307 2666 potest
1321 2585 1452 2645 eximere

243 2669 280 2728 ab
289 2687 332 2742 ea,
348 2665 504 2724 substituto
518 2664 656 2722 incorum
667 2665 762 2723 locum
778 2664 871 2724 Vade.

285 2748 345 2806 XI.
368 2746 435 2804 Hoc
449 2763 518 2804 vero
532 2752 565 2803 ut
576 2745 753 2821 concipiatur
766 2745 872 2822 exequi
886 2764 970 2822 posse
984 2746 1087 2822 Deum,
1100 2745 1273 2824 spectandus
1288 2753 1341 2822 est,
1350 2765 1411 2804 non
1419 2753 1454 2804 ut

243 2830 265 2890 J
267 2829 345 2888 udex
359 2825 477 2886 inferior
500 2833 529 2884 et
544 2824 726 2884 subalternus
741 2825 795 2884 sub
817 2826 896 2903 Lege
911 2827 1093 2901 constitutus,
1109 2828 1159 2903 qui
1184 2827 1220 2885 de
1242 2826 1331 2903 Legis
1354 2825 1454 2902 rigore

244 2909 410 2987 dispensare
424 2925 482 2964 non
496 2914 595 2983 posset
608 2925 723 2982 poenam
737 2905 767 2963 in
781 2906 870 2964 alium
889 2907 1096 2966 transferendo.
1140 2907 1198 2966 Sed
1212 2914 1244 2964 ut
1258 2906 1359 2964 Judex
1374 2925 1452 2964 sum·

245 3009 311 3049 mus
322 2997 351 3048 et
364 2986 530 3061 aframitum,
546 2987 596 3064 qui
613 2995 646 3046 ut
656 2985 779 3064 justitia
794 3007 854 3045 suae
877 2987 942 3046 vult
960 2986 1092 3046 satisfieri
1111 3007 1162 3064 per
1185 2986 1296 3063 peccati
1313 3005 1451 3062 poenam;

246 3071 354 3148 Itapro
378 3088 489 3128 summa
504 3087 556 3127 sua
575 3067 716 3145 sapientia
739 3076 768 3126 ct
781 3067 986 3143 misericordia,
1006 3066 1100 3144 potuit
1115 3067 1150 3125 de
1165 3063 1339 3147 &2⁶ssde
1363 3065 1455 3142 Legis

244 3151 375 3209 relaxare
389 3147 542 3207 eximendo
556 3157 722 3224 peccatores
736 3167 753 3206 a
766 3167 852 3224 poena
863 3147 968 3222 debita,
984 3156 1013 3206 et
1027 3146 1226 3206 transferendo
1236 3166 1299 3206 eam
1314 3145 1344 3204 in
1360 3145 1453 3222 Spon-

246 3249 348 3288 sorem.
392 3227 491 3305 Atque
505 3228 573 3286 binc
587 3237 675 3305 patet,
692 3227 813 3286 Cuinam
841 3227 999 3286 satisfactio
1022 3227 1079 3286 ista
1097 3227 1224 3304 persolvi
1246 3226 1386 3300 debuerit,
1404 3223 1455 3282 An

247 3308 372 3367 Diabolo
383 3307 573 3380 detinenti,ut
584 3309 736 3366 cavillatur
747 3307 877 3381 Socinus,
887 3307 936 3366 An
945 3327 1014 3366 vero
1021 3307 1084 3366 Deo
1091 3327 1224 3384 supremo
1235 3307 1256 3367 J
1258 3307 1335 3365 udici
1346 3309 1360 3364 l
1381 3306 1456 3364 Cum

246 3387 323 3447 enim
346 3387 488 3443 Diabolus
508 3387 556 3443 bic
593 3387 631 3444 sit
658 3395 769 3444 tantum
793 3387 926 3446 Minister
941 3387 1006 3461 Dei,
1021 3395 1051 3446 et
1072 3386 1223 3464 prefectus
1252 3386 1389 3456 Carceris,
1405 3385 1457 3462 qui

246 3466 357 3525 nullam
370 3465 425 3522 nisi
440 3483 477 3522 ex
493 3464 548 3522 Dei
556 3465 636 3540 justo
647 3465 757 3541 judicio
772 3473 942 3542 potestatem
956 3467 1044 3524 habet
1058 3467 1088 3524 iu
1109 3475 1281 3544 peccatores,
1298 3465 1457 3525 satisfactio

247 3545 302 3622 ipsi
317 3542 447 3620 praestari
468 3562 527 3600 non
551 3543 659 3618 debuit,
686 3543 737 3602 sed
760 3545 824 3602 Deo
851 3545 960 3619 Judici,
983 3546 1034 3623 qui
1052 3547 1188 3623 primario
1210 3555 1240 3606 et
1260 3545 1458 3624 principaliter

247 3642 301 3682 nos
326 3621 481 3680 detinebat.
534 3621 621 3680 Adde
649 3623 728 3699 quod
749 3643 898 3701 perperam
925 3625 972 3684 hic
996 3627 1166 3704 supponitur
1189 3627 1218 3685 in
1240 3645 1390 3704 poenarum
1415 3626 1457 3682 la-

247 3704 325 3764 tione
340 3699 465 3759 dandam
479 3720 542 3760 esse
556 3720 707 3777 personam
721 3703 847 3779 aliquam
866 3704 913 3762 cui
928 3706 1033 3764 solutio
1054 3706 1158 3766 debeat
1171 3707 1242 3782 fieri,
1259 3715 1290 3765 ut
1315 3705 1345 3764 in
1359 3705 1457 3764 debito

247 3780 413 3862 pecuniario
427 3791 593 3839 numeratur
606 3782 728 3857 pecunia
755 3783 888 3842 creditori
900 3807 907 3858 ;
931 3785 1003 3844 Cum
1018 3786 1140 3846 sufficiat
1154 3787 1290 3846 Judicem
1319 3806 1391 3862 esse,
1406 3787 1459 3861 qui

226 3881 348 3942 ,poenas
372 3861 472 3939 exigat
482 3860 520 3919 ad
545 3861 729 3938 Majestatem
770 3863 883 3940 Legum
898 3875 1002 3923 sartam
1015 3874 1120 3924 tectam
1134 3866 1371 3926 conservandam.

290 3943 368 4002 XII.
380 3943 497 4018 Quarto,
508 3943 636 4000 Persona
649 3941 712 4019 ipsa
723 3963 785 4019 quae
793 3944 929 4016 satasacit
938 3945 986 4003 hic
996 3956 1041 4004 est
1049 3947 1233 4005 attendenda
1260 3947 1334 4005 Nam
1346 3955 1379 4006 ut
1389 3964 1456 4023 pec-

249 4034 315 4084 cata
336 4024 482 4083 habebant
505 4023 646 4082 rationem
669 4022 768 4099 debiti,
792 4023 958 4098 inimicitie,
975 4034 1004 4084 et
1018 4025 1154 4100 criminis,
1170 4035 1199 4086 et
1214 4027 1295 4085 Deus
1310 4047 1340 4084 se
1355 4023 1458 4084 habuit

249 4113 283 4164 ut
297 4099 436 4177 Creditor,
454 4105 525 4162 Pars
540 4103 656 4178 offensa,
673 4111 702 4162 et
722 4103 846 4180 Judex;
869 4103 916 4162 Ita
938 4105 1069 4164 Christus
1093 4106 1194 4166 debuit
1218 4107 1360 4182 triplicem
1383 4107 1456 4163 rela-

249 4185 359 4246 tionem
375 4183 512 4244 induere:
534 4185 693 4260 Sporrsoria,
709 4184 759 4260 qui
773 4203 825 4260 pro
839 4183 923 4242 nobis
938 4184 1067 4244 debitum
1082 4187 1223 4260 solveret;
1245 4187 1416 4246 Mediatoria
1429 4193 1457 4244 et

249 4271 404 4346 rigaverant,
420 4264 470 4340 qui
481 4264 646 4324 inimicitias
661 4265 783 4340 tolleret,
796 4271 825 4322 et
841 4263 934 4322 Deum
949 4265 1033 4324 nobis
1045 4266 1229 4342 conciliaret,
1252 4275 1282 4326 et
1295 4266 1457 4326 Sacerdotis

250 4356 277 4404 ct
303 4345 428 4418 oictt'moe,
458 4344 509 4420 qui
529 4364 559 4403 se
580 4345 644 4403 loco
665 4353 764 4404 nostro
785 4343 973 4404 substitueret
993 4345 1031 4403 ad
1058 4346 1282 4406 satisfactionem
1303 4345 1456 4423 penalem.

251 4425 364 4483 Rursus
378 4431 411 4482 ut
426 4422 591 4499 satisfactio,
607 4445 671 4501 quae
686 4445 703 4482 a
717 4425 738 4485 J
740 4424 840 4482 ustitia
855 4423 911 4482 Dei
925 4425 1104 4502 exigebatur,
1127 4427 1185 4486 duo
1200 4427 1343 4504 praecipue
1358 4433 1456 4502 postu·

249 4504 338 4578 labat,
357 4506 383 4560 1.
399 4503 441 4562 Ut
455 4503 603 4561 abeodem
617 4513 720 4563 natura
730 4524 794 4580 quae
810 4515 980 4581 peccaverat
1000 4508 1220 4584 persolveretur,
1242 4510 1270 4565 2.
1287 4507 1328 4566 Ut
1349 4505 1458 4564 valoris

250 4593 347 4642 tamen
359 4591 388 4641 et
401 4583 486 4659 pretii
500 4582 604 4641 infiniti
619 4593 695 4642 esset
705 4583 742 4642 ad
754 4584 925 4643 demeritum
938 4585 1080 4645 infinitum
1096 4587 1206 4663 peccati
1220 4585 1398 4646 tollendum:
1422 4583 1458 4642 In

251 4663 365 4723 Christo
386 4662 452 4721 due
472 4669 582 4722 natura
601 4663 771 4722 necessaria
791 4664 908 4725 fuerunt
921 4665 959 4724 ad
980 4665 1204 4726 satisfactionem
1225 4663 1455 4745 persolvendam,
