3146 5210
248 313 308 369 400
646 327 737 368 uocas
752 327 882 370 oseruus
896 327 1041 378 cusanus.
1245 305 1373 380 lunser.
1390 327 1454 370 xiv.

243 470 312 530 dato
326 467 464 547 patiendi,
480 475 509 526 et
522 466 611 527 dandi
626 468 751 526 animam
771 489 853 528 suam
867 471 897 528 in
911 469 1035 547 pretium
1057 468 1263 548 redemptionis
1275 487 1328 545 pro
1344 471 1455 545 multis,

245 571 304 629 qua
326 549 455 628 perfecta
480 547 645 607 obedientia
668 548 816 608 reddimur
833 550 915 628 justi,
931 558 1074 628 quatenus
1098 549 1183 608 uobis
1211 549 1306 626 gratia
1327 549 1386 609 Dei
1401 551 1453 608 im-

238 637 367 709 putatur,
390 637 419 688 et
433 628 658 705 apprehenditur
670 648 722 706 per
734 629 830 704 fidem,
846 650 933 707 quam
952 630 1037 688 nobis
1059 630 1147 688 donat
1161 651 1169 704 3
1191 648 1249 706 qua
1269 629 1342 686 certi
1357 630 1454 689 reddi·
1561 691 1562 718 ,

240 730 314 784 mur,
327 729 382 767 uos
392 709 496 778 merito
504 709 594 767 totius
605 708 689 767 istius
700 708 871 768 obedientiae
880 709 1076 769 remissionem
1092 716 1276 787 peccatorum
1289 717 1456 768 nostrorum
1561 721 1562 778 l

242 790 358 866 habere,
375 797 403 848 et
418 787 616 865 dignosreddi
630 788 692 846 vita
703 789 839 847 aetema.”
1561 779 1562 814 ³

697 1027 891 1102 Qumsvro
912 1027 1002 1087 xrv.

613 1205 652 1244 DE
674 1204 803 1246 omacro
825 1205 1071 1248 sarlsrsc'rlouls

240 1350 288 1408 An
305 1347 431 1407 Christis
439 1367 498 1424 pro
513 1345 637 1405 omnihus
651 1355 678 1404 et
690 1319 810 1423 singulis
819 1349 986 1407 Homimhus
1000 1347 1195 1406 unmwsaliter
1209 1355 1335 1405 mmtuus
1348 1347 1392 1422 sit,
1405 1346 1451 1404 Aa

430 1447 487 1503 pro
501 1426 607 1484 Electis
621 1429 752 1484 mutum?
794 1427 878 1487 Prius
894 1428 967 1505 Neg.
983 1451 990 1504 ς
1012 1428 1123 1486 Poster.
1140 1425 1252 1484 Affirm.

281 1587 306 1646 1.
329 1585 456 1660 Quaestio
471 1585 507 1644 de
525 1585 634 1660 Otjecto
648 1586 746 1643 morra
762 1586 875 1662 Chresti,
892 1607 942 1646 seu
957 1586 993 1647 de
1016 1587 1231 1646 Universalitate
1244 1586 1451 1659 &desectionis

239 1676 265 1726 et
277 1665 495 1742 Redemptioar‘a
511 1664 629 1722 averiis
640 1665 702 1741 jam
717 1667 785 1724 olim
800 1675 878 1726 mota
891 1667 954 1741 suit,
970 1675 999 1726 et
1011 1667 1098 1725 hodie
1113 1666 1271 1725 etiamnum
1297 1674 1447 1738 movetur;

239 1746 318 1825 quod
331 1745 367 1804 de
379 1765 413 1804 ea
422 1745 507 1804 etiam
519 1743 624 1820 agendi
633 1746 834 1805 necessitatem
848 1747 932 1805 uobis
946 1747 1076 1824 imponit,
1092 1765 1128 1804 ue
1142 1745 1213 1823 quid
1226 1745 1294 1804 huie
1308 1745 1344 1804 de
1362 1745 1450 1804 Satis·
1559 1805 1560 1808 ,

239 1825 362 1886 factione
377 1825 484 1884 Christi
498 1824 662 1883 tractationi
670 1824 770 1884 deesse
791 1826 932 1886 videatur.

350 1967 355 1978 ,
463 1964 468 1976 ,
541 1903 583 1961 ΙΙ.
600 1903 681 1962 Inter
694 1914 807 1964 veteres
821 1914 934 1965 constat
944 1905 1191 1966 universalitatem
1201 1903 1451 1981 Redemptionisa

243 1968 371 2013 sensenna
387 1963 480 2020 ΜΨ
502 1982 668 2060 Pelagianis
677 1992 707 2043 et
717 1985 956 2064 Semipelagisnis
965 1993 1103 2044 assertam
1114 1983 1220 2061 fuisse;
1236 1983 1316 2043 Hine
1326 1984 1451 2061 Prosper

305 2035 416 2068 illiorum·

502 2063 614 2140 epistol.
636 2062 674 2120 ad
688 2063 767 2142 Aug.
784 2066 820 2124 de
838 2065 968 2143 reliquiis
988 2065 1153 2142 Pelagianae
1173 2064 1299 2139 haeresis,
1320 2063 1449 2138 “Hae''

238 2148 341 2226 inquit,
351 2146 501 2222 “ipsomm
516 2141 645 2200 definitio
656 2150 686 2201 et
699 2145 839 2220 professio
852 2153 904 2222 est,
913 2146 969 2205 Pro
975 2145 1111 2204 universo
1121 2145 1248 2202 humano
1258 2162 1364 2220 genere
1374 2163 1449 2202 mor-

239 2235 321 2287 tuum
335 2245 398 2285 csse
413 2222 579 2296 Dominum,
603 2230 633 2280 et
655 2224 798 2283 neminem
821 2245 938 2303 prorsus
960 2245 978 2284 a
999 2223 1195 2302 redemptione
1216 2223 1365 2300 sauguinis
1387 2224 1451 2300 ejus

240 2305 423 2382 exceptum‚'’
431 2301 484 2360 &a
507 2301 547 2358 Et
557 2301 632 2359 inter
640 2303 832 2363 eaGallorum
841 2305 974 2384 capitula,
985 2324 1049 2382 quae
1060 2303 1263 2382 inAugustino
1275 2302 1453 2361 damnabilia

238 2405 269 2444 se
283 2383 423 2462 reperisse
435 2379 593 2457 jactabant,
608 2380 664 2438 hoe
674 2383 761 2441 etiam
772 2393 833 2443 erat
845 2385 946 2462 “quod
956 2405 1015 2442 non
1023 2404 1075 2462 pro
1084 2383 1173 2442 totius
1181 2381 1282 2441 mundi
1294 2381 1450 2460 redempti·

240 2484 295 2523 one
311 2463 445 2523 Salvator
459 2460 497 2518 sit
508 2458 691 2517 crucifixus.”
715 2463 841 2522 Faustus
854 2463 905 2522 lib.
920 2464 939 2522 i.
955 2463 991 2522 de
1005 2465 1096 2522 libero
1111 2463 1229 2521 arbitrio
1243 2465 1302 2538 al,
1313 2461 1451 2538 sitlonge

240 2563 289 2604 eos
304 2541 450 2620 apietatis
463 2538 577 2598 tramite
590 2538 732 2617 recedere,
758 2542 809 2619 qui
830 2540 930 2602 dieunt
956 2543 1136 2602 Salvatorem
1159 2563 1218 2601 non
1241 2561 1293 2618 pro
1316 2541 1452 2600 omnibus

238 2631 384 2682 mortuum
397 2620 490 2680 esse.”
506 2619 546 2676 Et
560 2617 744 2695 Hinemams,
761 2620 843 2698 epist.
858 2622 896 2680 ad
910 2621 1004 2681 Nieol.
1019 2623 1129 2700 Papam
1143 2621 1220 2700 apud
1243 2620 1450 2697 Flodoardum,

237 2705 288 2764 lib.
304 2703 344 2762 iii.
359 2721 421 2778 cap.
433 2700 494 2759 xiv.
509 2699 584 2756 inter
591 2717 702 2758 errores
716 2701 915 2761 Gottesehalei
928 2703 1017 2780 ponit,
1032 2703 1111 2780 quod
1123 2701 1293 2780 praedicavit
1303 2700 1452 2760 Christum

238 2803 296 2842 non
310 2779 445 2842 effudisse
461 2780 523 2838 Deo
538 2777 619 2836 Patri
631 2781 788 2855 pretiosum
803 2783 973 2859 sauguinem
988 2801 1070 2842 suum
1083 2802 1136 2859 pro
1150 2780 1346 2858 redemptione
1359 2790 1390 2839 et
1404 2799 1450 2839 sa-

238 2865 299 2923 lute
314 2863 442 2921 omnium
456 2859 613 2933 homiuum,
630 2859 682 2918 sed
695 2869 807 2920 tantum
821 2882 873 2940 pro
888 2863 934 2921 his
947 2862 997 2939 qui
1011 2863 1168 2937 salvantur,
1179 2863 1241 2920 sive
1252 2879 1303 2938 pro
1315 2859 1452 2919 omnibus

242 2943 361 3002 Electis.
403 2941 466 3015 Quo
480 2939 625 3018 pertinent
645 2939 732 2998 etiam
752 2943 935 3001 anathemata
958 2940 1210 3000 Pseudo-Concilii
1224 2939 1405 2998 Arelatensis
1420 2939 1452 2998 in

239 3023 363 3100 epistola
377 3020 481 3080 Fausti
497 3017 812 3096 Semi-Pelagianorum
834 3021 1029 3098 Antesignani
1043 3020 1080 3079 sd
1094 3019 1246 3095 Lueidum,
1258 3019 1337 3096 quod
1357 3018 1451 3077 Serni-

240 3103 430 3180 Pelagianum
444 3099 532 3159 fuisse
546 3117 605 3156 non
619 3097 756 3160 diffitetur
771 3101 950 3161 Sirmundus.
994 3100 1050 3159 His
1064 3119 1134 3158 vero
1148 3107 1181 3158 ut
1195 3119 1225 3158 se
1240 3101 1302 3178 jam
1324 3118 1450 3175 opposu·
1550 3096 1553 3104 '

238 3191 300 3242 erat
314 3181 499 3258 Augustinus
514 3200 566 3239 suo
580 3188 717 3256 tempore,
733 3181 781 3241 Ita
795 3181 919 3258 Prosper
929 3188 958 3239 et
967 3179 1140 3257 Fulgentius
1154 3181 1218 3257 ejus
1227 3178 1370 3255 discipuli,
1386 3178 1449 3236 alii·

238 3282 295 3339 que
311 3262 420 3322 Gratiae
436 3259 542 3318 Christi
557 3258 718 3335 Proecoues,
734 3261 834 3320 eadem
848 3260 974 3338 vestigia
987 3267 1149 3337 prementes
1164 3259 1316 3318 veritatem
1336 3257 1450 3316 fortiter

237 3349 267 3400 et
281 3341 397 3398 cordate
412 3338 610 3398 defenderunt.
653 3339 737 3413 Quod
751 3341 950 3399 confirmatum
963 3347 1064 3416 postea
1077 3339 1132 3398 fuit
1145 3359 1164 3397 a
1177 3337 1312 3415 Remigio
1327 3337 1448 3415 Episco-

238 3417 490 3556 pobLugdurpeusi,
504 3416 555 3474 lib.
571 3418 607 3476 de
620 3419 713 3478 trihus
728 3418 876 3495 Epistolis,
891 3429 922 3478 et
935 3419 1063 3478 Concilio
1073 3418 1229 3478 Valentino
1242 3416 1283 3476 iii.
1298 3437 1374 3476 anno
1388 3417 1449 3476 855

260 3497 346 3570 aito,
363 3517 387 3554 c.
424 3539 431 3552 .

342 3624 347 3636 .
541 3576 602 3636 111.
625 3577 777 3636 Renovate
803 3585 904 3655 postea
929 3577 985 3638 fuit
1011 3577 1111 3637 eadem
1144 3577 1348 3637 Controversia
1372 3576 1450 3635 inter

277 3625 439 3744 resurremus.
476 3729 482 3743 .
500 3652 676 3732 Pontificios,
693 3676 814 3732 quorum
829 3658 879 3716 alii
892 3658 1139 3718 universalitatem
1154 3657 1373 3735 Redemptionis
1382 3675 1448 3714 eum

242 3730 508 3808 Sem-Pelagrarus,
537 3734 587 3792 alii
619 3736 683 3814 ejus
717 3737 972 3814 particularitatem
1008 3757 1072 3796 eum
1107 3736 1276 3815 Augustino
1318 3744 1347 3794 et
1385 3736 1449 3814 ejus

239 3811 373 3892 genuinis
386 3810 536 3888 discipulis
549 3823 775 3893 propugnarunt,
790 3817 870 3895 quod
896 3817 990 3895 patuit
1011 3817 1153 3895 praecipue
1178 3817 1252 3876 inter
1274 3817 1295 3876 J
1297 3815 1405 3875 esuitas
1419 3824 1449 3874 et

239 3892 432 3967 Jansenistas,
455 3911 579 3970 quorum
601 3895 644 3953 illi
669 3896 890 3973 Pelagianorum
913 3916 1042 3974 propago
1065 3897 1313 3956 universalitatem
1342 3895 1448 3954 Mortis

240 3973 348 4034 Christi
361 3973 466 4032 aeriter
478 3981 604 4051 tuentur,
626 3975 675 4036 isti
689 3997 759 4036 vero
772 3976 884 4038 fortiter
901 3998 954 4055 pro
968 3978 1031 4054 ejus
1053 3977 1278 4055 particularitate
1299 3975 1446 4050 dimicant,

237 4057 258 4116 J
260 4053 408 4112 ausanium
424 4053 598 4131 Magistrum
612 4075 696 4117 suum
710 4058 810 4134 secuti,
826 4057 876 4135 qui
890 4058 920 4116 in
933 4057 1088 4134 Augustino
1102 4077 1151 4116 arao
1165 4057 1220 4114 hoe
1244 4062 1448 4133 argumentum

237 4135 300 4193 fuse
309 4143 339 4192 et
350 4133 440 4192 solide
452 4143 591 4196 executus
605 4147 657 4212 est,
669 4138 720 4196 lib.
735 4137 775 4196 iii.
791 4157 815 4196 c.
828 4141 875 4212 20,
891 4146 921 4195 et
934 4137 964 4194 in
974 4137 1121 4214 Apologia
1129 4138 1150 4197 J
1152 4135 1270 4208 ansenii,
1282 4154 1359 4193 auno
1369 4137 1448 4194 1644

236 4214 323 4289 edite,
335 4212 400 4271 Art.
413 4216 459 4289 17,
474 4215 519 4288 19,
535 4218 583 4292 20,
599 4225 628 4275 et
641 4217 672 4274 in
687 4217 867 4276 Cateehismo
882 4217 918 4274 de
933 4215 1042 4290 Gratis,
1058 4237 1083 4276 c.
1099 4219 1126 4292 7,
1143 4215 1179 4274 de
1191 4214 1340 4274 Praedesti.
1352 4234 1381 4291 q.
1397 4217 1445 4272 65.

252 4342 459 4386 mmm
540 4294 595 4353 IV.
617 4296 744 4356 Transiit
750 4295 855 4355 exinde
866 4295 1069 4356 Controversia
1078 4315 1096 4354 a
1106 4293 1267 4355 Pontifieiis
1281 4294 1319 4353 ad
1330 4295 1445 4352 Protes-

235 4447 482 4508 universalitatem
511 4473 575 4512 eum
604 4455 727 4515 Jesuitis
749 4454 873 4513 retinent
895 4461 924 4513 et
947 4463 1139 4532 propugnant,
1164 4463 1197 4513 ut
1222 4453 1348 4513 Eekard.
1373 4453 1445 4512 Fas·

236 4529 319 4588 eieul.
331 4527 467 4587 Controv.
482 4549 507 4589 c.
525 4535 570 4610 15,
587 4533 623 4592 de
639 4533 788 4593 Prsedesti.
803 4553 831 4610 q.
853 4536 880 4607 6,
902 4533 1101 4592 Brochmanus
1116 4534 1152 4593 de
1172 4534 1274 4594 Gratia
1294 4533 1358 4606 Dei,
1374 4553 1398 4592 e.
1417 4537 1445 4607 2,

235 4626 264 4684 q.
280 4611 326 4684 17,
344 4609 391 4682 18,
409 4609 455 4683 19,
470 4611 578 4689 etalii,
596 4613 653 4672 Sed
674 4613 817 4692 praecipue
831 4621 948 4691 propter
971 4613 1165 4692 Arminiauos,
1179 4612 1445 4673 Remonstrantiuur

499 4379 595 4434 tantos
609 4395 668 4434 nou
690 4374 776 4434 modo
804 4383 921 4453 propter
948 4374 1138 4452 Lutheranos,
1167 4375 1217 4452 qui
1241 4373 1447 4433 satisfactionis
1561 4409 1562 4466 3
