3146 5210
62 395 203 445 quater.
219 371 276 454 rm]
514 395 552 433 ns
567 395 736 436 vocnrross
751 397 788 436 ar
803 395 882 434 sinn.
1239 383 1296 441 457

65 540 189 615 aliqua
215 544 336 610 tantum,
361 533 411 591 sed
433 541 494 592 tota
518 557 605 595 causa
619 537 801 597 discretionis
826 538 880 595 erit
902 537 939 595 ab
963 536 1078 596 homine
1104 559 1162 597 non
1184 561 1201 598 a
1226 542 1299 600 Deo.

67 620 146 677 Nec
165 616 286 675 difficile
300 623 344 672 cst
365 613 515 674 ostendere
535 618 646 676 nullam
666 620 750 677 aliam
766 637 881 677 eausam
897 615 1041 675 efficacem
1063 619 1125 677 dari
1149 621 1196 678 hic
1215 641 1300 699 posse

65 711 196 776 praeter
226 696 403 754 voluntatem
428 695 591 756 humanam.
648 699 787 773 Quanam
810 697 885 756 enim
914 697 1056 772 assignari
1084 710 1202 776 posset:
1251 702 1301 758 An

64 780 188 854 pratia
199 775 374 852 praeueniens
388 782 416 832 et
437 779 600 848 waccar?
644 779 702 838 Sed
725 778 895 855 supponitur
918 779 1077 836 communis
1091 799 1149 837 non
1174 800 1300 857 congrue

69 867 205 932 vocate,
222 864 251 914 et
265 873 391 931 congrue
403 866 526 930 vocat03
548 876 612 933 quae
634 859 771 936 relinquit
785 858 907 916 liberum
922 857 1072 916 arbitrium
1091 859 1121 916 in
1145 879 1197 918 sua
1210 860 1298 918 indif-

70 939 221 997 ferentia.
264 935 314 993 An
328 936 512 1010 congruitas?
539 938 596 996 Sed
610 947 671 998 tota
682 940 732 997 tua
753 937 914 1014 conqmitae
928 957 965 994 ex
981 957 1010 996 sc
1027 939 1118 997 solum
1134 939 1252 1016 inducit,
1269 950 1301 999 ut

69 1018 220 1095 loquitur
236 1016 352 1090 Suarez,
368 1015 512 1091 quandam
529 1019 666 1077 moralem
681 1017 892 1093 certitudinem,
908 1018 955 1076 cui
976 1018 1108 1076 absolute
1122 1039 1181 1076 uon
1195 1039 1300 1098 repug-

70 1111 140 1172 nat,
160 1105 197 1156 ut
212 1096 366 1154 Vocationi
381 1096 423 1154 sic
437 1116 572 1173 congruae
596 1100 718 1157 liberum
732 1097 880 1157 arbitrium
902 1097 1025 1156 resistat.
1058 1099 1107 1156 An
1121 1099 1302 1159 circumstan-

72 1180 196 1236 tiarum
218 1178 367 1235 uariarum
381 1197 538 1251 concursus,
554 1187 583 1238 et
596 1175 742 1257 temporis,
766 1186 795 1236 et
818 1178 874 1235 loci
889 1177 973 1236 istius
987 1178 1092 1255 potius,
1118 1199 1204 1256 quam
1224 1179 1302 1238 illius

74 1259 192 1316 ratio?
237 1256 295 1314 Sed
322 1257 378 1314 ista
394 1265 460 1315 sunt
472 1257 608 1333 adjuncta
634 1269 662 1318 et
690 1257 851 1317 accidentia
865 1265 986 1316 externa
1014 1259 1092 1316 omni
1129 1260 1299 1319 causalitate

74 1339 237 1396 destituta.
281 1337 330 1394 An
345 1334 530 1395 Praescicntr'a
552 1340 633 1398 Dei?
689 1339 747 1398 Sed
767 1358 832 1396 cum
854 1338 1035 1414 praescientia
1056 1358 1114 1396 non
1142 1340 1180 1398 sit
1207 1359 1301 1399 rerum

76 1439 186 1492 causa,
203 1426 233 1476 et
247 1424 391 1494 supponat
414 1417 558 1493 objectum
581 1439 673 1494 suum,
689 1439 747 1478 non
760 1419 863 1492 laciat;
895 1419 982 1475 horno
996 1438 1055 1476 non
1069 1427 1164 1496 potest
1178 1420 1236 1478 dici
1250 1421 1301 1478 ali·

78 1499 160 1574 quid
177 1498 314 1572 facturus,
341 1497 409 1574 qnia
435 1498 514 1556 Deus
538 1497 568 1556 id
593 1499 779 1576 prasciverit,
796 1497 847 1556 sed
871 1497 937 1556 ideo
961 1498 1041 1557 Deus
1063 1498 1217 1577 praescivit,
1234 1501 1303 1576 quia

79 1579 177 1636 homo
192 1577 247 1636 suit
258 1577 394 1650 facturus,
406 1587 597 1655 praeterquam
608 1580 686 1657 quod
697 1579 817 1637 scientia
828 1578 884 1636 ista
899 1578 994 1636 media
1005 1597 1115 1638 merum
1132 1579 1302 1656 figmentum

81 1666 139 1732 est,
157 1667 192 1716 ut
204 1677 256 1716 suo
270 1657 335 1716 loeo
350 1658 454 1715 risum.
499 1659 578 1735 Ergo
592 1679 651 1718 non
672 1660 729 1717 alia
743 1657 925 1716 discretionis
947 1657 1031 1716 istius
1052 1669 1082 1717 et
1103 1660 1301 1718 conversionis

81 1757 178 1796 cansa
192 1746 287 1814 potest
302 1737 372 1811 dari,
389 1746 493 1815 praeter
514 1739 638 1798 hominis
655 1740 832 1797 voluntatem
858 1747 887 1797 et
901 1737 1025 1796 liberum
1049 1740 1112 1815 ejus
1140 1739 1299 1813 arbitrium,

84 1819 139 1894 qui
155 1827 320 1876 vocatureo
334 1826 470 1895 tc'mporc,
487 1827 516 1876 et
533 1819 605 1894 loco,
622 1839 679 1896 quo
690 1819 769 1877 Deus
781 1817 920 1895 praevidet
935 1838 998 1876 eum
1015 1838 1207 1877 assensurum.

129 1898 170 1955 V.
196 1897 336 1972 Secundo,
355 1898 497 1974 Suppouit
519 1899 575 1957 ista
589 1900 732 1958 sententia
745 1899 807 1956 dari
821 1918 905 1974 posse
921 1898 1111 1974 aptitudinem
1125 1899 1251 1976 aliquam
1273 1899 1303 1956 in

86 1977 242 2036 voluntate
257 1998 314 2036 non
338 1987 438 2036 renata
452 1979 489 2036 ad
504 1980 741 2053 conversionem
764 1978 842 2055 quod
868 1978 1056 2053 Pelagianum
1072 1987 1124 2053 est,
1149 1987 1179 2038 et
1205 1979 1300 2056 Scrip-

86 2067 163 2116 turae
179 2077 216 2116 ex
227 2056 367 2117 diametro
389 2059 571 2136 oppositum3
594 2079 658 2137 quae
673 2059 834 2118 absolutam
853 2058 978 2116 hominis
999 2063 1123 2126 ἀδυναμίαν
1143 2058 1181 2116 ad
1194 2059 1302 2118 bonum

86 2139 178 2198 toties
193 2140 302 2212 asserit,
313 2146 342 2197 et
356 2138 439 2196 nihili
450 2159 483 2196 ac
497 2140 598 2198 mortis
612 2141 727 2198 nomine
738 2139 898 2215 exprimere
911 2137 992 2196 solet.
1034 2137 1104 2212 Quis
1114 2159 1182 2196 vcro
1198 2139 1304 2197 dixerit

87 2219 153 2276 dari
169 2219 256 2277 ullam
272 2220 302 2275 in
316 2225 429 2278 mortuo
443 2220 634 2296 aptitudInem
648 2229 677 2278 et
698 2219 916 2296 dispositionem
930 2217 968 2275 ad
982 2217 1027 2276 sui
1042 2219 1303 2277 resurrectionem?

89 2299 140 2357 vel
155 2299 185 2356 in
199 2299 291 2356 nihilo
306 2298 343 2356 ad
358 2299 402 2356 sui
417 2300 617 2358 creationem?

134 2379 191 2436 Vl.
213 2379 320 2452 Tertio,
337 2379 492 2456 Repugnat
514 2379 699 2457 descriptioni
714 2379 848 2437 Actionis
870 2377 925 2436 Dei
949 2377 980 2434 in
1001 2379 1188 2437 conversione
1210 2380 1303 2438 horni-

91 2457 147 2532 nis,
164 2477 229 2536 quae
243 2477 300 2516 non
315 2459 438 2535 simplici
452 2467 481 2518 ct
494 2460 573 2517 nuda
586 2461 719 2519 suasione
733 2459 835 2517 morali
849 2466 970 2532 constat,
986 2478 1050 2534 quac
1065 2478 1142 2517 mere
1157 2459 1301 2536 objectiva

93 2559 125 2597 se
140 2539 246 2614 habet;
277 2538 329 2596 sed
353 2540 459 2598 virtute
481 2540 671 2617 omnipotenti
695 2548 724 2598 et
746 2539 863 2612 invicta,
880 2559 944 2615 quae
968 2557 1027 2596 non
1052 2539 1146 2596 minor
1168 2549 1212 2598 est
1236 2540 1300 2618 ipsa

93 2619 238 2677 creatione
263 2627 292 2678 et
309 2620 517 2678 resurrectione
540 2620 673 2695 hominis,
697 2639 819 2696 quaeque
844 2619 910 2677 ideo
932 2637 990 2676 non
1012 2618 1156 2694 objectiva
1177 2628 1298 2694 tantum,

93 2699 146 2757 sed
173 2708 201 2758 et
225 2697 364 2758 effective
384 2701 461 2758 circa
481 2701 626 2758 hominem
654 2709 796 2777 operatur,
826 2707 858 2758 ut
885 2698 959 2756 iufra
986 2699 1162 2774 probabitur.
1229 2701 1301 2774 Quis

95 2799 165 2837 vero
189 2779 287 2838 eredat
311 2780 455 2837 hominem
484 2800 661 2856 regenerare,
691 2780 870 2852 resuscitare,
899 2797 1004 2852 creare,
1028 2785 1057 2836 et
1081 2797 1131 2834 cor
1154 2777 1299 2854 lapideum

97 2859 219 2936 abipso
247 2860 367 2934 auferre,
397 2873 426 2918 et
454 2879 587 2918 carneum
612 2861 655 2918 illi
683 2859 760 2934 dare,
794 2859 866 2916 nihil
900 2857 979 2916 eliud
1014 2877 1086 2930 esse,
1116 2877 1202 2933 quarn
1231 2879 1297 2916 con-

95 2941 253 2998 versionem
269 2940 416 2998 moraliter
430 2939 559 3016 suadere,
575 2941 615 2998 id.
630 2941 790 3017 praeceptis,
805 2937 973 3011 rationibus,
986 2937 1143 3013 promissis,
1159 2947 1188 2996 et
1202 2939 1296 3015 minis,

96 3019 133 3076 ad
148 3020 360 3078 couversionem
375 3020 507 3094 invitare,
523 3029 556 3079 ut
570 3041 635 3078 cum
650 3021 753 3079 Orator
768 3019 915 3094 eleganter
928 3016 1096 3093 perorando,
1112 3037 1169 3074 non
1184 3027 1297 3078 tautum

97 3097 203 3173 suadet,
219 3099 270 3158 sed
284 3107 313 3159 et
326 3100 502 3177 persuadet?
538 3100 596 3158 Sed
619 3101 706 3176 longe
720 3100 803 3158 aliter
818 3098 944 3173 August.
966 3096 1016 3154 lib.
1032 3096 1068 3154 de
1084 3097 1165 3154 Grat.
1182 3097 1297 3173 Christi,

98 3199 159 3256 cap.
174 3183 219 3254 24,
236 3179 371 3257 loquitur,
394 3201 483 3257 quum
498 3180 546 3250 ait,
574 3185 591 3212 “
602 3181 668 3238 Non
688 3181 753 3254 lege
776 3187 805 3237 et
819 3177 950 3236 doctrina
964 3175 1122 3234 forinsecus
1136 3174 1296 3254 insdnante,

99 3259 149 3317 scd
162 3260 279 3336 interna,
296 3269 325 3319 et
339 3280 451 3334 arcana,
467 3261 600 3334 mirabili,
617 3269 646 3320 et
660 3258 798 3318 ineffabili
822 3264 972 3334 potestate,
996 3256 1090 3315 Deum
1105 3257 1135 3313 in
1159 3257 1295 3317 cordibus

98 3339 241 3398 homiuum
253 3341 363 3418 operari
379 3360 436 3399 non
451 3341 543 3399 solum
565 3361 650 3398 veras
668 3340 868 3412 revelationes,
885 3337 975 3395 sedet
997 3337 1088 3395 bonas
1102 3337 1297 3397 voluntates.''

140 3421 208 3479 Vll.
232 3421 349 3496 Quarto,
367 3421 441 3495 Quia
469 3420 493 3478 si
522 3441 539 3478 a
563 3421 744 3498 congruitate
773 3417 951 3492 Vocatiouis,
967 3425 996 3476 et
1018 3417 1297 3478 circumstantiarum

99 3500 237 3558 variarum
272 3521 423 3572 concursu,
449 3501 550 3577 gratiae
578 3501 704 3559 efficacia
732 3500 878 3577 penderet,
907 3497 949 3554 illi
975 3505 1218 3572 converterentur,
1248 3501 1299 3576 qui

100 3581 218 3656 aptiores
241 3588 270 3639 et
295 3581 387 3658 magis
410 3581 543 3657 dispositi
566 3581 702 3638 videntur
730 3579 766 3637 ad
791 3578 984 3654 Evangelium
1009 3577 1223 3655 recipiendum;
1261 3581 1299 3639 Et

100 3661 172 3718 circa
185 3679 257 3737 quos
272 3661 495 3720 circumstantias
517 3661 614 3737 plures
629 3660 787 3719 coulluuut.
832 3659 889 3717 Sed
904 3667 1022 3730 contra;
1054 3658 1134 3717 Deus
1148 3659 1300 3718 abscondit

101 3741 233 3816 mysteria
257 3761 309 3799 sua
331 3741 517 3818 sapientibus,
542 3749 571 3799 et
593 3741 704 3799 revelat
728 3739 894 3811 infantibus,
922 3738 1026 3797 Matth.
1042 3740 1082 3797 xi.
1098 3742 1146 3798 25.
1189 3741 1300 3798 Gentes

103 3829 182 3877 vocat
194 3820 302 3879 alienas
317 3841 334 3879 a
348 3822 463 3880 Christo
485 3830 514 3879 et
538 3821 718 3894 Foederibus,
740 3819 801 3876 sine
825 3819 887 3876 Deo
911 3827 940 3877 et
968 3838 1047 3895 spem
1067 3838 1124 3875 non
1149 3819 1298 3893 habentes,

105 3897 275 3956 densissimis
297 3901 508 3977 superstitionis
531 3909 560 3959 ct
586 3899 761 3958 Idololatriae
785 3899 911 3957 tenebris
933 3899 1089 3972 immersas,
1118 3898 1156 3954 Et
1177 3897 1300 3956 Judreos

106 3975 250 4035 fredcratos
261 3979 361 4056 rejicit,
372 3983 477 4057 quibus
488 3981 584 4040 omnia
595 3980 785 4058 suppetebant
796 3978 909 4037 abunde
921 3986 1039 4035 externa
1048 3977 1157 4034 auxilia
1166 3976 1201 4033 ed
1214 3977 1299 4034 fidem

107 4055 206 4113 Christi
232 4058 431 4135 recipiendam,
460 4069 490 4119 et
514 4060 601 4119 nullae
622 4060 844 4118 circumstantia
868 4057 905 4116 ad
929 4075 1085 4132 congruam
1108 4055 1298 4114 Vocatioucm

107 4135 199 4194 deesse
213 4135 403 4197 videbantur:
426 4141 513 4216 Legis
528 4141 663 4216 cognitio,
675 4139 884 4216 Prophetarum
894 4135 1025 4210 Oracula,
1036 4135 1057 4194 J
1059 4135 1143 4192 ohan.
1160 4135 1299 4211 Baptistae

107 4215 302 4291 testimouium,
319 4217 425 4277 Christi
444 4221 605 4296 praesentia,
620 4219 795 4297 praedicatio,
810 4216 956 4290 miracula,
982 4234 1059 4272 mors
1087 4222 1116 4271 et
1129 4217 1300 4274 resurrectio

108 4304 148 4355 tot
165 4296 340 4372 argumentis
354 4299 521 4358 certissimis
542 4300 745 4378 comprobata;
769 4299 808 4360 Et
829 4295 1036 4364 Apostolorum
1061 4293 1163 4352 inillis
1185 4295 1297 4353 institu-

109 4375 183 4436 endis
206 4374 338 4433 sedulum
353 4378 489 4454 studium,
501 4399 566 4455 quae
586 4380 681 4439 omnia
702 4378 868 4438 Gentilibus
889 4374 1050 4433 defuerunt.
1094 4374 1165 4448 Quis
1180 4395 1217 4432 ex
1236 4374 1300 4434 istis

109 4455 322 4516 circumstantiis
346 4457 440 4534 magis
467 4477 591 4534 congrue
620 4459 742 4518 ludaeos
770 4456 868 4515 vocari
900 4475 958 4512 non
975 4453 1145 4531 judicasset,
1171 4453 1300 4531 adeoque

109 4539 194 4616 potius
218 4537 347 4594 converti
371 4536 523 4597 debuisse:
556 4540 628 4598 Cum
656 4547 753 4598 tamen
767 4546 867 4595 contra
894 4534 1037 4609 acciderit,
1053 4543 1086 4592 ut
1100 4535 1303 4612 quamplurimi

110 4617 238 4690 Gentiles,
265 4616 430 4692 paucissimi
454 4637 523 4676 vero
544 4639 577 4677 ac
600 4620 658 4678 sere
682 4618 755 4676 nulli
770 4616 878 4690 Jrrdaei,
894 4614 1026 4672 conversi
1048 4613 1175 4673 fuerint?
1217 4615 1302 4690 Quod

109 4699 203 4758 Gratia
226 4695 396 4754 miraculum
408 4697 515 4756 Paulus
525 4700 650 4758 celebrat
670 4699 762 4755 Musis
777 4706 805 4756 et
821 4697 906 4755 Isaiae
921 4695 1027 4768 verbis,
1050 4694 1132 4752 llom.
1145 4715 1173 4752 x.
1192 4698 1237 4772 19,
1253 4699 1301 4772 20,
