3108 5198
103 363 210 413 eumer.
225 343 287 428 nn]
602 363 642 404 ns
656 364 733 406 neas
748 365 808 407 nst.
1256 355 1293 414 51

97 503 182 564 xxxii.
192 507 221 566 5.
248 505 279 564 N
279 525 316 565 ec
331 507 424 567 obstat
436 505 513 584 quod
527 505 628 567 dieunt
640 505 753 566 Aaroni
759 511 813 582 sac
826 509 902 567 nobie
913 510 999 584 Deos,
1008 509 1077 588 quia
1090 517 1191 570 notum
1205 512 1293 572 estin
1406 529 1410 536 ·

98 585 239 662 Scriptura
254 605 337 664 saepe
350 587 439 664 signis
452 587 569 646 nomina
581 607 677 647 rerum
691 588 916 665 significatarum
930 588 1026 649 tribui.

131 663 189 722 XI.
213 665 305 724 Unde
327 675 405 744 patet
424 667 497 724 nihil
516 667 624 726 habere
637 666 839 744 Adversarios,
861 687 920 746 quo
940 688 972 729 ss
991 669 1115 730 liberent
1135 689 1153 728 a
1173 669 1292 730 crimino

97 743 269 804 idololatria
283 745 346 806 illis
365 767 404 805 cx
418 747 497 824 Lege
517 746 642 824 impacto
654 769 662 822 ;
684 746 769 822 Quod
783 747 852 807 dum
866 748 1109 826 animadvertrmt,
1130 769 1218 828 seque
1232 758 1292 809 tam

96 821 195 882 diserto
219 835 370 903 precepto
390 827 482 904 premi
505 827 641 902 sentiunt,
664 826 892 904 indignationem
913 847 995 886 suam
1015 838 1132 889 vertunt
1152 829 1183 888 iu
1198 829 1291 907 ipsam

97 901 145 960 Dei
159 903 280 981 Legem,
299 906 439 983 sacrilege
452 905 581 982 audacie,
604 915 633 967 et
645 906 772 966 facinore
792 916 877 967 antea
897 907 1036 984 inaudito,
1050 909 1106 968 hoc
1124 909 1292 969 mandatum

95 1001 235 1042 enumero
250 985 431 1062 reliquorum
444 984 647 1063 expungendo,
662 1006 699 1045 ne
720 987 791 1064 ipsis
806 987 955 1066 negotium
974 988 1114 1066 facessat3
1136 991 1162 1048 si
1176 1009 1235 1048 non
1253 1009 1292 1048 ex

95 1061 150 1137 ipse
174 1063 337 1141 Scriptura,
359 1065 505 1142 quiahoc
526 1085 585 1124 non
607 1066 662 1124 fuit
684 1067 716 1124 in
737 1067 865 1143 ipsorum
883 1075 1035 1144 potestate,
1063 1077 1093 1128 at
1114 1087 1151 1128 ex
1173 1068 1290 1145 Officiis,

94 1141 253 1219 Brerieriis,
264 1152 297 1202 et
311 1144 376 1204 aliis
390 1145 519 1204 formulis
534 1145 623 1222 Legis
636 1144 752 1222 divinae,
762 1166 827 1224 quse
841 1146 993 1206 traduntur
1002 1148 1118 1226 populo,
1131 1149 1210 1225 quod
1223 1168 1292 1208 seno

95 1218 266 1282 luculentam
281 1233 328 1282 est
342 1224 501 1302 desperatae
515 1244 609 1284 cause
623 1235 836 1304 argumentum.

94 1335 333 1387 mmmm
395 1305 474 1362 XII.
507 1303 650 1380 Secundo,
679 1303 754 1379 Quia
777 1305 873 1366 cultus
900 1304 1055 1384 religiosus
1082 1306 1247 1386 Imaginnm
1274 1327 1293 1368 a

120 1397 244 1503 graffio
254 1399 332 1444 ruore
356 1383 664 1523 Scnpmrpdnprgqutpim
677 1385 916 1524 pirffceptus,Nvel
927 1387 1153 1526 probatussnon
1159 1396 1294 1527 ροιεεῑιρ

99 1539 230 1600 Ecclesiae
243 1483 490 1618 veterislridllllrbr
504 1483 929 1622 adtbibmlimeegrdlleligiobib
942 1484 1158 1624 ecluddldffieetbll
1172 1489 1292 1624 llaee’rgeo

97 1620 157 1678 colit
175 1621 262 1696 idola,
279 1622 332 1699 qui
354 1641 450 1680 eoram
474 1623 649 1699 imaginibus
669 1623 838 1683 incurvatur
857 1632 887 1683 et
900 1625 1070 1701 procumbit,
1094 1627 1152 1685 Isa.
1166 1626 1197 1686 ii.
1212 1628 1241 1701 8,
1263 1629 1291 1703 9,

97 1699 137 1756 vel
162 1721 209 1759 ess
232 1721 288 1778 per
315 1721 349 1760 ee
370 1702 501 1778 quolibet
526 1701 664 1779 religioso
691 1703 772 1761 cultu
798 1703 913 1780 proprie
938 1703 1024 1779 dicto,
1048 1704 1099 1780 qni
1120 1723 1293 1782 quoeunque

98 1781 202 1839 nomine
215 1781 329 1856 veniat,
345 1782 400 1840 soli
422 1782 486 1841 Deo
500 1781 629 1857 debetur,
644 1781 755 1841 adoret.
798 1781 862 1840 Imo
875 1782 926 1858 qui
947 1782 1103 1858 Imagines,
1118 1802 1177 1842 non
1189 1802 1242 1861 per
1262 1803 1293 1844 se

97 1859 200 1933 quidem
215 1861 382 1936 coluenmt,
405 1860 457 1920 sed
476 1861 507 1918 in
528 1861 660 1938 Imagine
676 1869 905 1938 prototyporum,
921 1861 1087 1921 Idololatre
1103 1861 1245 1939 diemrtnr,
1261 1871 1294 1923 ut

99 1936 225 2000 israelite
253 1941 285 1998 iu
317 1941 398 1999 cultu
425 1941 510 2000 vituli
531 1941 618 2017 aurei,
649 1939 745 1998 Exod.
767 1940 861 1999 xxxii.
876 1943 905 2015 4,
921 1941 948 2016 5,
970 1949 1001 2000 et
1020 1941 1051 1999 in
1071 1939 1152 2000 cultu
1170 1941 1293 2016 duorum

98 2017 242 2078 vitulorum
256 2039 275 2078 a
290 2019 471 2079 Jeroboamo
485 2029 645 2080 erectorum
658 2019 689 2078 in
704 2019 769 2078 Dan
784 2028 814 2079 et
828 2020 942 2097 Belial,
958 2023 973 2078 l
988 2020 1062 2098 ch.
1077 2020 1128 2080 xii.
1143 2023 1192 2080 28.
1217 2021 1293 2082 Nam

96 2097 195 2156 cultum
208 2099 334 2158 Bahalis
355 2107 385 2159 et
404 2099 542 2160 falsorum
561 2101 690 2160 Deorum
702 2119 755 2178 per
773 2098 914 2177 imagines
934 2099 1074 2160 Achabus
1087 2109 1189 2179 postea
1202 2101 1291 2162 intro-

96 2173 180 2252 duxit,
193 2183 208 2236 l
224 2180 303 2257 Reg.
313 2180 374 2239 xvi.
390 2181 438 2256 32,
448 2183 496 2255 23,
512 2179 563 2257 qni
576 2179 642 2239 ideo
656 2179 763 2238 malum
779 2179 882 2240 fecisse
895 2179 1001 2240 dicitur
1014 2181 1168 2260 plusquam
1181 2201 1290 2260 omnes,

97 2255 142 2330 qui
166 2256 276 2319 brenam
306 2267 374 2318 ants
401 2259 505 2336 ipsum.
548 2259 632 2318 Idem
658 2257 764 2318 dicitur
791 2259 827 2319 de
847 2259 932 2319 Idolo
960 2259 1056 2336 Minae,
1077 2260 1149 2321 Jud.
1169 2263 1242 2320 xvii.
1261 2265 1290 2338 3,

98 2336 170 2410 quod
181 2338 307 2398 deborae
320 2338 376 2397 tuit
387 2339 605 2414 sanctificatum,
621 2345 650 2398 et
663 2339 747 2415 cujus
763 2338 905 2399 Sacerdos
918 2338 1090 2400 describitur
1103 2348 1136 2400 ut
1151 2340 1293 2402 Sacerdos

97 2413 220 2492 Jchovs,
235 2438 260 2477 c.
274 2419 352 2476 xvii.
367 2427 397 2477 et
411 2419 496 2476 xviii.
539 2419 588 2478 Sic
603 2419 743 2494 Gentiles,
759 2418 892 2496 quamvis
913 2439 1009 2479 eornm
1024 2420 1206 2498 Imaginibus
1225 2441 1292 2499 pro·

98 2499 221 2574 totypnm
245 2498 411 2575 adorarent,
436 2497 644 2557 nihilosecius
666 2505 804 2575 tanquam
824 2497 990 2558 Idololatrea
1006 2499 1086 2576 juste
1110 2498 1292 2560 damnentur.

99 2571 228 2652 Denique,
243 2597 306 2638 non
319 2587 416 2654 potest
436 2595 494 2638 non
508 2597 572 2637 esse
585 2577 783 2637 idololatricus
797 2577 900 2655 cultus,
911 2597 969 2656 quo
984 2579 1065 2639 Deus
1085 2579 1191 2638 colitur
1204 2579 1291 2640 modo

98 2655 267 2742 perdebito,
290 2657 345 2716 sed
359 2657 460 2717 illicito
474 2666 504 2717 et
517 2658 618 2718 vetito.
641 2657 761 2716 Frustra
773 2657 821 2716 hic
835 2658 985 2735 regeritur,
999 2677 1058 2717 non
1072 2659 1129 2717 coli
1144 2658 1293 2736 Imagines

97 2751 166 2807 lpsas
178 2755 228 2812 per
241 2757 283 2811 se,
301 2737 381 2813 quod
402 2745 478 2796 essct
498 2737 719 2813 idololatricum,
741 2736 793 2796 sed
806 2745 918 2796 tantum
937 2739 1027 2797 relate
1045 2736 1083 2796 ad
1096 2746 1292 2816 prototypum,

98 2813 140 2870 rel
152 2824 339 2894 prototypum
354 2817 385 2874 in
398 2817 479 2894 ipsis.
521 2817 605 2892 Nam,
619 2817 903 2895 praeterquamquod
923 2837 981 2876 non
1001 2817 1087 2894 pauci
1100 2836 1138 2876 ex
1156 2817 1228 2893 ipsis
1241 2837 1293 2876 vo-

97 2889 156 2952 lunt
163 2895 320 2974 imaginem
335 2897 426 2974 ipsam
441 2897 556 2974 proprie
569 2905 599 2957 et
608 2915 660 2974 per
674 2895 780 2972 secoli,
792 2904 825 2955 ut
839 2894 950 2972 aliquid
963 2915 1085 2970 sacrum,
1098 2902 1127 2953 at
1141 2895 1295 2954 terminare

97 2970 184 3048 ipsum
204 2977 326 3051 cultum,
356 2984 386 3034 et
409 2995 468 3034 non
488 2976 582 3036 solum
602 2984 636 3035 ut
655 2975 750 3035 vicem
781 2975 856 3052 gerit
876 2973 1058 3051 exemplaris,
1080 2981 1114 3032 ut
1135 2973 1210 3032 Bell.
1231 2973 1294 3032 ium

96 3049 175 3112 docet
192 3055 241 3115 lib.
262 3055 295 3116 ii.
311 3055 348 3114 de
363 3056 487 3134 Imagin.
510 3076 535 3115 e.
555 3058 603 3132 20,
620 3060 677 3114 22:
699 3053 788 3132 Legis
810 3053 900 3112 verba
924 3072 1038 3112 omnem
1061 3052 1170 3111 cultum
1186 3051 1293 3129 Imagi-

97 3131 1295 3292 llallilihlliuilVililiffiltili‘iiillillsillliliilolll

98 3307 162 3349 vero
188 3293 278 3370 Dens,
314 3235 441 3355 ibbctitnit
453 3261 473 3354 2³
502 3293 611 3353 Annon
643 3293 744 3352 eadem
779 3292 964 3352 distiuetione
992 3292 1062 3352 olim
1093 3293 1295 3353 moscbolntris

98 3366 236 3449 Ismarum,
249 3373 382 3451 adeoque
394 3374 520 3452 Paganis
528 3375 600 3452 ipsis
614 3372 807 3432 idololatriam
821 3391 903 3432 sunm
914 3372 1073 3433 incrustare
1086 3372 1216 3449 proclive
1224 3371 1294 3432 fuis·

95 3453 155 3508 set?
168 3451 283 3512 Deinde
298 3454 324 3513 si
337 3453 422 3530 egica
436 3454 473 3514 ad
487 3461 674 3531 prototypum
687 3453 827 3512 eximeret
840 3453 877 3510 ab
889 3451 1065 3511 Idololatriee
1075 3451 1204 3528 erimine,
1214 3452 1296 3513 nulla

95 3546 212 3606 unquam
226 3553 294 3594 csso
307 3542 407 3610 posset
420 3534 583 3594 idololatria
597 3533 673 3592 cirea
690 3532 839 3609 Imagines
853 3531 1042 3609 Divinitstis3
1065 3531 1134 3609 quia
1153 3551 1213 3592 non
1226 3550 1294 3609 pos·

93 3620 155 3669 sunt
167 3612 223 3671 coli
237 3621 273 3672 nt
285 3613 437 3691 imagines,
454 3614 516 3674 sine
529 3613 668 3706 relatione
683 3612 721 3670 ad
733 3619 920 3706 prototypum
934 3611 1012 3706 guod
1026 3619 1244 3704 repraesentant.

93 3721 336 3848 &niutan
355 3691 1067 3849 ..litarenturrunnun&
1089 3691 1295 3830 §tillidi

116 3849 335 3962 :2:313er
354 3852 413 3910 diei
425 3861 545 3946 ¹potost;
568 3853 634 3950 lion
651 3859 774 3944 propter
796 3871 834 3925 ee,
850 3849 918 3927 qnia
940 3858 1007 3910 sunt
1028 3849 1103 3908 infra
1124 3847 1295 3925 dignitatem

92 4025 134 4066 res
147 4007 313 4070 inanimatae
326 3931 787 4089 milii-ildis’plddrlsstacsllsadllilibid
787 3931 954 4086 1Idubiyllldlsdt
966 3947 1088 4069 0Iolllldeerv
1077 3935 1297 4084 tllllilllsr’sillidi?i

92 4086 221 4149 ebrorum
246 4091 344 4150 cultus
367 4098 491 4167 vetatur,
518 4091 566 4151 Ps.
588 4109 656 4150 exv.
677 4093 705 4165 8,
728 4090 786 4148 Isa.
800 4089 842 4149 xl.
859 4091 906 4165 18,
928 4089 1038 4150 Jcrem.
1059 4107 1090 4147 x.
1113 4089 1160 4162 14,
1182 4086 1295 4147 Habeo.

93 4165 121 4224 ii.
136 4169 182 4245 18,
199 4173 246 4244 19,
261 4171 332 4248 quia
346 4179 413 4229 snut
427 4189 499 4248 opus
513 4190 650 4230 manuum
670 4169 837 4228 bominum:
859 4169 926 4228 Non
941 4176 1064 4244 propter
1077 4168 1232 4242 exemplar,
1247 4166 1296 4225 rel

94 4243 183 4306 Deum
196 4251 246 4309 vel
261 4251 404 4326 Sanctos3
425 4250 500 4309 Nam
522 4251 603 4310 Deus
623 4249 654 4306 in
669 4249 809 4326 ImegIne,
824 4248 855 4306 in
875 4267 934 4324 qua
946 4264 1051 4304 noman
1065 4265 1149 4306 suum
1162 4263 1221 4303 non
1244 4263 1296 4336 po:

93 4325 154 4398 suit,
165 4329 221 4387 coli
233 4349 294 4388 non
307 4330 382 4405 vult,
394 4337 424 4388 et
436 4330 467 4387 in
480 4329 607 4408 imagine
621 4328 762 4388 materiali
775 4347 833 4387 non
847 4335 944 4405 potest
956 4324 1171 4404 representari5
1196 4323 1297 4382 Sancti

95 4421 158 4464 vero
170 4427 224 4468 nee
237 4427 290 4487 per
304 4427 345 4484 se,
360 4429 414 4468 nee
427 4409 458 4466 in
472 4408 653 4487 Imaginibus
667 4405 781 4467 colendi
795 4415 871 4467 sunt.

94 4521 220 4571 ,qm
282 4527 334 4572 „m
395 4488 485 4548 XIV.
498 4488 615 4564 Quarto,
629 4487 793 4564 Imaginum
803 4488 898 4546 cultus
911 4483 1076 4561 incognitus
1086 4479 1142 4538 fuit
1154 4475 1296 4569 inlleele-

121 4541 336 4688 &leffrinc-
357 4567 736 4708 ffiudhfifffillauildldlr
757 4566 857 4659 primis
882 4564 1022 4715 scarpum
1036 4561 1179 4714 ἓξὲξ
1188 4573 1296 4693 hffiss

456 4667 533 4710 onus
570 4668 588 4708 a
720 4666 767 4706 um
781 4665 901 4724 impugu
1165 4679 1174 4712 ι
1231 4677 1240 4693 ·
