3186 5210
225 311 283 368 488
648 324 739 366 rocus
754 324 883 364 oneratus
898 323 1035 373 perrarus.
1248 304 1374 386 [eumer.
1387 324 1425 366 vr.

228 469 317 529 etiarn
348 466 447 526 datum
475 465 530 524 suit
546 474 572 520 et
588 485 673 542 posse
699 473 783 541 stare,
806 465 938 524 utnobis
960 464 1046 524 datur
1063 474 1089 520 et
1107 485 1190 543 posse
1213 465 1348 540 credere;
1370 466 1427 523 Nou

229 568 300 624 ergo
321 547 415 624 potior
436 547 491 604 erit
512 545 639 603 conditio
660 554 758 602 nostra
779 545 832 603 sub
855 547 956 620 gratia,
979 554 1056 603 sorte
1076 546 1166 622 ipsius
1180 547 1212 602 in
1233 555 1353 620 natura3
1375 546 1426 604 lieo

227 629 323 687 miuus
338 627 464 684 obnoxia
485 626 564 684 casui
575 633 604 684 et
618 625 812 683 mutabilitati.
856 625 928 683 Cum
950 634 1046 684 tomen
1061 633 1173 684 constet
1186 645 1326 701 magnum
1339 625 1428 682 discri-

228 727 295 766 men
310 725 372 764 esse
396 706 471 764 inter
484 714 616 764 naturam
627 713 656 762 et
670 705 801 780 gratiam,
817 704 896 761 illam
911 723 1024 780 semper
1037 705 1214 780 mutabilem,
1231 706 1316 763 istam
1331 723 1430 782 semper

229 793 336 846 certam
351 794 379 842 et
394 785 610 858 immutabilem,
625 784 693 859 quia
707 783 737 840 in
751 804 786 842 ea
800 785 885 841 horno
906 785 1024 842 relictus
1047 785 1102 843 fuit
1122 785 1152 842 in
1174 803 1263 842 manu
1278 783 1393 858 consilii,
1406 785 1431 840 in

230 867 284 924 hac
298 885 368 923 vero
389 865 550 923 custoditur
562 865 670 921 virtute
686 863 749 921 Dei.
794 865 854 921 Nec
868 873 980 922 tontum
995 865 1083 922 habet
1097 865 1188 921 a·Deo
1200 865 1372 940 adjmorium
1381 865 1431 922 sine

231 966 286 1022 qno
300 965 363 1019 aon,
387 945 427 1003 id.
450 943 608 1021 potentiam
632 942 705 999 bene
720 943 834 1018 agendi,
850 943 900 1001 sed
925 952 954 1000 et
968 945 1139 1019 achatomum
1153 963 1218 1019 quo,
1235 944 1265 1001 id
1281 953 1332 1019 est,
1348 945 1430 1021 ipsum

231 1033 326 1084 actum
342 1032 370 1082 et
384 1024 459 1082 velle
474 1023 552 1099 quod
566 1031 670 1099 potest.

272 1104 386 1162 XXII.
409 1107 436 1160 5.
455 1103 502 1160 Sio
518 1103 598 1160 Dens
613 1121 671 1158 non
695 1101 838 1161 efficacius
858 1102 1022 1179 operabitur
1034 1102 1066 1158 in
1080 1101 1229 1160 hominum
1245 1103 1431 1176 conversione,

232 1203 319 1261 quam
344 1183 433 1242 Satan
455 1191 589 1258 operatur
611 1182 642 1238 in
656 1181 803 1239 hominum
819 1182 994 1256 seductione,
1011 1181 1184 1257 quia-Satan
1200 1183 1289 1240 etiam
1304 1182 1432 1241 suasioni·

231 1263 296 1337 bus,
311 1262 531 1336 hortationibus,
546 1262 703 1338 promissis,
719 1261 806 1319 minis
819 1262 917 1336 utitur,
934 1261 971 1319 ad
991 1261 1198 1337 pervertendos
1212 1263 1353 1320 homines.
1380 1261 1433 1318 Nee

233 1343 407 1401 discriminis
431 1342 504 1400 ratio
529 1341 558 1398 in
582 1361 616 1398 eo
638 1350 733 1416 potest
758 1361 829 1413 esse,
846 1340 923 1416 quod
947 1341 1028 1399 Deus
1043 1349 1149 1398 aeterna
1163 1350 1191 1399 et
1215 1341 1434 1418 incorruptibilia

232 1422 310 1480 bona
323 1422 472 1499 promittit,
492 1423 580 1480 Satan
594 1440 664 1478 vero
678 1429 788 1478 tantum
804 1421 973 1497 temporalia
994 1430 1023 1478 et
1038 1421 1245 1498 corruptibilia.
1290 1421 1362 1495 Quia
1374 1420 1434 1477 lieet

233 1501 306 1561 falsa
330 1503 388 1561 sint
402 1511 430 1561 et
445 1501 554 1559 caduca
578 1501 655 1558 bona
678 1520 743 1576 quae
764 1501 914 1576 promittit,
938 1520 972 1558 ea
992 1508 1089 1558 tamen
1114 1501 1234 1560 exhibet
1259 1511 1292 1560 ut
1320 1520 1385 1558 vera
1409 1509 1434 1556 et

235 1591 350 1656 aetema,
374 1603 439 1660 quae
464 1581 629 1639 felicitatem
651 1579 775 1636 hominis
803 1580 964 1652 absolvant,
980 1589 1012 1638 ut
1036 1600 1125 1657 quum
1139 1581 1333 1656 pollicebatur
1346 1580 1435 1657 primis

235 1663 401 1740 parentibus
414 1662 474 1720 fore
500 1681 549 1718 eos
564 1661 638 1718 siout
654 1660 740 1716 Deos
785 1659 896 1717 Deinde
911 1659 1122 1735 qualiacunque
1138 1660 1215 1717 bona
1229 1661 1432 1737 promittantur,

239 1741 320 1799 ldem
334 1762 446 1818 semper
460 1749 557 1798 manet
570 1739 673 1796 rrrodus
687 1739 808 1797 actionis
823 1759 888 1796 oum
904 1739 976 1812 Deo,
993 1741 1016 1796 si
1031 1759 1090 1797 non
1104 1739 1160 1797 alio
1174 1741 1264 1798 modo
1279 1760 1364 1816 quam
1378 1758 1435 1797 sua·

235 1823 298 1879 sivo
314 1833 342 1880 et
356 1820 504 1880 rosistibili
518 1820 587 1896 agit.
630 1819 691 1877 Neo
701 1819 725 1876 si
742 1819 829 1877 Satan
843 1819 1036 1876 resistibiliter
1046 1818 1159 1896 agendo
1169 1819 1259 1898 longe
1269 1821 1364 1897 plures
1377 1837 1434 1896 per·

235 1901 330 1974 vertit,
347 1901 476 1977 sequitur
493 1901 585 1957 Deum
600 1899 686 1956 etiarn
701 1898 918 1956 irresistibilitor
931 1907 1065 1974 agentem
1079 1919 1137 1956 non
1152 1899 1257 1958 fortius
1271 1901 1335 1976 ipso
1348 1917 1434 1975 agere.

236 1979 310 2054 Quia
325 1980 394 2038 Alia
408 1981 481 2037 ratio
495 1989 539 2037 est
553 1978 672 2056 peccati,
696 1978 725 2034 in
736 1998 794 2054 quo
806 1978 892 2035 homo
911 1979 997 2054 jacet,
1014 1986 1043 2036 et
1056 1978 1094 2036 ad
1108 1979 1186 2055 quod
1199 1979 1434 2056 propensissimae

235 2068 279 2117 est
292 2069 395 2118 natura
409 2079 469 2134 sua,
485 2059 571 2117 etiam
593 2059 654 2116 sine
676 2057 802 2134 impulsu
818 2057 931 2115 Satanae
947 2079 954 2132 3
977 2057 1047 2114 Alia
1068 2059 1239 2134 sanctitatis,
1255 2080 1273 2116 a
1287 2079 1344 2135 qua
1357 2058 1435 2114 homo

234 2149 369 2216 peccator
381 2140 422 2197 ita
436 2147 480 2196 est
494 2157 621 2208 aversus,
638 2146 669 2195 ut
683 2138 720 2195 ad
735 2157 797 2195 eam
811 2137 910 2194 reduci
924 2157 981 2194 non
996 2138 1088 2214 possit
1098 2138 1154 2194 nisi
1168 2138 1198 2194 vi
1213 2137 1339 2213 quadam
1354 2136 1435 2194 omni·

235 2227 361 2295 potente.
404 2217 543 2291 Quamvis
557 2237 626 2274 vero
642 2216 727 2292 longe
742 2218 890 2292 pauciores
906 2217 963 2274 sint
976 2217 1019 2274 illi
1031 2217 1079 2293 qui
1094 2237 1157 2274 eam
1172 2219 1312 2292 sentiunt,
1328 2236 1384 2293 prae
1397 2234 1435 2271 re-

235 2297 341 2373 probis,
365 2316 423 2352 rrou
438 2297 503 2353 ideo
526 2297 613 2353 Satan
640 2297 703 2370 plus
719 2297 781 2353 Deo
796 2297 892 2354 valere
905 2296 1043 2354 dicendus
1058 2305 1110 2370 est,
1129 2297 1268 2373 quiahoc
1283 2316 1341 2354 nou
1355 2295 1437 2353 oritur

235 2395 273 2432 ex
288 2375 464 2450 impotentia,
481 2373 531 2430 sed
546 2395 583 2431 ex
597 2375 737 2448 libertate,
757 2375 844 2450 juxta
859 2395 944 2451 quam
959 2375 1112 2435 efficaciam
1128 2377 1212 2434 istam
1227 2377 1332 2453 gratiae
1343 2395 1398 2433 suae
1411 2373 1436 2430 in

234 2453 298 2512 istis
312 2454 411 2531 paucis
425 2461 536 2512 tantum
552 2473 667 2510 exerere
683 2453 818 2512 decrevit.

539 2532 669 2590 XXlll.
692 2532 783 2590 Aliud
798 2543 842 2590 est
866 2533 998 2594 resistere
1016 2537 1134 2613 Spiritui
1157 2536 1265 2594 Sancto
1280 2545 1396 2594 externe
1409 2532 1435 2589 in

498 2613 598 2672 Verbo
612 2612 774 2689 imperanti,
790 2611 882 2670 Aliud
897 2635 966 2672 vero
987 2615 1014 2672 ei
1035 2617 1166 2674 resistere
1181 2616 1210 2671 in
1225 2615 1314 2673 corde
1325 2632 1435 2690 operan-

498 2695 529 2753 ti.
553 2692 646 2752 Aliud
657 2692 789 2751 resistere
803 2693 920 2770 Spiritui
933 2695 1115 2753 convincenti
1128 2703 1156 2752 et
1167 2695 1311 2754 coercenti
1321 2703 1434 2764 tautum,

237 2776 328 2836 Aliud
344 2775 385 2833 illi
401 2775 486 2832 etiam
502 2773 680 2832 convertenti
695 2781 724 2830 et
738 2774 898 2832 renovanti.
940 2773 961 2831 J
963 2774 1037 2832 udaei
1062 2774 1178 2849 quidem
1201 2773 1339 2834 dicuutur
1359 2773 1434 2830 resti·

235 2858 305 2915 tisse
322 2854 440 2932 Spiritui
455 2855 493 2929 S.,
510 2855 577 2912 Act.
590 2854 639 2911 vii.
655 2856 702 2927 51,
717 2853 810 2929 primo
831 2853 936 2912 modo:
952 2873 1009 2910 non
1024 2853 1159 2911 seeundo.
1192 2853 1277 2926 Quod
1289 2863 1367 2931 patet
1381 2861 1435 2910 tum

236 2957 274 2994 ex
289 2936 384 2994 verbis
400 2934 594 3010 sequentibus,
619 2933 740 3006 “Quem
763 2933 971 3010 Prophetarum
985 2953 1044 2989 non
1058 2942 1125 2991 sunt
1138 2935 1292 3009 persecuti,
1314 2942 1343 2992 et
1366 2931 1433 2991 ocei-

236 3016 410 3090 dcruuteos,
423 3014 472 3090 qui
492 3015 562 3090 ipsis
572 3013 808 3090 praenunciabant
827 3013 982 3070 adventum
998 3013 1081 3070 istius
1099 3012 1171 3089 justi
1181 3014 1213 3070 ?”
1240 3022 1302 3071 tum
1323 3033 1360 3072 ex
1375 3013 1433 3070 Ste-

236 3097 323 3173 phani
336 3095 476 3171 exemplo,
490 3094 662 3152 resistebant
681 3093 755 3151 enim
780 3093 899 3168 Spiritui
916 3094 1020 3150 Sancto
1042 3113 1093 3168 per
1109 3092 1288 3168 Stephanum
1302 3091 1434 3168 loquenti,

236 3176 303 3251 quia
315 3174 433 3233 verbum
447 3174 509 3249 ejus
524 3173 675 3231 admittere
686 3173 841 3247 nolebant;
857 3173 914 3230 imo
928 3172 1051 3230 feramm
1075 3191 1153 3229 more
1165 3173 1194 3229 in
1204 3191 1269 3230 eum
1286 3171 1433 3241 irruebant,

236 3275 300 3331 quae
315 3254 360 3312 vis
375 3262 419 3310 est
432 3253 514 3310 verbi
529 3261 681 3310 tassetan..
724 3252 838 3310 Dicitur
852 3251 976 3328 quidem,
1001 3251 1067 3309 Aot.
1096 3251 1135 3310 vi.
1167 3254 1212 3323 10,
1241 3255 1287 3326 ll,
1312 3271 1362 3310 eos
1381 3268 1433 3306 non

236 3334 364 3408 potuisse
380 3332 511 3388 resistere
527 3331 682 3406 sapientiae,
699 3341 728 3389 et
744 3331 863 3407 Spiritui
877 3351 934 3406 quo
956 3330 1136 3407 loquebatur,
1159 3331 1211 3388 sed
1224 3339 1295 3389 tunc
1308 3331 1434 3388 resistere

236 3431 292 3468 non
309 3410 452 3484 siguificat
465 3409 578 3484 proprie
593 3409 739 3466 adversari
756 3431 805 3468 seu
825 3411 972 3484 obsistere,
989 3410 1040 3467 sed
1055 3429 1187 3486 superare
1204 3429 1255 3468 seu
1269 3410 1391 3482 vincere,
1406 3415 1435 3464 nt

239 3490 308 3546 Luc.
324 3487 386 3544 xxi.
404 3490 450 3544 15.
493 3487 575 3545 Licet
600 3508 668 3545 vero
691 3489 788 3546 Judaei
810 3490 858 3546 isti
883 3490 913 3546 vi
938 3490 1068 3548 veritatis
1089 3509 1107 3546 a
1123 3489 1269 3565 Stephano
1284 3509 1335 3567 per
1351 3487 1432 3566 Spiri-

235 3578 297 3628 tum
314 3567 450 3624 Sanctum
464 3565 599 3641 loquente
614 3565 721 3624 suerint
747 3568 880 3642 convicti,
911 3568 975 3626 Non
990 3569 1120 3645 sequitur
1143 3568 1281 3644 Spiritum
1295 3589 1358 3627 earn
1379 3585 1433 3625 om·

236 3667 301 3706 nem
327 3645 493 3702 adhibuisse
517 3645 647 3719 gratiam,
664 3665 727 3720 quie
742 3646 779 3702 ad
793 3648 1010 3705 conversionem
1031 3657 1092 3707 erat
1112 3648 1282 3722 necessaria,
1305 3647 1373 3725 quia
1395 3665 1434 3702 re.-

236 3726 404 3805 quirebatur
418 3732 555 3801 praterea
574 3724 670 3781 cordis
684 3744 734 3782 seu
749 3725 851 3782 animae
867 3726 1055 3802 circumcisio,
1071 3747 1129 3803 qua
1142 3728 1267 3786 caruisse
1281 3728 1328 3786 hic
1339 3727 1433 3785 dieun-

237 3817 292 3884 tur,
308 3827 368 3865 ver.
385 3809 432 3881 51,
449 3824 507 3861 non
521 3803 616 3861 minus
630 3823 716 3879 quam
732 3804 831 3862 Patres
847 3805 982 3881 ipsorum,
996 3807 1082 3865 Dent.
1097 3809 1181 3865 xxix.
1198 3812 1226 3865 4.

277 3886 402 3948 XXIV.
424 3883 563 3960 Quamvis
577 3903 647 3942 vero
664 3883 787 3961 Spiritus
804 3885 925 3943 Sanctus
940 3905 996 3943 non
1012 3886 1196 3960 decrevisset,
1212 3906 1265 3944 nec
1280 3884 1435 3945 intenderet

236 3987 286 4026 eos
298 3974 483 4040 convortere;
506 3983 563 4022 non
585 3964 681 4022 minus
703 3972 799 4023 tamen
821 3965 879 4024 diei
903 3976 1024 4042 possunt
1040 3967 1158 4043 Spiritui
1175 3967 1204 4024 S.
1219 3967 1367 4040 restitisse,
1382 3981 1433 4020 nou

237 4048 353 4124 quidem
369 4046 585 4105 couversionem
597 4043 766 4118 intendenti,
779 4045 829 4104 sed
845 4046 969 4105 officium
983 4045 1188 4124 praescribenti,
1204 4055 1233 4104 et
1247 4046 1323 4103 viam
1339 4040 1433 4102 salutis

237 4127 409 4200 ostendenti,
425 4146 458 4183 ao
473 4133 593 4184 externa
606 4125 702 4182 omnia
715 4125 810 4183 media
821 4126 977 4198 adhibenti,
993 4145 1057 4201 quae
1071 4125 1233 4183 necessaria
1253 4134 1334 4183 erant
1347 4122 1382 4180 ad
1397 4121 1434 4197 ip·

237 4225 334 4266 sorum
355 4205 582 4264 conversionem.
625 4205 811 4263 Resistebout
835 4225 904 4280 ergo
925 4205 1067 4261 voluntati
1087 4204 1233 4279 revelatas,
1256 4224 1319 4281 quae
1339 4199 1434 4276 regule

237 4295 282 4344 est
303 4285 397 4360 officii,
420 4303 477 4342 non
498 4303 618 4358 arcanae,
641 4304 706 4361 quae
727 4292 848 4342 eventus
869 4283 1004 4341 decernit.
1048 4283 1109 4341 Nec
1124 4283 1148 4341 si
1163 4302 1220 4340 non
1235 4291 1365 4360 poterant
1378 4297 1432 4336 cre-

237 4365 305 4423 dere
328 4365 390 4423 sine
412 4363 530 4440 speciali
551 4364 644 4440 gratio
667 4364 790 4440 Spiritus
813 4361 911 4420 Sancti
932 4380 996 4436 quae
1017 4361 1075 4419 illis
1097 4362 1239 4438 denegata
1260 4371 1328 4436 erat,
1344 4357 1432 4435 sequi·

238 4453 293 4518 tur,
318 4447 412 4502 Deum
432 4463 491 4500 non
513 4463 598 4519 posse
615 4443 694 4519 justo
716 4441 852 4516 conqueri
867 4439 902 4498 de
917 4459 1015 4498 eorum
1037 4442 1227 4501 contumacia.
1251 4444 1277 4499 1.
1293 4441 1365 4516 Quia
1385 4457 1431 4515 po·

238 4531 333 4584 terant
363 4543 415 4580 nee
437 4523 524 4579 talem
544 4541 598 4580 nec
629 4529 736 4580 tautam
769 4519 959 4578 resistentiam
975 4540 1117 4597 opponere
1141 4521 1261 4597 Spiritui
1283 4522 1386 4580 Sancto
1406 4516 1431 4572 in

240 4601 392 4678 Prophetis
414 4602 551 4678 loquenti,
575 4600 688 4678 qualem
704 4609 732 4657 et
753 4607 888 4676 quautam
905 4613 1109 4678 opposuerunt.
1132 4605 1159 4660 2.
1177 4601 1251 4676 Quia
1265 4601 1430 4660 tenebantur·

264 2593 291 2640 Fr
300 2595 355 2634 ntes
372 2589 440 2635 Solu·

303 2651 406 2694 tionum.
