3146 5210
140 389 257 438 nonar.
272 369 351 450 x1v.]
494 387 533 426 ns
548 385 663 427 orrroro
677 387 795 428 cnsrsrr
809 388 1001 433 unnrsronro.
1292 380 1350 436 421

141 551 230 608 quem
244 550 303 590 uon
317 537 361 588 est
375 528 472 604 salus3
495 528 568 588 Cum
583 527 717 586 voluntas
736 537 873 606 sequatur
886 531 1047 590 necessario
1063 531 1206 592 dictamen
1219 533 1349 594 intellec·

142 620 191 669 tus
204 611 332 688 practici,
355 618 385 668 et
398 627 497 667 omues
511 615 614 666 natura
627 607 835 666 beatitudinem
848 620 998 687 appetant;
1022 613 1198 688 impossibile
1212 613 1286 673 foret
1300 635 1350 674 eos

140 689 182 748 ad
203 691 349 749 Christum
367 709 425 747 non
440 687 602 764 confugere,
618 694 648 744 et
660 687 743 746 illum
757 695 818 746 toto
832 691 918 748 corde
932 692 1067 768 amplecti
1080 692 1118 750 ad
1132 693 1262 751 saltuem.
1292 695 1347 752 Αι-

141 789 200 846 que
215 770 282 828 hinc
304 769 390 828 etiam
411 775 499 845 patet,
523 767 711 826 Diabolorum
725 766 812 826 fidam
826 769 899 828 nihil
923 791 1074 830 commune
1092 772 1198 831 habere
1212 793 1276 830 cum
1292 773 1349 832 fida

144 848 319 924 Electorum,
336 867 401 906 cum
415 847 508 906 sciaut
525 847 673 905 Christum
694 846 764 906 solis
785 846 885 906 datum
904 869 968 908 esse
989 851 1163 928 hominibus,
1178 872 1232 910 nee
1255 853 1348 912 ullum

141 928 306 988 fiducialem
328 927 403 986 circa
416 926 499 985 illurn
513 926 615 985 elicere
626 935 741 1004 queant.

183 1009 218 1066 L.
260 1012 288 1067 3.
312 1006 496 1066 “Neminem
519 1025 605 1083 posse
629 1005 763 1066 fiduciam
789 1007 929 1066 collocare
953 1008 984 1068 iu
1009 1009 1162 1085 Christum,
1188 1010 1238 1087 qui
1261 1011 1341 1088 prius

139 1107 200 1146 non
219 1087 337 1147 sciverit
357 1086 503 1146 Christum
516 1105 569 1162 pro
583 1105 614 1144 sc
628 1105 691 1144 esse
710 1094 863 1161 mortuum,
886 1089 934 1146 vel
956 1108 1039 1148 suum
1064 1109 1127 1148 esse
1154 1090 1345 1150 servatorem.

142 1167 299 1226 Hominem
323 1166 400 1226 aum
421 1185 534 1242 semper
551 1165 695 1224 haesmum
709 1165 828 1224 anxium
843 1166 878 1224 de
894 1168 985 1228 salute
1001 1189 1060 1244 sua,
1076 1169 1169 1228 donec
1183 1169 1226 1228 illi
1240 1172 1345 1230 eonsti-

138 1247 208 1306 terit
222 1247 259 1306 de
272 1246 431 1306 intentione
443 1245 508 1318 Dei,
524 1253 553 1303 ει
567 1245 603 1304 de
617 1245 766 1305 voluntate
781 1245 896 1322 Christi,
913 1248 962 1305 An
974 1268 1051 1306 mors
1061 1249 1168 1308 Christi
1178 1249 1222 1307 illi
1232 1269 1270 1308 ex
1283 1251 1346 1309 Deo

136 1327 262 1386 consilio
275 1327 419 1386 deminuta
433 1325 519 1384 ait?”
562 1325 650 1402 Rasp.
667 1325 740 1384 Dua
755 1333 822 1383 sunt
834 1336 932 1402 partes
945 1347 997 1386 seu
1011 1336 1092 1386 actus
1112 1329 1227 1388 fiduciae
1248 1330 1344 1388 Chris-

138 1407 234 1482 tianae,
257 1407 368 1484 primus
381 1413 426 1463 eat
439 1405 470 1462 in
483 1405 592 1481 repiqdo
605 1405 643 1462 ad
665 1404 819 1478 Christum,
839 1415 869 1464 et
881 1406 912 1464 in
926 1407 989 1484 ejus
1010 1407 1181 1484 receptione,
1205 1410 1346 1485 posterior

138 1488 229 1544 estin
242 1486 452 1564 depasceretur,
468 1492 497 1543 et
511 1484 709 1558 delectatione,
732 1504 797 1561 quae
811 1486 939 1544 nasetur
952 1506 990 1544 ex
1005 1507 1091 1546 sensu
1114 1487 1221 1547 Christi
1244 1509 1344 1566 appro-

138 1566 232 1624 honsi.
275 1567 330 1624 Ille
344 1573 484 1624 estaetus
497 1563 574 1639 fidei,
589 1583 647 1641 qno
661 1563 698 1622 cd
713 1563 858 1622 Christum
872 1567 988 1624 unicum
1012 1566 1192 1624 Servatorem
1212 1568 1343 1644 confugi-

138 1665 212 1721 rnus,
228 1655 259 1705 et
271 1647 299 1704 ei
312 1645 500 1716 adhaeremus,
516 1663 625 1720 nosque
639 1643 704 1721 ipsi,
719 1652 748 1702 ει
761 1643 855 1720 ipsum
870 1645 954 1703 uobis
968 1645 1145 1721 applicamus
1158 1644 1197 1703 ad
1211 1647 1342 1706 salutem.

58 1760 63 1769 -
140 1725 201 1784 Iste
215 1735 260 1785 cst
273 1733 363 1799 actus,
378 1743 444 1801 quo,
461 1723 498 1781 ad
513 1723 659 1781 Christum
672 1723 871 1799 confugientes
885 1733 914 1783 et
928 1724 958 1782 in
972 1744 1038 1782 eum
1051 1725 1259 1800 recumbentes,
1276 1745 1342 1785 con-

137 1803 255 1864 fidimus
269 1825 322 1864 uos
335 1802 564 1862 communionem
579 1822 645 1861 cum
659 1822 702 1877 oo,
718 1803 781 1879 ejus
795 1813 886 1862 morta
898 1811 930 1862 ct
944 1803 1091 1870 beneficiis
1104 1804 1210 1863 habere
1221 1812 1250 1864 et
1260 1805 1341 1864 habi·

137 1893 221 1942 turos
234 1885 264 1942 in
278 1892 424 1958 aurnum,
437 1890 469 1941 et
482 1882 513 1939 in
526 1902 562 1940 eo
576 1882 793 1959 acquiescimus,
809 1891 887 1942 certo
901 1884 1031 1960 persuasi
1045 1903 1110 1942 eum
1121 1885 1267 1960 pronubis
1278 1905 1341 1945 esse

137 1971 292 2036 mortum,
308 1972 341 2022 et
353 1971 445 2022 morte
460 1981 513 2020 sua
526 1981 579 2020 nos
594 1981 659 2020 curn
679 1961 743 2020 Deo
763 1963 973 2022 reconciliasse.
1017 1963 1100 2021 Prior
1113 1972 1234 2023 vocatur
1247 1983 1264 2022 a
1278 1965 1341 2041 qui·

138 2042 261 2101 busdam
266 2045 342 2121 fides
356 2043 385 2101 ia
395 2043 546 2117 Christum,
563 2041 709 2100 Posterior
713 2043 789 2120 fides
803 2043 838 2099 dc
854 2043 974 2101 Chresto.
997 2042 1057 2100 Iste
1066 2043 1183 2119 respicit
1194 2043 1341 2102 Christum

135 2129 171 2180 ut
184 2141 236 2200 pro
251 2143 281 2182 se
295 2131 449 2198 mortuum,
465 2121 517 2180 sed
531 2140 589 2178 non
604 2120 676 2196 Ille,
697 2140 782 2179 nemo
796 2120 873 2178 enim
888 2122 960 2180 seire
974 2131 1070 2199 potest
1084 2121 1228 2181 Christum
1244 2142 1295 2200 pro
1310 2143 1341 2182 se

136 2209 281 2261 manuum
296 2223 367 2276 ease,
383 2201 439 2259 nisi
453 2201 532 2278 prius
545 2201 576 2259 iu
589 2201 684 2277 ipsum
699 2199 870 2260 crediderit:
899 2203 971 2260 Cum
986 2202 1061 2259 enim
1082 2201 1265 2278 promittatur
1278 2211 1340 2261 tan·

133 2290 198 2340 tum
220 2281 403 2341 credentibus
418 2291 447 2340 et
459 2280 674 2358 paenitentibus,
699 2280 779 2358 prius
802 2280 874 2338 mihi
895 2280 1119 2357 confugiendum
1134 2281 1229 2340 estad
1244 2282 1340 2341 Chris·

135 2370 208 2437 tum,
224 2370 253 2420 et
265 2361 398 2420 meritum
411 2361 476 2438 ejus
490 2359 761 2436 apprehendendum
773 2379 839 2418 cum
856 2361 936 2418 seriae
951 2360 1126 2437 pmnitentiae
1141 2361 1245 2436 sardio,
1261 2371 1340 2420 anm-

133 2459 225 2518 qusm
239 2449 363 2501 statuere
377 2459 489 2517 queam,
511 2447 632 2498 mortam
654 2439 761 2497 Christi
775 2439 812 2498 ad
825 2459 872 2498 me
886 2440 1028 2517 pertinere
1042 2460 1080 2498 ex
1095 2439 1152 2498 Dei
1165 2439 1289 2517 decreto,
1312 2451 1342 2502 et

132 2521 244 2579 Christi
268 2521 436 2580 intentione.
487 2520 552 2577 Non
575 2518 660 2595 quod
674 2518 746 2577 fides
770 2538 835 2578 mea
853 2518 947 2595 faciat,
969 2529 1001 2579 ut
1022 2520 1154 2580 Christus
1169 2540 1222 2597 pro
1240 2541 1286 2579 me
1304 2522 1341 2580 sit

132 2609 282 2676 mortuus;
295 2617 373 2658 mors
387 2600 463 2658 euim
475 2598 582 2656 Christi
596 2598 740 2657 antecedit
753 2619 867 2658 omnem
882 2599 968 2658 fidem
982 2601 1012 2657 iu
1027 2620 1132 2677 genere
1146 2619 1240 2658 causae
1254 2602 1338 2659 meri·

135 2679 225 2756 toriae,
251 2691 280 2739 ει
294 2680 388 2756 gratia
401 2678 470 2737 fidei
483 2677 614 2737 effectrix
628 2687 673 2737 est
685 2677 796 2736 fructus
815 2678 899 2738 istius
919 2679 1037 2754 mortis;
1067 2680 1118 2738 sed
1132 2679 1201 2755 quia
1214 2689 1259 2738 est
1272 2681 1339 2739 cha·

134 2768 228 2819 raetar
241 2768 271 2818 ει
285 2759 420 2834 conditio,
436 2778 473 2817 ex
488 2777 546 2834 qna
559 2777 577 2815 a
589 2757 740 2835 posteriori
764 2777 891 2834 agnosco
916 2767 1035 2818 mortem
1060 2757 1167 2816 Christi
1181 2759 1217 2816 ab
1232 2767 1339 2817 aeterno

130 2839 205 2896 mihi
220 2839 393 2898 destinatam
406 2857 479 2897 esse.
512 2838 572 2895 Nec
587 2836 611 2894 si
625 2836 753 2895 nondum
768 2837 913 2897 Christum
927 2857 979 2914 pro
993 2857 1039 2896 ma
1053 2845 1196 2895 mortuum
1213 2847 1339 2898 statuere

133 2937 260 2996 possum,
276 2925 428 2996 propterea
448 2917 564 2976 hareho
578 2935 691 2992 semper
703 2917 816 2992 anxium,
832 2926 861 2975 et
875 2917 989 2976 nutabit
1002 2916 1075 2974 fides
1088 2935 1172 2975 mea:
1201 2917 1277 2990 Quia
1290 2917 1337 2975 fir-

131 2998 219 3062 miter
241 2999 347 3076 poterit
368 2997 421 3056 niti
445 2996 683 3074 promissionibus
708 2996 890 3072 generalibus
915 2995 1077 3072 Evangelii,
1102 2995 1285 3054 credentibus
1309 3006 1339 3056 ot

134 3077 339 3155 poenitentibus
352 3077 447 3151 factis,
464 3075 540 3135 unde
553 3085 632 3134 carta
646 3075 849 3152 consequentia
863 3095 980 3152 possum
995 3095 1012 3132 a
1025 3073 1175 3152 posteriori
1190 3075 1335 3152 colligere,

131 3157 159 3216 si
173 3157 259 3216 fidere
273 3157 358 3217 istam
369 3165 402 3215 et
415 3155 612 3234 poenitentiam
627 3155 657 3213 in
670 3175 717 3214 me
731 3155 766 3214 de
787 3155 954 3227 relrendero,
970 3174 1019 3213 eas
1032 3154 1070 3214 ed
1083 3173 1130 3212 me
1144 3155 1294 3231 pertinere

173 3238 225 3296 LI.
247 3243 276 3296 4.
292 3238 366 3295 “Ex
377 3244 476 3295 nostra
485 3235 640 3313 hypothesi
651 3235 750 3294 subrui
760 3175 978 3294 liindameutum
989 3233 1194 3292 consolationis
1204 3243 1335 3310 peccato·

130 3337 205 3392 rum,
220 3338 254 3376 eo
268 3317 347 3395 qnod
361 3315 514 3394 procedere
525 3315 681 3375 debeamus
692 3335 709 3374 e
719 3310 883 3392 particulari
898 3314 935 3372 ad
949 3314 1125 3372 universale:
1141 3313 1273 3374 Christus
1284 3334 1336 3392 pro

128 3398 277 3475 aliquibus
290 3406 422 3456 mortuus
435 3404 497 3454 est:
520 3395 599 3472 Ergo
612 3415 664 3472 pne
678 3413 724 3454 me
737 3403 868 3454 mortuus
882 3394 945 3452 erit.
968 3394 1039 3452 Cum
1051 3394 1138 3470 juxta
1151 3393 1234 3452 bonae
1249 3414 1335 3470 argu-

129 3477 315 3537 mentationis
325 3477 407 3554 legas
417 3474 629 3553 procedendum
642 3473 679 3532 sit
689 3474 726 3532 ab
736 3473 894 3532 universali
904 3473 942 3532 ad
951 3473 1132 3550 particulare,
1143 3473 1274 3532 Christus
1283 3494 1335 3551 pro

129 3557 264 3617 omuibus
275 3565 305 3617 ει
315 3556 439 3634 singulis
447 3563 580 3614 mortuus
590 3562 649 3612 est:
662 3553 741 3630 Ergo
751 3562 781 3612 ει
792 3573 843 3631 pro
854 3554 929 3612 ma.''
947 3553 1004 3612 Sed
1018 3557 1044 3611 1.
1057 3553 1155 3612 Gratis
1165 3554 1336 3630 supponitur

130 3657 183 3696 nos
197 3638 245 3696 hic
257 3637 413 3714 procedere
427 3656 445 3694 a
457 3633 624 3712 particulari
638 3633 675 3691 ad
689 3633 860 3706 mriversale,
876 3633 955 3710 quod
968 3653 1053 3691 nemo
1067 3652 1125 3691 non
1139 3633 1220 3692 videt
1233 3633 1333 3693 absur-

130 3717 200 3775 dum
214 3736 286 3791 esse,
303 3717 376 3776 Cum
391 3715 508 3774 omnino
519 3721 754 3791 argumentemur
764 3713 801 3771 ab
811 3713 976 3788 universali,
992 3713 1043 3771 sed
1058 3712 1088 3770 in
1099 3721 1177 3772 certo
1188 3713 1291 3772 ordine
1306 3721 1335 3772 et

127 3804 270 3872 respectu,
286 3796 323 3854 ad
336 3795 523 3872 particulare:
538 3794 670 3852 Christus
683 3812 736 3870 pro
746 3792 880 3852 omnibus
894 3793 1078 3852 credentibus
1089 3801 1118 3852 et
1127 3792 1333 3869 poenitentibus

132 3882 261 3932 mortuus
285 3884 351 3950 ast3
390 3875 485 3952 Atqui
506 3875 571 3950 Ego
596 3872 682 3931 credo
696 3873 908 3950 etpocnitentia
930 3872 1043 3931 ducor:
1072 3873 1152 3948 Ergo
1166 3880 1195 3929 et
1213 3890 1265 3946 pro
1285 3891 1333 3930 rna

130 3961 261 4010 mortuus
287 3962 340 4012 est.
390 3958 418 4014 2.
455 3954 574 4012 Falsum
599 3961 651 4026 est,
680 3951 899 4011 fundamentum
927 3951 1132 4010 consolationis
1153 3950 1190 4007 ab
1216 3949 1331 4007 univer·

130 4031 244 4089 salitate
267 4031 400 4091 absoluta
422 4033 523 4092 mortis
548 4033 655 4092 Christi
679 4031 738 4108 peti
761 4049 856 4108 posse,
885 4031 954 4108 quia
977 4030 1089 4088 nullum
1110 4027 1234 4086 solidum
1256 4029 1330 4087 sola·

130 4111 202 4170 tium
223 4111 282 4186 peti
302 4119 397 4188 potest
417 4112 454 4169 ab
475 4131 509 4170 oo
530 4111 608 4188 quod
619 4121 666 4171 est
684 4110 740 4188 piis
761 4119 790 4170 ει
810 4111 906 4188 impiis
927 4127 1086 4181 commune,
1108 4107 1167 4164 imo
1188 4105 1331 4166 damnatis

128 4198 159 4249 et
180 4187 351 4248 damnandis
368 4190 525 4249 innumeris
544 4211 625 4268 aeque
639 4211 673 4250 ac
688 4189 844 4250 salvandis.
893 4190 969 4248 Cum
983 4187 1059 4246 euim
1073 4185 1160 4244 etiam
1174 4205 1226 4262 pro
1240 4185 1262 4245 J
1263 4186 1329 4262 uda,

124 4278 157 4329 et
178 4265 329 4327 Pharaone
352 4277 481 4328 mortuus
505 4279 691 4347 supponatur,
712 4269 818 4348 quibus
832 4289 939 4328 noueo
951 4267 1048 4326 minus
1066 4265 1243 4342 pereundum
1265 4265 1328 4341 luit,

124 4347 273 4427 quomodo
297 4348 490 4408 damnationis
512 4359 605 4408 metus
619 4369 657 4409 ex
672 4369 706 4409 εο
720 4350 791 4408 mihi
805 4350 894 4408 eximi
918 4347 1044 4425 poterit?
1085 4344 1119 4402 Si
1139 4344 1219 4402 dicas
1240 4345 1330 4402 eximi

127 4447 212 4508 possa
234 4429 321 4486 talem
342 4437 450 4486 metum
470 4429 631 4506 perfidem,
653 4431 723 4491 Jarn
746 4430 783 4488 ad
806 4430 892 4487 alium
917 4426 1119 4504 syllogismum
1142 4423 1328 4501 progredien-

124 4509 265 4569 duruerit
285 4508 322 4566 de
343 4507 476 4567 omnibus
497 4509 689 4585 credentibus,
710 4529 769 4567 non
790 4509 826 4567 de
847 4508 980 4567 omnibus
993 4503 1175 4564 hominibus:
1198 4503 1329 4562 Christus

125 4609 177 4668 pro
192 4588 326 4647 omnibus
340 4595 370 4646 ει
383 4587 506 4665 singulis
520 4589 702 4650 credentibus
716 4596 846 4647 mortuus
860 4597 923 4664 est;
947 4586 988 4644 At
997 4605 1052 4662 ego
1063 4583 1148 4642 credo
1161 4606 1168 4642 ε
1183 4583 1263 4660 Ergo
1276 4603 1329 4660 pro

123 4689 170 4728 mc
185 4677 316 4727 mortuus
340 4676 393 4743 est,
414 4668 470 4742 Qui
485 4668 560 4726 enim
575 4669 666 4728 credit
680 4670 710 4726 in
726 4668 832 4726 Filium
848 4687 904 4725 non
920 4666 1032 4744 peribit,
1045 4664 1097 4724 sed
1108 4663 1225 4722 habebit
1238 4664 1329 4726 vium
