3146 5210
153 399 267 450 Quaen.
283 379 341 462 nn]
550 398 592 438 nn
604 397 721 440 orrrcro
735 399 854 442 caasser
868 399 1062 440 nsnrsnoaro.
1306 387 1365 443 375

153 541 219 620 ipsa
230 560 353 619 persona
366 559 431 617 qnae
446 539 542 599 solvit.
585 540 680 600 Datur
693 541 780 600 etiam
805 540 842 600 de
862 541 1004 600 solutione
1020 541 1142 618 propria,
1159 542 1227 619 qnia
1241 543 1291 621 qni
1306 543 1363 602 sol·

154 623 200 681 vit
210 641 261 699 per
275 641 307 680 se
320 619 399 697 quod
412 620 507 694 debet,
519 640 577 678 non
592 640 664 696 opus
678 621 767 679 habet
786 621 953 680 remissione
966 643 972 696 ;
995 621 1047 679 sed
1062 620 1098 680 de
1112 622 1255 680 solutione
1270 623 1364 682 aliena

158 709 190 760 et
205 701 321 776 vicaria,
337 721 402 777 qnae
416 701 446 758 in
467 699 522 757 hoc
536 701 653 777 negotio
667 701 764 759 locum
786 700 882 776 habet,
905 702 973 777 quia
996 701 1065 759 licet
1080 701 1202 778 justitiae
1223 701 1274 760 fiat
1293 703 1363 764 satis

153 801 207 859 per
221 781 454 855 satisfactionem,
480 780 548 856 qnia
572 789 668 839 tamen
688 787 732 839 est
755 780 913 840 satisfactio
935 779 1029 838 aliena
1052 800 1111 840 non
1135 781 1363 859 propria,quam

154 881 194 920 ex
208 861 303 938 rigore
314 861 390 938 juris
406 861 468 918 Lex
480 859 625 937 exigebat,
641 859 796 938 requiritur
809 861 857 920 hic
881 869 963 920 actus
977 860 1103 935 Judicis,
1119 861 1169 938 qui
1184 862 1363 938 acceptando

154 960 270 1018 pmnanr
285 941 422 999 vicariam
436 938 538 1014 Vadis,
554 942 682 1000 remittat
696 961 744 999 reo
760 961 874 1016 poenam
888 939 1031 1017 propriam
1047 961 1134 1018 quam
1149 941 1282 1002 debebat.

195 1019 340 1079 XXVII.
363 1019 465 1079 Gratia
480 1019 538 1076 Dei
553 1027 581 1078 et
595 1021 729 1080 meritum
744 1021 852 1080 Christi
875 1040 934 1079 non
949 1029 1141 1098 opponuntur,
1158 1021 1208 1080 aed
1231 1021 1362 1081 subordi-

153 1107 248 1174 natur,
264 1100 333 1177 quia
345 1099 405 1158 κατ’
418 1098 488 1160 dnae
509 1104 556 1158 aut
577 1098 647 1158 ἄλλο
667 1101 715 1158 hie
731 1109 905 1177 spectantur,
922 1101 1025 1160 Gratia
1038 1110 1172 1178 respectu
1185 1102 1285 1176 nostri,
1301 1111 1363 1161 tum

153 1179 185 1237 in
199 1179 315 1240 datione
330 1180 432 1256 Vadis,
447 1189 508 1240 tum
524 1181 553 1239 in
568 1181 764 1258 acceptatione
779 1182 842 1258 ejus
863 1181 1068 1240 satisfactionis
1081 1181 1119 1240 ad
1139 1191 1265 1241 nostram
1276 1183 1362 1259 justi·

153 1259 326 1318 ficationem.
371 1260 430 1320 Sed
443 1262 578 1321 meritum
592 1271 724 1338 respectu
733 1261 755 1320 J
756 1261 863 1320 ustitiae
878 1261 943 1335 Dei,
954 1280 1018 1338 qnae
1032 1281 1091 1320 non
1104 1263 1200 1338 potnit
1213 1271 1361 1339 peccatum

154 1340 279 1399 inultum
293 1341 464 1418 relinquere,
481 1349 514 1400 nt
527 1341 642 1418 Apost,
659 1341 744 1400 Rom.
758 1341 800 1400 iii.
823 1346 871 1417 24,
895 1343 944 1418 25,
960 1341 1022 1399 hacc
1036 1341 1112 1400 inter
1127 1361 1157 1400 se
1172 1343 1280 1420 optime
1295 1362 1362 1400 con-

154 1420 254 1478 venire
269 1421 381 1480 asserit.

194 1499 356 1559 XXVIII.
379 1499 463 1560 Licet
476 1501 613 1559 Remieeio
627 1500 693 1575 Dei,
709 1509 737 1560 et
749 1501 899 1576 homiuum,
915 1500 944 1558 in
961 1500 1051 1559 variis
1066 1499 1176 1560 similas
1191 1500 1249 1559 sint
1265 1500 1361 1577 quoad

154 1599 224 1655 rem,
240 1579 419 1657 potissimum
436 1581 551 1640 veroin
573 1579 747 1639 offensarum
763 1580 974 1640 condonatione
994 1580 1105 1640 sincera
1126 1588 1156 1640 et
1176 1600 1234 1639 non
1248 1580 1361 1655 fucata;

155 1659 221 1718 Nou
236 1660 366 1736 sequitur
385 1680 449 1720 esse
469 1660 661 1720 omnimodam
676 1661 827 1738 paritatem
840 1683 846 1735 ;
882 1661 951 1738 qnia
964 1661 1095 1720 homines
1110 1668 1177 1720 sunt
1195 1660 1309 1737 privati,
1326 1659 1364 1718 ad

154 1759 228 1816 quos
252 1739 372 1817 proinde
387 1742 444 1800 Jus
458 1751 551 1818 poenae
565 1760 623 1798 non
638 1749 764 1817 spectat;
788 1741 839 1800 sed
855 1741 935 1799 Deus
962 1741 1102 1800 rationem
1124 1741 1213 1800 hahet
1235 1741 1256 1800 J
1259 1739 1360 1816 udicis,

155 1820 239 1896 enjus
253 1828 297 1878 est
310 1820 341 1878 in
354 1829 519 1896 peccatores
540 1819 778 1880 animadvertere.

197 1899 326 1959 XXIX.
350 1900 381 1958 Si
396 1901 476 1959 Deus
490 1901 632 1978 promittit
647 1901 845 1960 remissionem
868 1907 1049 1978 peccatorum
1074 1901 1104 1959 in
1127 1901 1212 1958 Novo
1228 1898 1361 1973 Foedere,

156 1978 212 2038 hoc
232 1999 290 2038 non
318 1990 413 2058 negat,
430 1981 481 2040 sed
502 1981 637 2058 supponit
660 1980 883 2040 satisfactionem
909 1981 1024 2056 Christi,
1053 1982 1121 2057 quia
1142 1980 1319 2057 promittitur
1333 1980 1363 2038 in

155 2059 271 2117 nomine
297 2060 412 2134 Christi,
435 2061 502 2120 Act.
518 2083 548 2120 x.
574 2063 622 2135 43,
649 2061 688 2119 id.
710 2081 761 2137 per
785 2062 849 2136 ejus
876 2061 1014 2120 virtutem
1052 2071 1081 2120 et
1108 2059 1251 2118 meritum.
1302 2059 1363 2119 Nec
1466 2125 1470 2132 ,

154 2139 215 2197 nlla
236 2138 320 2198 datur
339 2141 474 2200 remissio
493 2141 555 2201 sine
573 2142 771 2220 αιίιιτιιχυπξι,
794 2141 870 2199 Heb.
885 2140 926 2198 ix.
942 2145 990 2199 22.
1026 2141 1065 2200 Et
1080 2141 1104 2200 si
1119 2138 1242 2200 Veteres
1261 2139 1361 2198 dicun-

154 2227 203 2278 tnr
223 2220 339 2278 veniam
362 2222 509 2280 consecuti
527 2241 580 2299 per
609 2221 703 2296 fidem,
731 2221 808 2280 Heb.
832 2221 882 2294 xi,
904 2220 1062 2280 includitur
1082 2220 1244 2280 necessario
1266 2220 1363 2278 Chris-

153 2307 211 2374 tus,
236 2319 321 2376 quenr
356 2300 429 2360 fides
453 2301 570 2378 respicit
602 2309 635 2361 ut
661 2301 808 2379 proprium
836 2302 991 2378 objectum,
1021 2309 1050 2360 et
1075 2301 1192 2378 quidem
1220 2308 1363 2376 quatenus

154 2379 310 2438 crucifixus
332 2389 384 2455 est,
410 2382 460 2458 qui
474 2383 598 2439 animam
614 2401 719 2458 ponere
734 2381 835 2440 dcbnit
849 2382 879 2440 in
894 2381 1065 2440 sacrificinm
1087 2400 1139 2458 pro
1153 2388 1280 2457 peceato,
1304 2381 1361 2439 lsa.

154 2458 207 2517 liii.
222 2461 266 2534 10,
282 2469 311 2519 et
325 2471 474 2537 peccatum
489 2482 522 2520 ac
533 2462 636 2542 amalger
650 2461 720 2537 fieri,
733 2466 751 2520 2
774 2463 839 2520 Cor.
855 2481 884 2520 v.
907 2465 954 2535 21,
971 2461 1037 2519 Gal.
1052 2461 1092 2521 iii.
1111 2464 1157 2520 13.
1174 2461 1284 2519 Caetera
1298 2480 1362 2537 quae

154 2539 211 2598 hnc
233 2540 377 2616 pertinent
399 2550 534 2618 petantur
548 2562 585 2600 ex
602 2543 662 2600 P.I.
679 2544 712 2600 L.
729 2545 757 2602 3.
773 2542 807 2616 Q.
826 2544 872 2601 19.
887 2550 968 2600 etex
985 2541 1067 2619 Disp.
1085 2546 1099 2599 1
1117 2550 1146 2600 et
1160 2545 1187 2616 2,
1204 2539 1240 2600 de
1256 2539 1362 2598 Neces-

153 2619 239 2678 sitate
256 2619 475 2681 Satisfaetionis.

622 2861 816 2937 sumsero
838 2861 898 2920 xr.

516 3040 555 3080 nn
576 3040 726 3080 vernum
748 3039 998 3080 SATISI'ACTIONIS.

151 3181 199 3240 Aa
218 3201 283 3240 vere
297 3182 452 3258 etpropria
468 3181 595 3241 Christus
620 3184 784 3320 locouostrg
798 3181 921 3274 dentium
934 3180 994 3238 Dei
1017 3181 1205 3254 satdfecuit?
1247 3180 1360 3242 Affirm.
1420 3224 1424 3230 -

635 3269 735 3320 contra
783 3282 856 3320 cern.

193 3421 218 3480 Ι.
242 3421 365 3480 Asserta
379 3420 584 3480 satisfactionis
599 3422 786 3496 Necessitate,
811 3423 855 3480 Dc
867 3422 929 3499 ejus
949 3421 1072 3480 Veritote
1086 3421 1292 3498 disputandum
1306 3433 1359 3500 est,

150 3522 216 3578 qnae
225 3502 272 3560 hic
287 3523 304 3560 a
318 3502 486 3576 Soeinianis,
497 3521 555 3560 non
567 3502 595 3560 in
610 3501 729 3560 dubium
739 3511 860 3561 vocatur
873 3511 994 3576 tanturn,
1008 3502 1059 3560 sed
1073 3521 1208 3578 expresse
1222 3514 1360 3582 negatnr;

150 3583 220 3642 licat
234 3583 270 3641 de
285 3592 389 3642 caetsro
403 3602 508 3641 nomen
522 3581 726 3641 satisfactionis
741 3581 864 3640 retinere
878 3583 954 3640 velle
969 3581 1131 3658 videantur,
1147 3592 1176 3642 et
1189 3604 1248 3642 non
1262 3585 1360 3662 semel,

150 3671 183 3722 ut
197 3663 295 3722 fucum
310 3661 425 3738 faciant,
438 3662 511 3721 illud
528 3682 666 3739 usurpare
686 3663 798 3720 soleant
812 3662 863 3722 sed
877 3663 964 3739 longe
979 3663 1036 3721 alio
1051 3681 1138 3722 sensu
1152 3683 1239 3741 quam
1255 3665 1360 3726 Ortho-

152 3742 231 3818 doxi,
247 3751 281 3801 nt
296 3763 334 3801 ex
351 3743 435 3802 Statu
450 3741 625 3817 Quaestiouis
639 3742 770 3818 liquebit.

177 3875 193 3920 S
223 3881 233 3920 t
455 3823 498 3882 II.
515 3821 586 3879 Non
597 3823 741 3898 Quaeritur
756 3823 800 3880 De
815 3822 1011 3896 Sutr'ssaetioue
1021 3824 1207 3900 qualicunque
1218 3833 1244 3882 et
1254 3825 1358 3900 impro-

196 3877 363 3981 mtissniffm'
408 3904 527 3980 prr'cita
541 3903 625 3976 dicta,
652 3923 709 3980 qna
724 3903 855 3962 Christus
870 3902 1041 3964 satisfecerit
1061 3903 1275 3963 conditionibus
1298 3923 1358 3962 orn-

414 3983 508 4059 nibus,
534 4003 599 4060 qnae
618 3983 662 4040 illi
676 4003 694 4040 a
719 3983 775 4042 Dei
799 3982 948 4042 voluntate
963 3983 1000 4041 ad
1015 3984 1137 4041 salutern
1150 3990 1278 4040 nostram
1292 4004 1358 4061 pro·

153 4059 309 4119 curandam
335 4060 478 4138 impositae
500 4063 623 4122 fuerant.
667 4064 816 4122 Hactenus
832 4063 907 4120 enim
932 4083 990 4120 non
1005 4071 1121 4139 negant,
1137 4062 1189 4120 sed
1203 4061 1359 4124 admittunt

154 4137 261 4198 Christi
283 4141 523 4218 Satisfuctionem,
546 4153 579 4204 nt
604 4143 726 4204 Crcllins
740 4143 881 4202 adversus
905 4143 1048 4216 Grotinm,
1072 4161 1133 4219 cap.
1149 4145 1177 4200 6.
1198 4142 1356 4219 profitetur.
1427 4193 1436 4216 ,

155 4218 214 4276 Sed
239 4218 274 4278 de
294 4221 491 4295 Saup‘actioue
508 4225 625 4300 pecuali,
652 4233 679 4282 et
687 4225 809 4301 proprie
828 4224 868 4281 itu
884 4223 968 4296 dictu,
989 4242 1040 4299 per
1061 4241 1148 4299 quam
1163 4241 1220 4280 non
1245 4231 1357 4283 tantum

152 4299 297 4358 voluntati
311 4300 426 4376 divinae,
443 4304 494 4362 sed
508 4314 536 4363 et
543 4305 664 4381 justitiae
676 4305 823 4379 satisfecit,
838 4302 994 4380 assumptis
1007 4302 1038 4360 in
1052 4322 1083 4362 se
1094 4301 1219 4380 peccatis
1233 4305 1357 4381 uostria;

152 4399 240 4456 qnam
262 4380 311 4438 Illi
326 4385 441 4457 negant,
459 4384 519 4442 Nos
533 4385 696 4446 asserimus.
818 4445 819 4448 ,

193 4461 253 4519 III.
278 4461 420 4537 Secundo,
438 4464 503 4521 Non
517 4465 661 4540 Quaeritur
675 4464 710 4523 de
735 4465 931 4540 Satissuetiouc
951 4464 1150 4540 metaphorica,
1174 4481 1238 4540 quae
1260 4461 1293 4522 fit
1307 4483 1359 4540 per

151 4541 242 4618 partis
261 4541 339 4600 laesae
364 4544 619 4621 acceptilationern,
643 4565 708 4622 quse
730 4545 859 4624 precario
884 4545 1017 4620 impetret
1045 4542 1154 4622 aliquid
1178 4563 1230 4620 per
1249 4562 1357 4602 meram

153 4621 209 4680 Dei
223 4621 444 4699 indulgentiam.
488 4625 574 4684 Hunc
592 4625 668 4684 enim
689 4645 747 4684 non
769 4625 926 4684 diffitentur
948 4624 1127 4699 Adversarii,
1153 4635 1182 4683 et
1206 4643 1282 4700 saepe
1307 4625 1357 4682 ob·

152 4701 283 4780 tendunt,
301 4712 333 4762 ut
348 4703 570 4781 simplicioribus
584 4706 741 4783 imponant.
786 4705 844 4764 Sed
858 4704 894 4764 de
912 4725 982 4763 vcra
996 4715 1023 4763 ct
1037 4705 1163 4782 propria
1177 4725 1241 4782 quse
1257 4705 1295 4763 sit
1307 4725 1358 4783 per
