3192 5206
214 313 273 370 310
625 325 716 366 rocus
732 325 859 366 acernea
875 326 1006 368 ruanis.
1210 305 1339 388 [curaer.
1356 327 1425 366 rur.

215 489 307 546 usque
321 468 467 546 progressi
482 477 557 542 sunt,
573 475 605 526 ut
615 467 741 525 dixerint
750 465 856 524 Christi
872 467 1072 543 corpusfuisse
1087 467 1273 545 impassibile,
1290 467 1429 544 adeoque

216 571 274 608 non
295 569 363 607 vere
385 549 436 606 sed
457 557 568 606 tuntum
589 573 659 605 aava
679 545 750 618 δέξαι
765 566 879 623 passum
895 547 992 621 hrisse,
1003 568 1067 624 quae
1082 547 1136 606 fuit
1147 548 1264 605 haeresis
1275 548 1428 622 Aphthcr-

216 633 415 702 todocctaram,
438 627 473 685 de
488 629 594 703 quibus
609 627 729 703 Nicepb.
752 628 820 684 hist.
847 627 958 684 Ecclcs
982 627 1032 685 lib.
1047 627 1119 685 xvii.
1134 648 1196 704 cap.
1213 629 1260 685 29.
1284 627 1334 685 Ad
1349 647 1428 704 quos

215 730 274 767 non
285 729 386 786 pamm
401 708 517 766 videtur
531 707 667 765 accedere
684 707 822 782 Hilarius,
838 706 907 764 dum
931 707 981 764 lib.
1001 727 1031 765 x.
1055 707 1090 764 de
1106 707 1185 764 Trin.
1200 706 1347 784 pertendit
1369 707 1427 764 hrr-

215 809 328 847 manam
344 796 475 846 naturam
489 788 519 845 iu
534 788 649 845 Christo
663 795 780 864 propter
795 786 938 846 Unionern
958 806 1022 844 cum
1048 787 1155 862 Verbo,
1181 787 1268 845 nullis
1282 786 1429 864 passioni-

216 870 270 927 bus
294 869 382 926 fuisse
407 869 572 941 obnoxiam,
596 867 620 924 si
643 875 739 924 tamen
764 887 799 925 ea
824 875 867 924 est
891 867 998 923 Hilarii
1012 867 1161 941 sententia,
1177 867 1227 942 qui
1241 867 1289 924 hic
1303 887 1321 924 a
1336 867 1426 925 Lorn-

218 951 317 1023 bardo,
339 949 389 1005 lib.
413 948 452 1005 iii.
476 957 549 1005 sent.
572 946 639 1005 dist.
657 949 702 1020 15,
720 954 882 1020 excusatur,
899 945 981 1021 quasi
1001 964 1060 1003 non
1074 955 1133 1004 tarn
1148 947 1290 1023 passionis
1306 966 1427 1004 sensum

217 1030 331 1087 t'hristo
353 1028 500 1102 ademerit,
523 1047 610 1102 quarn
631 1046 747 1084 causam
768 1035 797 1083 et
826 1025 959 1083 meritum
980 1025 1117 1102 patiendi.
1161 1026 1208 1084 Ita
1231 1035 1328 1085 tamen
1345 1028 1425 1104 jarn-

215 1110 326 1184 pridem
352 1109 472 1184 explosa
494 1116 538 1164 est
559 1107 615 1164 ista
636 1106 779 1163 sententia
798 1116 935 1180 tanquam
957 1105 1084 1163 historias
1106 1105 1292 1182 Evangelieae
1313 1115 1342 1164 et
1365 1107 1423 1165 Re·

216 1187 389 1264 demptionis
404 1195 508 1244 nostrae
524 1185 639 1243 veritati
654 1185 805 1258 contraria,
815 1195 848 1243 ut
862 1185 933 1241 nibil
948 1204 1066 1243 necesse
1081 1185 1189 1243 siteam
1204 1186 1234 1242 in
1248 1205 1363 1243 scenam
1379 1207 1424 1244 re-

215 1268 329 1325 ducere.
355 1267 412 1324 Sed
427 1266 572 1340 Quaeritur
594 1266 629 1322 de
652 1275 755 1323 natura
779 1275 807 1322 et
832 1265 963 1340 subjecto
988 1264 1163 1342 passionum,
1180 1265 1287 1338 Quales
1312 1265 1426 1324 scilicet

215 1348 321 1404 lireriut
332 1349 394 1423 ejus
405 1348 563 1422 passiones,
576 1354 605 1404 et
619 1345 648 1402 in
663 1365 721 1421 quo
737 1346 891 1421 subjecto?
907 1345 956 1401 An
966 1345 996 1402 in
1006 1345 1130 1421 Corpore
1143 1353 1262 1418 tantum,
1275 1345 1323 1402 An
1335 1346 1425 1404 etiam

214 1428 245 1484 in
260 1427 392 1484 Anima?
415 1427 453 1483 Et
468 1426 492 1483 si
507 1427 536 1482 iu
552 1425 667 1499 Anima,
685 1425 735 1482 An
748 1425 777 1481 in
793 1423 919 1482 inferiori
933 1433 1046 1483 tantum
1069 1426 1132 1501 ejus
1145 1434 1236 1501 parte,
1251 1445 1316 1501 quae
1331 1425 1425 1484 seusi-

215 1509 276 1565 tiva
290 1506 403 1581 dicitur,
418 1505 467 1562 An
481 1524 551 1562 vero
567 1506 596 1561 in
608 1505 752 1581 superiore
768 1504 853 1561 etiarn
869 1514 897 1561 et
911 1505 1066 1562 rationali?

519 1585 579 1642 111.
602 1584 843 1656 Pontificiieuim,
868 1593 900 1641 ut
923 1584 1028 1660 dogma
1043 1603 1125 1642 suum
1149 1592 1283 1642 tueantur
1305 1584 1340 1642 de
1359 1604 1426 1661 per-

214 1667 338 1734 raastouea
367 1663 458 1708 curiati
479 1663 555 1723 fecta
582 1665 760 1723 beatitudine
788 1663 904 1720 Animae
930 1663 1036 1721 Christi
1063 1665 1093 1720 irr
1124 1671 1185 1721 toto
1208 1664 1427 1723 Exinanitiouis

244 1724 383 1825 ῗξζζξιξξωθῦ
404 1737 457 1780 Pr‘*
479 1753 565 1818 statu,
589 1754 618 1803 et
646 1764 711 1802 curu
733 1744 853 1801 historia
876 1744 1023 1802 Passionis
1046 1743 1158 1820 possint
1182 1763 1244 1800 eam
1260 1743 1425 1818 conciliare,

215 1846 235 1882 1.
262 1839 459 1896 asscriptum
479 1825 654 1901 pertendunt
677 1824 822 1882 Christum
855 1843 918 1880 esse
943 1843 1058 1900 passum
1082 1843 1207 1899 corpore,
1230 1843 1288 1880 non
1309 1824 1425 1899 anima;

478 1905 556 1962 Etsi
577 1912 725 1981 urgentur,
750 1904 933 1980 distinguunt
956 1912 1067 1979 partem
1081 1903 1184 1960 animae
1209 1903 1372 1961 inferiorern
1395 1913 1427 1963 et

215 1985 392 2058 sensitivam,
415 2003 432 2040 a
464 1984 603 2059 superiori
635 1992 663 2042 et
684 1983 826 2041 rationali.
877 1982 979 2055 Quoad
1006 1983 1094 2055 illam,
1124 1983 1159 2040 ad
1189 2001 1275 2058 quarn
1304 1982 1427 2042 affectus

215 2075 243 2124 ct
265 2064 495 2141 perturbationes
516 2061 651 2136 referunt,
674 2063 836 2120 concedunt
858 2063 1003 2120 Christum
1017 2081 1133 2139 passum
1157 2081 1237 2137 esse;
1261 2063 1312 2120 sed
1327 2063 1426 2138 quoad

215 2146 290 2202 hane
311 2143 448 2200 minime:
481 2143 537 2200 l'el
567 2143 591 2198 si
621 2142 689 2218 quid
712 2142 741 2198 iu
763 2162 796 2199 ea
817 2161 919 2218 passus
946 2151 997 2214 est,
1020 2161 1077 2198 non
1099 2143 1425 2219 passumesseproprie

213 2235 241 2280 at
254 2225 283 2280 iu
298 2243 336 2298 se,
350 2241 386 2280 ex
399 2241 484 2279 sensu
499 2222 548 2279 irae
564 2223 628 2296 Dei,
645 2221 696 2279 scd
711 2231 831 2296 tautum,
847 2222 895 2279 vel
910 2219 951 2279 lia
975 2221 1135 2302 vaginam
1155 2241 1206 2297 per
1221 2222 1425 2296 assistentiam,

213 2303 261 2360 vel
282 2301 324 2358 baa
339 2301 493 2375 capacitas»
506 2303 709 2376 sympatletica
725 2311 841 2378 propter
855 2303 1083 2360 communionem
1099 2302 1201 2358 animae
1216 2321 1280 2359 cunr
1295 2321 1426 2378 corpore.

214 2381 376 2440 Orthodoxi
387 2389 494 2453 contra,
510 2381 658 2456 passiones
674 2381 779 2437 Christi
794 2381 920 2439 referunt
940 2389 999 2440 tam
1014 2382 1050 2439 ad
1072 2381 1194 2439 animam
1210 2401 1296 2458 quam
1311 2382 1348 2439 ad
1362 2401 1426 2439 cor-

213 2482 277 2538 puS,
301 2469 358 2518 tam
381 2460 417 2516 ad
442 2469 551 2536 partem
577 2459 751 2535 superiorem
773 2480 859 2535 quarn
887 2461 1068 2536 inferiorem3
1101 2463 1139 2519 lit
1161 2463 1285 2536 Corpore
1307 2461 1425 2536 quidem

214 2542 328 2599 dolores
343 2548 372 2597 et
393 2541 536 2598 cruciatus
551 2558 711 2615 corporeae,
727 2547 756 2596 et
770 2548 891 2598 mortem
910 2560 969 2617 prae
984 2541 1094 2599 caeteris
1109 2540 1336 2598 crudelissimam
1351 2549 1424 2598 tem-

213 2620 340 2698 poralem
356 2620 475 2694 tulisse;
500 2620 607 2676 Anima
628 2638 697 2676 vcro
719 2619 882 2696 spirituales
903 2629 933 2678 et
960 2621 1096 2695 internos,
1127 2620 1329 2696 gravissimum
1359 2621 1422 2678 scil.

213 2701 294 2774 illud,
317 2708 347 2758 ct
368 2719 478 2758 summe
499 2700 672 2756 horrendum
687 2699 737 2756 irae
752 2699 858 2756 divinae
872 2700 994 2776 pondus,
1016 2710 1045 2759 et
1057 2701 1171 2781 moriger
1184 2699 1267 2758 nobis
1281 2699 1420 2758 debitam.

214 2781 353 2839 Rationes
368 2789 454 2838 sunt:

256 2861 308 2918 IV.
332 2860 438 2933 l'riure,
462 2858 535 2933 Quia
559 2858 706 2934 Scriptura
727 2858 881 2917 Passiones
902 2859 1009 2918 Christi
1029 2859 1143 2935 utrique
1163 2859 1236 2936 parti
1259 2858 1366 2933 tribuit,
1390 2866 1420 2917 et

213 2941 315 2998 animae
331 2940 521 3016 potissimum,
537 2959 627 3014 quurrr
647 2938 742 2996 anima
764 2939 870 2997 Christi
893 2939 997 2997 dicitur
1018 2940 1132 2998 turbata
1153 2939 1249 3011 fuisse,
1272 2938 1340 2998 Joh.
1364 2939 1417 2996 xii.

214 3025 261 3095 21,
287 3023 424 3099 πεςιίυπος
447 3020 538 3077 tristia
557 3019 679 3094 audique
706 3021 822 3094 obsessa,
847 3027 876 3077 et
896 3019 988 3076 veluti
1009 3019 1119 3092 obruta,
1144 3018 1249 3076 Mattb.
1270 3016 1352 3074 xxvi.
1368 3020 1418 3092 38,

214 3121 272 3158 nou
288 3121 356 3175 ergo
378 3106 489 3157 tanturn
510 3099 540 3156 in
561 3107 641 3174 parte
663 3098 798 3173 inferiori,
825 3098 875 3156 sed
904 3099 990 3157 ctiam
1011 3098 1159 3174 superiori.
1183 3099 1226 3154 Eo
1247 3097 1294 3154 vel
1315 3101 1419 3173 magis,

214 3179 292 3257 quod
308 3199 373 3237 eum
388 3180 483 3236 anima
494 3179 531 3236 sit
549 3178 676 3257 ἀμέριστος
691 3188 720 3237 et
731 3179 925 3254 indivisibilis,
948 3178 1011 3235 fieri
1030 3197 1088 3235 nou
1109 3186 1211 3253 potest,
1233 3177 1302 3253 quin
1317 3176 1421 3235 affecta

214 3279 272 3318 uua
286 3258 433 3334 qualitate,
450 3267 559 3316 caeterae
575 3277 674 3315 omues
688 3258 857 3316 afficiantur.
881 3258 1018 3318 Gravitas
1042 3277 1111 3315 vero
1125 3257 1209 3315 istius
1223 3256 1346 3315 tristitiae
1369 3256 1419 3314 dc·

213 3345 389 3395 monstratur
409 3357 446 3394 cx
471 3357 514 3409 ec,
538 3337 616 3412 quod
630 3337 742 3395 dicatur
756 3357 819 3395 csse
834 3340 975 3413 usquead
995 3347 1118 3412 mortem,
1139 3336 1169 3393 id
1196 3345 1249 3410 cst,
1272 3346 1418 3411 extrema3

213 3417 250 3474 ad
274 3417 386 3491 pondre
415 3417 598 3474 tribulationis
618 3416 786 3490 notandum,
814 3425 848 3474 ut
875 3417 962 3475 habet
997 3417 1112 3489 Gloss.;
1141 3416 1220 3492 quod
1240 3415 1421 3474 describatur

213 3517 263 3572 per·
274 3495 374 3574 τάςκξιι
388 3495 490 3551 auimae
505 3495 761 3570 conturbationem,
771 3497 793 3554 J
795 3497 841 3553 oh.
856 3496 917 3570 xii,
932 3515 984 3573 per
997 3494 1133 3571 alapantes,
1150 3495 1254 3552 Matth.
1271 3497 1353 3553 xxvi.
1370 3498 1418 3568 37,

212 3584 241 3633 et
256 3577 410 3649 intepescat,
424 3575 514 3631 Marc.
526 3574 586 3631 xiv.
599 3577 646 3648 33,
657 3595 745 3651 quum
755 3576 934 3652 animusproe
945 3577 1060 3634 horrore
1069 3575 1160 3634 veluti
1174 3575 1307 3650 concidit,
1324 3584 1353 3633 et
1367 3575 1422 3633 sub

213 3657 343 3712 moeroris
365 3653 491 3730 pondere
516 3653 597 3728 quasi
622 3654 736 3726 fatiscit,
762 3675 812 3732 per
836 3658 951 3729 ἀγωνίαν,
967 3657 1054 3714 talem
1078 3655 1187 3712 scilicet
1202 3655 1376 3712 auxietatem
1392 3664 1421 3713 et

213 3734 301 3792 animi
324 3753 468 3808 angorem,
485 3734 534 3809 qui
558 3733 690 3791 sudorem
716 3735 904 3810 sanguineum
921 3736 964 3792 illi
987 3736 1137 3812 expressit,
1154 3735 1224 3792 Luc.
1239 3735 1312 3791 xxii.
1328 3737 1375 3807 44,
1392 3743 1421 3792 et

213 3833 312 3890 preces
326 3813 560 3887 ferventissimas,
577 3833 649 3889 quas
664 3834 729 3871 cunr
743 3816 867 3873 clamore
888 3815 986 3872 valido
1001 3825 1029 3873 ct
1043 3815 1199 3890 lachrymis
1212 3815 1290 3871 Patri
1305 3813 1419 3886 obtulit,

213 3903 245 3952 ut
260 3894 336 3951 calix
361 3894 409 3951 ille
428 3893 465 3950 ab
480 3893 542 3968 ipso
557 3893 699 3966 transiret,
715 3895 763 3952 ubi
790 3894 904 3972 Angclo
919 3895 1064 3972 paracleto
1078 3914 1150 3971 opus
1164 3893 1305 3951 hahuerit.
1328 3893 1420 3966 Quor·-

214 3994 277 4031 sum
292 3994 361 4031 vero
376 3981 505 4031 extrema
527 3973 577 4029 illa
592 3973 715 4049 dejectio
739 3983 768 4032 et
782 3975 968 4050 perturbatio,
984 3975 1085 4032 horror
1098 3975 1147 4032 ille
1163 3983 1192 4032 ct
1206 3993 1296 4050 pavor
1306 3974 1419 4049 iugens,

213 4061 242 4112 et
256 4055 334 4111 lucta
348 4054 398 4111 illa
412 4051 548 4110 acerrima
563 4072 626 4110 curn
643 4053 692 4110 irae
707 4053 813 4112 divinae
828 4063 857 4113 et
870 4054 1080 4112 maledictionis
1092 4073 1177 4111 sensu
1187 4054 1348 4128 referretur,
1364 4053 1421 4110 uisi

212 4142 245 4192 nt
259 4135 407 4209 passiones
429 4132 500 4189 istas
524 4151 581 4188 nou
604 4133 634 4188 in
658 4153 775 4210 corpore
787 4144 906 4200 tuntum,
923 4133 974 4192 sed
993 4133 1095 4207 anima,
1111 4153 1164 4191 nec
1179 4133 1208 4190 irr
1222 4141 1304 4210 parte
1318 4133 1421 4191 animae

213 4212 338 4270 inferiori
355 4213 504 4283 duntaxat,
521 4211 572 4268 sed
586 4220 614 4269 et
637 4214 775 4288 superiori
792 4213 878 4271 fuisse
894 4213 1045 4271 dieamus?
1065 4214 1120 4271 nisi
1135 4214 1259 4271 velimus
1274 4213 1420 4272 (hristum

213 4291 300 4348 fuisse
315 4291 472 4350 innumeris
489 4292 666 4367 Martyribus
680 4293 851 4366 inferiorem,
867 4293 916 4368 qui
941 4301 1061 4350 mortem
1077 4313 1251 4370 corpoream,
1267 4301 1297 4351 et
1311 4292 1420 4350 dirissi-

213 4389 275 4428 mos
291 4373 442 4444 cruciatus,
458 4390 515 4426 uon
530 4370 615 4428 modo
631 4371 779 4446 patienter,
795 4381 824 4428 et
842 4370 963 4446 placide,
980 4372 1030 4430 scd
1050 4381 1158 4431 etcum
1173 4373 1280 4450 gaudio
1295 4380 1324 4431 et
1338 4372 1420 4430 exul·

214 4450 320 4507 tatione
336 4451 540 4510 sustinuerunt.

213 4566 282 4611 mx
304 4569 393 4612 astutia
409 4583 447 4612 na
494 4529 530 4584 V.
556 4528 696 4598 Secundo,
710 4528 784 4601 Quia
794 4528 1007 4587 salutisuostrae
1018 4532 1175 4590 necessitas
1184 4532 1238 4589 hoe
1247 4531 1421 4608 requirebat.

280 4628 400 4670 cessitate.
470 4607 543 4662 Nam
568 4615 600 4664 ut
623 4608 718 4664 anima
742 4616 771 4665 et
796 4627 912 4684 corpore
927 4629 1166 4688 peccaveramus;
1193 4612 1238 4669 lta
1254 4613 1282 4668 in
1298 4621 1419 4688 utraque
