3192 5206
134 2196 140 2209 .
233 2154 474 2204 Sententiahlcstorii

623 331 728 391 'notus
743 349 873 388 uncinus
887 347 1019 388 ruamus.
1236 325 1363 407 [eumer.
1379 345 1440 384 vn.

680 567 874 646 quaerre
895 567 969 627 vn.

226 739 274 796 An
292 737 364 795 Unio
378 733 551 812 hypostatica
566 733 689 790 duanam
702 733 885 789 Nolanorum
896 729 925 787 in
937 727 1048 788 Christo
1063 727 1194 803 itasactn
1205 728 1248 799 sit,
1261 735 1292 784 at
1304 746 1354 784 nec
1365 727 1443 784 Per·

266 836 337 876 aona
359 815 449 873 dim'ca
470 815 513 888 sit,
536 833 585 871 nec
611 813 735 870 Naturae
758 811 901 884 confitere!
951 806 1063 865 Affirm.
1094 815 1194 866 contra
1219 807 1384 866 Nestorium
1411 813 1445 864 et

266 896 441 974 Eutychem.

228 1080 475 1185 ”l⁹'‘⁰¹'¹¹0l‘'¹tt
533 1047 920 1191 ¹·P‘tffl03l0lhh
934 1045 1123 1186 ἏΞΞἙὛ
1139 1046 1288 1186 *hille
1302 1045 1444 1184 titt

257 1155 476 1300 ⁰l⁰¹¹¹ssl¹„il',⁰,⁵0‘‡,f‡
495 1153 580 1288 dicii,
592 1153 641 1271 iil
653 1151 853 1288 ppqepersonae
868 1145 1113 1280 divisioniriivei
1119 1145 1171 1283 pler
1182 1146 1355 1266 Naturiium
1370 1225 1441 1264 con·

257 1271 473 1367 ffimissut,
495 1294 654 1365 fusionem3
684 1290 741 1365 Qui
764 1289 822 1347 duo
850 1295 918 1346 sunt
945 1286 1056 1364 scopuli
1079 1287 1222 1364 praecipue
1244 1287 1293 1366 hic
1317 1285 1443 1358 vitandi,

257 1373 409 1418 01152111211111*
490 1372 730 1432 Nestoriunirmm
743 1389 781 1426 ex
793 1387 852 1427 una
866 1375 955 1444 parte,
977 1366 1028 1442 qui
1047 1365 1204 1424 Personam
1218 1364 1376 1441 dividebat,
1401 1385 1441 1424 ex

229 1459 319 1519 altera
337 1455 591 1534 Eutychianisrnns,
607 1452 658 1528 qui
677 1451 802 1508 Naturae
816 1445 1020 1507 confundebat.

271 1539 313 1596 II.
337 1539 391 1596 Cui
410 1533 518 1613 duplici
541 1532 630 1590 errori
645 1540 676 1590 nt
691 1550 722 1588 se
737 1535 915 1606 opponerent
934 1527 1036 1584 Patres
1060 1525 1172 1601 Synodi
1196 1525 1445 1586 Chalcedonensis

229 1639 296 1678 ann.
321 1620 389 1693 451,
419 1623 611 1691 congregatae,
638 1611 782 1683 dixerunt,
808 1607 914 1666 factam
945 1604 1034 1664 fuisse
1065 1605 1208 1665 L'nionem
1237 1603 1385 1686 dissipiens,
1413 1615 1445 1664 et

222 1699 374 1779 ,ι’χυςὼτος
385 1695 592 1766 indivisibiliter,
608 1699 637 1750 et
651 1689 874 1766 inseparabiliter
888 1685 1027 1744 adversus
1038 1685 1212 1762 Nestorium,
1225 1696 1254 1746 et
1268 1694 1395 1768 tagram
1409 1705 1444 1744 ac

229 1779 390 1856 ἇευγχίπος,
403 1778 461 1835 sine
473 1774 625 1832 mutatione
639 1780 665 1830 et
678 1771 837 1844 conflatore
851 1766 990 1825 adversus
1005 1766 1187 1842 Eutychem;
1210 1767 1284 1841 Quia
1299 1769 1338 1825 ita
1352 1767 1445 1824 unitae

230 1870 298 1920 sunt
311 1860 376 1918 duae
391 1857 508 1916 Naturae
522 1853 552 1910 in
566 1871 653 1912 unam
668 1850 833 1923 Personam,
849 1855 881 1906 ut
895 1865 948 1922 nec
962 1865 1110 1903 conversae
1123 1847 1181 1906 sint
1194 1867 1252 1905 una
1266 1847 1297 1904 in
1310 1847 1444 1921 alteram,

230 1959 284 1998 nec
298 1939 434 2013 confusae,
449 1943 482 1994 ut
495 1954 533 1992 ex
547 1932 660 1991 duabus
678 1931 764 1989 tertia
782 1927 915 2006 quaedam
929 1946 966 1984 ex
980 1925 1094 1983 duabus
1117 1925 1243 1986 conflata
1263 1935 1443 2004 emergeret;

232 2019 284 2078 sed
298 2018 456 2078 inconfuse
469 2011 679 2092 permanserint
693 2031 759 2068 cum
773 2009 834 2068 suis
845 2006 978 2082 utrinque
992 2005 1225 2082 proprietatibus.

536 2092 596 2150 III.
619 2091 734 2148 Primus
748 2109 827 2147 error
841 2096 885 2146 est
899 2085 1025 2144 Nestorii
1042 2085 1216 2144 Patriarchae
1238 2086 1442 2146 Constantino-

496 2170 625 2250 politani,
641 2171 691 2247 qui
705 2189 743 2228 ex
757 2168 870 2244 duabus
883 2165 994 2224 naturis
1009 2165 1124 2241 Christi,
1145 2166 1218 2226 duas
1231 2166 1361 2243 fingebat
1376 2185 1441 2243 per·

498 2271 591 2326 sonas,
606 2249 672 2308 ideo
688 2250 723 2306 B.
738 2249 890 2325 Virginem
905 2243 1017 2304 mnino
1030 2265 1081 2303 seu
1095 2248 1256 2323 Desperare
1277 2247 1335 2304 dici
1356 2265 1444 2323 posse

233 2332 366 2410 negabat,
383 2331 435 2389 sed
449 2337 560 2389 tantum
581 2328 748 2408 minnizo,
769 2337 798 2386 et
813 2327 958 2386 Christum
972 2345 1030 2383 non
1048 2327 1114 2401 ista,
1130 2328 1182 2385 sed
1195 2336 1305 2386 tanturn
1322 2331 1445 2407 tegna

232 2411 357 2492 tropico,
386 2411 521 2468 hominem
536 2411 703 2484 Deberem
725 2409 824 2485 Atque
846 2407 887 2464 ita
910 2405 984 2464 duos
1007 2406 1136 2465 Christos
1163 2406 1295 2481 faciebat,
1319 2427 1444 2483 quorum

233 2511 309 2551 unus
323 2489 478 2549 crucifixus
492 2487 578 2548 fuerit
592 2509 609 2546 a
623 2489 644 2547 J
646 2487 745 2562 udaeis,
758 2488 831 2545 alter
845 2505 915 2543 vero
928 2504 1128 2562 nequaquam:
1151 2487 1237 2546 Unde
1251 2485 1325 2544 illud
1339 2486 1444 2546 identi-

234 2573 300 2631 dem
314 2569 519 2648 ingeminabat,
538 2569 617 2636 Qum
632 2568 768 2644 plorioris
788 2567 913 2624 Jndoees
933 2565 1069 2623 hominem
1084 2567 1253 2646 crucifixisti,
1268 2587 1325 2625 non
1338 2569 1444 2625 Desint.

235 2652 296 2710 Nec
319 2651 405 2709 aliam
427 2646 504 2708 irum
529 2650 703 2708 Naturamm
726 2645 909 2724 agnoscebat,
938 2665 1026 2721 quarn
1049 2647 1264 2720 accidentalem,
1290 2655 1350 2705 turn
1374 2673 1446 2706 usa

233 2732 394 2814 saginam
404 2740 433 2790 et
447 2729 606 2807 simplicem
616 2728 832 2800 habitationem,
845 2725 1117 2802 quatenusVerbum
1127 2726 1277 2785 habitabat
1287 2726 1317 2784 in
1329 2727 1445 2786 Christo

233 2813 359 2887 bomine,
381 2820 414 2871 ut
433 2811 464 2869 in
479 2830 531 2869 suo
545 2808 675 2886 Templo,
691 2816 752 2867 tum
767 2809 836 2865 uri
848 2805 922 2886 galga
937 2813 966 2863 ct
980 2802 1094 2880 aviaria,
1109 2814 1251 2883 quatenus
1267 2806 1347 2865 Deus
1361 2826 1444 2864 max·

233 2895 290 2952 ime
305 2891 513 2970 acquiescebat,
530 2889 641 2967 sibique
663 2887 795 2965 placebat
818 2888 848 2945 in
872 2887 927 2944 hoc
947 2886 1072 2960 homine,
1098 2895 1159 2944 tum
1183 2886 1242 2944 ω’
1262 2886 1374 2967 tigerus
1395 2907 1446 2964 per

234 2973 438 3052 operationem,
454 2979 596 3048 quatenus
612 2970 834 3028 instrumentum
850 2965 905 3024 Dei
920 2973 982 3023 erat
995 2965 1024 3022 in
1039 2965 1215 3025 admirandis
1228 2966 1286 3025 illis
1301 2967 1446 3045 operibus,

235 3073 300 3132 quae
316 3051 480 3112 FiliusDei
493 3051 644 3129 patrabat;
666 3057 727 3108 tum
748 3051 817 3106 urai
831 3045 1014 3113 ταυτοβουλίιν
1026 3055 1056 3104 et
1069 3049 1207 3121 affictam,
1229 3055 1362 3124 respectu
1376 3066 1445 3105 con·

236 3133 378 3192 sensionis
397 3132 472 3190 inter
493 3131 673 3190 voluntatem
692 3130 816 3188 hominis
838 3138 867 3186 et
890 3126 948 3184 Dei
970 3127 1000 3182 in
1020 3126 1143 3202 Christo,
1164 3135 1226 3185 turn
1244 3127 1303 3185 κατ’
1323 3127 1397 3198 ἰξίαν
1417 3134 1447 3185 et

237 3214 358 3290 trorqa'en
371 3220 505 3289 respectu
515 3210 666 3287 dignitatis
680 3210 710 3266 in
724 3217 901 3284 assumptam
917 3205 1038 3264 Carnem
1053 3207 1173 3264 collatae.

278 3293 333 3350 lv.
355 3291 438 3349 Licet
451 3309 522 3348 vero
536 3309 594 3347 non
608 3289 712 3358 desint,
733 3289 783 3365 qui
807 3285 982 3345 faventiores
1001 3285 1144 3362 Nestorio,
1165 3294 1194 3345 et
1215 3285 1325 3370 Cyrillo
1340 3286 1446 3365 iniqui·

237 3389 310 3445 ores,
322 3370 404 3428 illum
416 3367 618 3441 orthodoxum,
634 3367 684 3444 qui
697 3376 816 3425 naturas
830 3365 946 3442 quidem
961 3364 991 3421 in
1005 3364 1120 3424 Christo
1135 3365 1308 3442 distinxerit,
1325 3366 1447 3426 sednon

238 3448 385 3526 separarit,
407 3456 493 3523 atque
507 3446 580 3504 adeo
593 3447 700 3522 injuste
714 3446 744 3502 in
759 3445 888 3504 Concilio
903 3443 1050 3520 Ephesius
1064 3445 1217 3504 damnatus
1230 3445 1335 3522 suerit3
1357 3446 1447 3506 istum

237 3547 307 3586 vero
331 3526 497 3585 haereticum
521 3523 677 3602 praedicare
702 3524 907 3599 sustinuerint3
929 3523 1028 3599 Atque
1042 3526 1083 3584 ita
1097 3527 1241 3584 constanti
1261 3526 1403 3586 hactenus
1418 3526 1448 3584 in

238 3606 379 3666 Ecclesiis
414 3604 589 3663 Reformatis
623 3605 773 3663 sententiae
801 3623 863 3662 sese
891 3623 1035 3680 opponere
1070 3625 1128 3680 non
1155 3605 1324 3664 dubitarint.
1381 3606 1447 3665 Non

236 3694 372 3766 putamus
395 3691 491 3742 tamen
515 3683 626 3742 ratione
649 3684 710 3743 ulla
734 3682 826 3742 solida
850 3691 1043 3743 commentum
1063 3685 1119 3743 hoc
1139 3686 1290 3760 novitium,
1313 3693 1344 3744 et
1364 3686 1449 3768 amhn

237 3767 316 3824 illam
331 3761 404 3836 >tzar
417 3783 501 3842 posse
516 3762 715 3824 demonstrari.
758 3763 822 3822 Iino
836 3783 894 3822 non
907 3783 1000 3840 pauca
1014 3772 1089 3840 sunt,
1113 3784 1178 3841 quae
1202 3767 1265 3842 ejus
1286 3766 1448 3826 vanitatem

238 3847 384 3906 evincunt.
428 3847 454 3902 1.
477 3843 552 3918 Quia
572 3863 656 3902 nemo
681 3843 764 3902 facile
788 3861 961 3921 praesumere
983 3852 1087 3922 potest,
1113 3845 1277 3903 Nestoriam
1296 3865 1367 3904 vero
1388 3866 1448 3905 non

238 3927 372 4002 sensisse,
397 3923 476 4002 quod
500 3923 543 3981 illi
567 3924 696 3983 unanimi
720 3943 862 3983 consensu
883 3921 1061 4000 impingitur,
1083 3934 1145 3982 tum
1159 3944 1177 3982 a
1191 3925 1284 3984 tribua
1307 3925 1447 3986 Couciliis

237 4005 430 4080 oecumenicis,
454 4003 610 4082 Ephesino,
633 4003 870 4080 Chalcedonenai,
899 4011 928 4062 ct
953 4003 1280 4081 Constantinopolitano,
1313 4013 1376 4064 tum
1412 4006 1449 4064 ab

238 4085 377 4144 Historiae
399 4085 611 4144 Ecclesiasticae
628 4083 829 4162 Scriptorihus,
845 4093 874 4142 et
889 4083 1105 4160 Haereaiologis,
1120 4083 1179 4142 imo
1193 4092 1223 4144 et
1236 4085 1273 4143 ab
1288 4085 1361 4162 ipsis
1373 4085 1448 4164 legi·

236 4165 293 4224 bus
304 4165 451 4240 Caesareis,
464 4185 488 4224 c.
504 4164 540 4224 de
551 4183 663 4223 summa
676 4163 826 4240 lhinitate,
840 4165 905 4238 1.·5,
921 4167 948 4239 6,
961 4171 990 4221 et
1001 4167 1028 4238 7,
1044 4182 1108 4240 quae
1124 4164 1250 4223 Nestorii
1264 4165 1356 4224 libros
1371 4186 1448 4226 com·

237 4244 311 4320 buri,
327 4253 356 4304 et
369 4243 577 4322 perfectissimo
601 4243 730 4304 interitui
750 4243 907 4322 mancipari
925 4243 1038 4321 jubent,
1063 4251 1092 4302 et
1114 4243 1248 4304 ultimum
1273 4246 1447 4322 supplicium

238 4324 413 4382 denunciant
426 4323 470 4398 iis,
486 4325 536 4400 qui
550 4324 620 4384 talia
631 4324 738 4402 scripta
752 4332 802 4382 aut
816 4323 889 4382 tales
902 4323 993 4382 libros
1007 4321 1113 4382 habere
1127 4332 1177 4382 aut
1189 4323 1287 4401 legere
1303 4325 1447 4384 sustinue-

238 4403 305 4462 rint.
347 4408 374 4461 2.
398 4402 559 4462 Duodecim
581 4404 716 4481 Capitula
730 4423 782 4462 seu
795 4401 1039 4462 Anathematismi
1054 4401 1156 4478 Cyrilli
1178 4423 1195 4461 a
1214 4403 1334 4481 Synodo
1350 4405 1448 4484 Ephe-

238 4482 301 4540 sina
315 4481 474 4559 approbati,
490 4483 572 4541 relati
583 4503 601 4540 a
616 4482 764 4556 Porbesio,
776 4481 827 4540 lib.
839 4482 868 4540 ii.
880 4502 942 4560 cap.
955 4485 982 4558 o,
995 4481 1070 4540 clare
1080 4481 1293 4543 hocevincunt.
1338 4487 1367 4544 3.
1383 4485 1449 4542 Non

238 4561 295 4618 alia
316 4561 352 4618 de
367 4581 453 4620 causa
468 4561 618 4620 Nestorius
632 4561 751 4638 negavit
771 4561 892 4620 Mariam
907 4581 993 4640 posse
1007 4561 1064 4619 dici
1078 4561 1201 4638 eminas,
1222 4563 1280 4622 nisi
1293 4564 1364 4641 quia
1378 4563 1450 4624 duas

238 4647 356 4702 naturas
366 4639 396 4696 in
408 4657 494 4698 unam
506 4640 661 4699 Personam
674 4640 815 4700 coaluisse
826 4641 960 4718 negabat.
997 4639 1081 4714 Quod
1091 4643 1265 4703 Vincentius
1276 4643 1448 4722 Lyrinensis

279 2215 432 2274 expenditur.
