3152 5198
142 391 252 441 curaer.
268 373 325 455 ru]
594 393 632 434 nn
653 393 903 437 ousrrrrcarrorn.
1286 379 1343 438 579

179 533 239 592 ΙΧ.
264 535 411 612 Scriptura
425 553 482 592 non
497 553 554 591 uno
568 534 632 594 loco
646 515 708 594 hac
722 537 874 611 connectit,
897 544 926 594 et
950 535 1110 612 distinguit,
1132 536 1197 595 Gal.
1213 535 1251 594 iv.
1268 541 1294 610 4,
1311 537 1339 596 ὃ.

139 613 302 673 “Christus
316 614 409 672 factus
424 622 467 672 est
483 622 525 668 tet
538 623 605 688 ιόμιι,
622 623 654 672 ut
668 615 803 674 liberaret
813 635 862 674 eos
876 617 927 692 qui
941 623 1021 674 amnt
1035 616 1089 674 sub
1105 617 1213 692 Lege,''
1229 617 1339 676 scilicet

136 692 233 768 quoad
246 693 485 766 maledictionem,
501 701 527 750 et
540 702 571 750 nt
583 695 760 769 adoptionem
774 696 969 771 acceperamus,
980 696 1018 754 id.
1030 695 1079 770 jus
1094 695 1131 753 ad
1145 697 1244 769 vitam,
1260 695 1338 772 quod

137 791 174 829 ex
188 772 342 848 adoptione
357 772 428 846 fluit,
444 770 522 848 quod
542 773 611 830 alibi
629 775 744 848 Paulae,
767 775 834 832 Act.
849 775 932 833 xxvi.
950 777 995 850 18,
1011 774 1170 848 confirmat,
1187 795 1272 852 quarn
1287 795 1339 852 per

135 849 223 908 fidem
234 853 304 910 dicit
315 872 367 910 nos
378 851 506 928 accipere
515 853 699 912 remissionem
705 863 887 930 pcccatorum
898 863 926 912 et
941 865 1020 926 arten
1033 863 1136 912 sortem
1145 855 1218 912 inter
1228 855 1336 914 Sancti·

126 931 237 1008 stratos,
260 931 291 989 id
311 939 363 1004 est,
385 931 435 1006 jus
453 931 490 990 ad
511 930 601 989 vitam
616 941 751 991 aeternam
765 953 829 992 cum
845 933 956 991 caeteris
969 932 1033 1009 piis.
1076 934 1120 991 Eo
1135 935 1258 1010 pertinet
1272 955 1337 1010 gra·

135 1008 213 1067 datio
227 1031 313 1086 quam
328 1011 424 1083 nectit,
442 1011 526 1068 Rom.
542 1031 569 1068 v.
587 1014 612 1086 Ι,
629 1017 656 1087 2,
672 1013 747 1071 inter
762 1033 872 1088 pacem,
889 1021 917 1071 et
929 1012 1060 1087 gloriam,
1076 1032 1164 1089 quum
1179 1013 1219 1071 ait
1229 1013 1336 1086 justifi-

134 1098 213 1147 catos
234 1089 290 1147 fide
306 1110 408 1164 pacem
428 1091 529 1148 habere
549 1094 630 1165 apud
648 1093 750 1166 Deum,
770 1101 797 1150 et
813 1093 996 1167 gloriariari
1010 1092 1169 1168 speyloriae
1183 1093 1257 1150 Dei:
1278 1113 1337 1170 pax

132 1168 249 1244 respicit
270 1169 470 1228 liberationem
494 1189 511 1226 a
534 1189 626 1245 poena,
652 1180 681 1229 et
701 1171 835 1247 gloriatio
856 1171 991 1247 supponit
1012 1171 1195 1229 collationem
1211 1172 1286 1248 juris
1300 1172 1337 1229 ed

132 1247 230 1320 vitam,
246 1249 324 1324 quod
339 1257 383 1306 est
396 1247 612 1306 fundamentum
624 1250 685 1325 spei
696 1259 808 1308 nostroe.
852 1249 932 1323 Ideo,
948 1269 1008 1306 ver.
1024 1253 1051 1321 9,
1070 1253 1125 1325 11,
1146 1251 1297 1327 conjungit
1309 1256 1337 1309 vl

131 1328 244 1386 servari
255 1329 290 1385 ad
305 1329 359 1402 ira,
370 1337 398 1386 et
409 1328 534 1402 ploriari
545 1331 579 1385 de
594 1331 666 1386 Deo.
710 1330 775 1387 Hoc
790 1329 884 1406 ipsum
895 1329 957 1404 jam
973 1329 1086 1404 Daniel,
1102 1350 1127 1387 c,
1143 1330 1191 1403 ix,
1208 1331 1336 1388 insinua·

131 1414 221 1480 verat,
247 1427 336 1483 quum
362 1406 476 1464 Messias
500 1415 621 1466 venturo
644 1407 744 1467 tribuit
760 1409 995 1484 propitiationem·
1009 1408 1170 1484 iniquitatis,
1186 1429 1237 1484 per
1250 1429 1334 1484 quarn

131 1487 261 1543 remissio
286 1486 469 1558 obtineretur,
495 1493 524 1544 ct
548 1488 741 1546 adductionem
756 1488 873 1562 justitie
895 1489 1059 1562 seculorum,
1082 1487 1165 1562 cujus
1186 1489 1215 1543 vi
1233 1487 1337 1562 jasad

130 1565 220 1623 vitam
244 1565 367 1624 daretur.
431 1566 492 1624 Nec
514 1565 593 1624 alind
617 1566 680 1625 vult
704 1567 842 1640 Christus,
868 1586 957 1642 quum
980 1566 1120 1642 promittit
1146 1565 1336 1626 Credentibus

130 1645 277 1702 tramitum
292 1667 311 1704 a
325 1655 413 1704 morta
426 1648 469 1704 ad
479 1647 573 1720 vitam,
589 1644 619 1702 id
633 1654 685 1721 est,
701 1667 759 1704 non
778 1646 864 1704 modo
877 1645 1074 1704 liberationem
1091 1665 1109 1702 a
1122 1657 1222 1718 morte,
1239 1645 1291 1704 sed
1305 1657 1334 1705 ct

129 1724 339 1800 possessionem
355 1724 431 1783 vites.
473 1725 625 1784 Johannes
645 1725 746 1784 eodem
767 1725 892 1803 respicit,
915 1744 1003 1801 quum
1024 1724 1095 1783 dicit
1116 1724 1260 1783 Christum
1275 1745 1334 1783 non

132 1810 243 1860 tautum
268 1823 320 1862 nos
345 1807 443 1863 lavare
466 1824 486 1860 a
502 1806 626 1879 peccatis
650 1805 847 1864 remissionem
871 1823 970 1864 eorum
989 1804 1154 1878 obtinendo,
1180 1803 1336 1862 sedetiam

122 1884 224 1955 secere
248 1885 337 1959 Reges
359 1893 385 1942 ct
405 1885 579 1957 Sacerdotes,
603 1884 653 1960 qui
673 1885 723 1961 jus
737 1883 883 1942 felicitatis
902 1891 931 1942 et
953 1883 1052 1960 gloriae
1065 1883 1222 1959 obtineant,
1239 1883 1332 1960 Apoc.

133 1962 152 2017 i.
170 1963 187 2018 5
214 1965 243 2020 6.

172 2005 214 2098 ll.
238 2040 322 2099 Unde
336 2050 415 2118 patet
429 2042 490 2099 falli
505 2061 563 2114 cos,
586 2041 636 2119 qui
658 2043 857 2102 Remr'saionem
866 2051 1056 2118 pcccatorum,
1072 2049 1101 2100 et
1115 2037 1334 2118 Impntutionem

122 2120 241 2194 justitio
261 2120 362 2179 volunt
382 2120 496 2180 differre
518 2121 611 2178 solum
631 2122 741 2180 ratione
755 2122 935 2180 diversorum
950 2121 1136 2180 terminorum
1151 2141 1168 2179 a
1182 2141 1239 2198 quo
1254 2121 1334 2180 etad

127 2219 222 2276 quem,
237 2209 271 2258 ut
284 2220 341 2257 non
355 2209 400 2258 est
414 2201 501 2259 tectio
515 2201 662 2275 nuditatis,
689 2208 718 2260 et
739 2199 851 2260 indutio
873 2200 973 2275 vestis,
996 2220 1029 2259 eo
1048 2199 1127 2276 quod
1140 2208 1289 2276 peccatum
1304 2209 1334 2260 et

123 2279 238 2355 justitia
260 2279 318 2338 sint
342 2281 484 2338 contraria
508 2289 594 2355 ἔμω,
617 2299 739 2356 quorum
759 2301 817 2339 uno
839 2281 933 2356 posito
954 2279 1065 2338 tollitur
1085 2280 1216 2339 alterum.
1260 2281 1333 2338 Haee

127 2359 205 2416 enim
223 2358 310 2433 longe
331 2357 414 2418 aliter
434 2379 464 2417 se
486 2361 601 2430 habeut,
623 2367 652 2418 et
666 2361 770 2436 etjam
784 2359 912 2434 dictum;
935 2359 976 2417 its
989 2367 1057 2419 sunt
1071 2358 1282 2436 conjungenda,
1299 2368 1332 2420 ut

127 2457 186 2496 non
216 2437 273 2495 siut
300 2446 396 2496 tamen
423 2438 632 2514 confundenda,
661 2439 712 2496 sad
739 2436 952 2515 distinguenda,
981 2447 1014 2495 ut
1048 2437 1162 2498 realiter
1195 2438 1271 2496 inter
1301 2457 1333 2498 se

128 2515 283 2590 differuut3
306 2535 371 2574 cum
392 2517 541 2592 imputatio
559 2517 682 2595 justitiae
714 2519 819 2578 habeat
847 2517 986 2576 rationem
1015 2537 1117 2590 causae,
1147 2525 1176 2576 et
1203 2517 1333 2576 remissio

127 2595 264 2654 effectus:
287 2596 335 2652 vel
359 2596 384 2653 si
405 2597 556 2673 imputatio
576 2598 698 2674 justitiae
718 2597 835 2674 ponitur
847 2617 900 2674 pro
918 2597 983 2673 jure
998 2596 1036 2654 ad
1050 2597 1148 2670 vitam,
1172 2615 1203 2654 se
1228 2597 1333 2656 habeat

126 2683 259 2751 respectu
281 2675 457 2733 remissionis
480 2676 517 2734 ed
541 2677 658 2735 modum
682 2677 779 2754 partis,
805 2697 870 2753 quae
895 2695 959 2734 cum
983 2695 1016 2733 en
1041 2674 1160 2732 formam
1188 2675 1330 2748 justifica·

127 2755 213 2814 tionis
233 2755 390 2814 constituit.
435 2755 520 2814 Unde
537 2775 595 2814 non
609 2764 677 2814 eunt
691 2755 888 2832 comparandae
903 2755 977 2811 iuter
991 2773 1022 2811 se
1037 2761 1068 2812 ut
1081 2752 1221 2812 nuditatis
1235 2754 1330 2828 tectio,

126 2843 156 2893 et
169 2834 281 2892 indutio
296 2834 394 2906 vestis,
411 2853 475 2909 qnae
490 2855 578 2892 unum
598 2834 731 2911 idemque
755 2842 822 2894 sunt
846 2835 958 2910 reipsa,
981 2831 1033 2890 sed
1047 2839 1078 2889 ut
1092 2831 1122 2888 in
1137 2851 1185 2890 rco
1199 2832 1331 2893 liberatio

129 2933 146 2969 a
159 2933 253 2990 poens,
269 2921 298 2971 et
312 2913 438 2990 dignitas
451 2914 540 2989 regia.

167 2991 227 3050 XI.
250 2993 404 3051 Peccatum
418 2992 534 3068 quidem
550 3001 578 3052 et
589 2993 704 3070 justitia
718 3000 785 3051 sunt
799 2991 941 3051 contraria
955 2999 1049 3065 ἅμα,
1065 2987 1116 3048 sed
1127 3008 1190 3046 non
1199 2989 1221 3048 J
1222 2991 1329 3064 ustitia,

126 3091 184 3148 que
198 3071 342 3148 significat
362 3073 604 3148 perseverantiam
628 3072 659 3130 in
679 3072 794 3150 justitia
818 3081 847 3129 et
870 3070 1073 3147 perfectionem
1094 3069 1196 3145 ipsam.
1238 3068 1332 3130 Aliud

125 3151 202 3208 enim
224 3160 268 3209 est
289 3170 383 3208 carere
400 3151 481 3225 vitio,
502 3151 583 3210 aliud
603 3171 671 3210 vero
691 3151 849 3228 perstitisse
864 3150 894 3207 in
908 3147 1010 3223 officio,
1025 3154 1055 3207 et
1067 3147 1226 3206 meruisse:
1248 3147 1330 3208 Ads-

125 3249 189 3288 mus
204 3230 277 3290 illud
290 3230 399 3304 habuit,
415 3249 474 3288 non
487 3230 552 3288 hoc.
595 3231 641 3289 Ita
655 3231 731 3290 inter
744 3238 863 3288 mortem
879 3240 908 3287 et
921 3229 1011 3286 vitam
1025 3246 1083 3304 qua
1096 3227 1183 3285 talem
1197 3226 1272 3284 nihil
1286 3236 1331 3288 est

125 3310 260 3384 medium,
286 3309 338 3367 sed
359 3309 435 3367 inter
455 3317 577 3369 mortem
602 3319 746 3378 aetemam,
772 3318 802 3368 et
826 3308 915 3367 vitam
938 3307 1060 3382 beatam,
1086 3305 1180 3364 medie
1202 3314 1248 3364 est
1269 3307 1331 3365 vita

125 3388 255 3446 mortalis
272 3396 300 3446 et
320 3387 461 3462 animalis,
487 3389 549 3448 vita
572 3389 620 3466 pia
643 3397 672 3448 et
694 3396 802 3463 sancta,
824 3387 876 3446 sed
890 3387 920 3444 in
934 3395 1011 3445 statu
1025 3387 1089 3460 vise,
1105 3405 1163 3443 non
1176 3386 1285 3462 patriae,
1301 3395 1331 3447 et

126 3467 180 3526 sub
205 3463 381 3543 obligatione
404 3468 532 3526 merendi
550 3489 602 3544 per
624 3469 825 3527 obedientiam.
869 3467 917 3526 Sic
934 3466 1025 3524 multa
1044 3464 1221 3524 intercedere
1235 3464 1329 3525 adhuc

124 3555 257 3624 poterant
276 3547 351 3605 inter
368 3545 499 3605 flammas
523 3547 663 3624 gehennae
688 3555 717 3606 et
741 3547 807 3605 coeli
831 3545 945 3622 gaudia,
967 3565 1060 3622 poenae
1077 3544 1284 3620 liberationem,
1301 3553 1330 3604 et

123 3627 235 3702 praemii
249 3625 470 3702 possessionem,
490 3626 663 3703 supplicIum
683 3645 839 3699 servorum,
862 3635 892 3684 et
912 3624 1084 3701 dignitatem
1098 3622 1231 3682 filiorum.
1274 3625 1330 3699 Qui

124 3725 193 3780 ergo
207 3706 292 3763 nobis
305 3705 489 3782 adoptionem
512 3714 542 3764 et
564 3705 754 3764 hereditatem
774 3703 892 3780 confert,
913 3705 964 3780 qui
985 3705 1194 3764 servieramus
1216 3704 1330 3762 aeternis

124 3783 233 3842 addicti
247 3785 348 3859 poenis,
364 3803 459 3844 annon
474 3785 644 3844 beneficium
659 3784 777 3844 mirifice
791 3785 901 3859 auget?
942 3783 1067 3841 Multum
1083 3790 1144 3840 erat
1157 3781 1328 3856 manumitti,

125 3868 154 3920 et
167 3860 286 3919 libertos
300 3863 381 3938 fieri;
398 3865 481 3922 Nunc
491 3885 560 3922 vero
571 3864 678 3923 liberos
689 3862 870 3941 pronunciari
885 3870 914 3921 et
927 3861 1065 3933 haeredes,
1080 3860 1129 3917 hic
1143 3867 1187 3917 est
1201 3859 1328 3917 cumula-

125 3948 173 3997 tus
188 3947 217 3997 et
231 3959 306 4015 apex
320 3942 530 4000 misericordiae.

166 4017 245 4076 XII.
267 4017 363 4090 Quum
383 4020 499 4095 Paulus,
522 4021 606 4081 Rom.
625 4022 664 4080 iv.
685 4023 712 4096 5,
729 4025 756 4096 6,
772 4025 800 4096 7,
815 4041 834 4080 a
846 4019 1013 4078 remissione
1028 4023 1208 4093 peccatorum
1224 4012 1261 4071 ad
1275 4014 1327 4074 im·

124 4097 303 4173 putationem
312 4096 435 4169 justitiae
450 4107 678 4175 argumentatur;
701 4101 767 4160 Non
782 4101 838 4158 hoc
857 4099 926 4158 facit
945 4103 1061 4175 propter
1075 4093 1327 4170 aequipollentiam,

124 4175 208 4250 quasi
221 4175 259 4234 ab
273 4176 398 4235 invicem
412 4177 469 4236 duo
483 4178 540 4237 ista
552 4197 611 4238 non
624 4179 779 4255 differrem,
805 4188 834 4238 et
856 4197 945 4236 unum
966 4175 1100 4250 idemque
1114 4171 1310 4250 significarent
1322 4195 1329 4248 ;

126 4251 185 4312 Sed
198 4263 315 4332 proptor
327 4256 508 4316 individuam
522 4257 670 4334 utriusque
684 4259 901 4332 connexionem,
927 4255 995 4333 quie
1018 4253 1125 4312 nemini
1148 4259 1244 4329 potest
1267 4252 1331 4310 dari

124 4333 255 4393 remissio
269 4343 459 4411 peccatorum,
483 4336 540 4395 nisi
561 4348 677 4413 propter
700 4338 917 4414 imputationem
927 4334 1057 4412 justitiae,
1073 4341 1102 4391 et
1115 4331 1222 4390 nemini
1236 4330 1328 4408 impu·

125 4419 203 4470 tatur
212 4415 337 4488 justitia,
354 4415 425 4491 quin
438 4416 516 4475 illico
531 4415 729 4475 condonentur
743 4417 786 4474 illi
800 4425 925 4494 peccata.

164 4491 260 4552 XIII.
284 4494 367 4552 Licet
379 4495 430 4571 qui
443 4495 640 4554 remissionem
654 4505 837 4572 peccatorum
851 4495 979 4554 omnium
992 4501 1052 4551 tam
1066 4489 1228 4549 omissionis
1241 4508 1328 4566 quam

124 4571 336 4632 commissionis
360 4575 479 4648 obtinet,
502 4574 641 4634 liberetur
664 4593 681 4632 a
701 4595 795 4652 poena,
821 4594 885 4651 quae
900 4573 943 4632 illi
959 4572 1117 4632 debebatur
1131 4577 1247 4646 propter
1260 4567 1331 4628 talia

123 4659 251 4729 peccate,
267 4661 297 4712 et
310 4654 450 4713 hactenns
469 4656 568 4729 justus
591 4654 682 4730 possit
706 4654 896 4732 pronunciari,
922 4651 970 4710 vel
992 4651 1087 4728 potius
1107 4648 1284 4722 justificatus
1302 4655 1332 4707 et
