3146 5210
65 385 196 432 suasu.
213 362 269 447 ra]
499 385 537 425 nn
552 383 718 427 vocirreuu
734 387 770 428 ur
785 387 863 428 runa.
1231 371 1287 429 461

66 537 192 604 spectu,
221 547 310 586 eausa
331 527 447 604 quidem
462 527 628 605 principalis
640 529 720 588 Deus
742 539 794 604 est,
810 529 862 588 sed
880 529 1011 606 proxIma
1024 537 1054 587 et
1067 527 1233 590 immediata
1247 539 1293 588 est

66 609 177 683 home,
191 607 242 685 qui
253 627 270 666 a
280 608 389 685 Spiritu
403 609 508 666 Sancto
523 608 675 683 excitatus,
691 618 720 668 et
729 611 796 668 fidei
805 630 838 668 ac
848 609 996 667 eharitatis
1005 608 1152 667 habitibus
1163 610 1291 668 imbutus

67 687 175 746 credit
185 697 215 747 et
226 697 311 763 amat,
323 688 401 747 unde
411 696 556 765 utcunque
568 697 650 747 aetus
664 689 800 747 credendi
814 690 904 747 aDeo
915 689 1097 765 producatur,
1113 689 1181 765 quia
1195 697 1292 750 tamen

69 769 113 826 ab
129 769 251 826 homine
266 776 299 827 ut
312 788 398 827 causa
411 768 544 846 proxima
557 777 716 844 exercetur,
732 790 791 827 uon
806 770 878 844 Deo,
895 769 946 827 sed
956 768 1067 826 homiui
1078 769 1222 828 tribuitur.
1245 770 1293 828 Ita

70 849 171 906 horno
193 867 224 906 se
238 849 327 906 habet
340 849 396 924 hic,
412 856 473 907 turn
490 847 604 924 passive
618 848 656 906 ad
676 849 870 926 recipiendum
894 857 1003 907 motum
1028 849 1129 924 gratiae
1150 850 1292 926 praeveni-

70 929 157 986 ontis
170 937 199 986 et
213 927 376 1003 excitantis,
393 928 527 987 voluntas
538 928 614 985 enim
629 947 687 987 non
701 929 762 1006 agit
772 929 828 987 nisi
840 938 912 1004 aeta,
925 937 986 987 turn
997 929 1085 987 active
1094 937 1123 987 et
1137 929 1293 1004 efficienter,

69 1009 150 1084 quia
166 1008 257 1066 credit
271 1017 346 1083 actu,
357 1018 387 1066 et
401 1009 454 1067 snb
467 1008 530 1067 Deo
545 1016 687 1085 operatur.
711 1010 757 1067 Ita
768 1019 864 1067 tamen
879 1027 966 1067 cansa
980 1008 1086 1067 dieitur
1100 1029 1160 1067 suae
1175 1029 1296 1068 eonver-

71 1088 181 1162 sionis,
197 1096 230 1146 ut
241 1106 278 1146 ex
293 1088 389 1165 seipso
403 1089 470 1148 talis
484 1107 542 1146 non
558 1087 604 1162 sit,
620 1089 671 1146 sed
686 1109 702 1146 u
717 1090 818 1165 gratia,
834 1097 894 1148 tum
910 1089 979 1165 quia
993 1088 1085 1148 virtus
1100 1087 1236 1147 credendi
1249 1098 1294 1149 est

72 1176 195 1226 tantum
210 1187 228 1224 a
243 1167 315 1242 Deo,
332 1178 394 1227 tum
408 1168 477 1245 quia
491 1168 553 1245 ipse
568 1168 704 1226 credendi
725 1177 807 1227 actus
821 1189 839 1226 a
854 1169 917 1226 Deo
931 1169 995 1246 ipso
1005 1168 1112 1245 pendet
1126 1169 1292 1228 facultatem

71 1248 115 1306 ad
131 1247 330 1324 operationem
345 1268 426 1307 suam
441 1248 604 1322 excitante;
621 1248 707 1308 Unde
718 1249 791 1306 nihil
804 1248 872 1307 inde
886 1268 938 1325 pro
949 1248 1060 1307 viribus
1071 1247 1154 1307 liberi
1169 1249 1293 1308 Arbitrii

72 1328 217 1385 coneludi
231 1336 335 1404 potest.

122 1407 216 1465 XVI.
247 1408 325 1465 Hinc
349 1416 429 1485 patet
452 1407 598 1467 homiuem
620 1429 677 1466 non
693 1429 723 1467 se
737 1408 843 1468 habere
866 1408 958 1467 instar
975 1407 1082 1485 stipitis
1102 1415 1131 1467 et
1153 1409 1246 1468 trunci
1261 1410 1291 1468 in

76 1487 126 1544 stri
157 1489 384 1564 regeneratione,
409 1497 442 1548 ut
469 1506 618 1566 perperam
645 1490 729 1552 nobis
757 1488 927 1565 impingitur
951 1489 988 1546 ab
1013 1487 1208 1548 Adversariis.
1264 1493 1290 1549 1.

77 1567 159 1641 Quia
184 1568 319 1626 voluntas
343 1577 388 1627 est
412 1570 575 1647 subjectum
593 1573 694 1624 tuscana
710 1569 821 1646 gratiae,
843 1568 921 1644 quod
936 1567 972 1626 de
987 1576 1088 1626 trunco
1103 1567 1161 1626 dici
1181 1569 1292 1646 nequit.

78 1653 109 1705 2.
142 1649 218 1722 Quia
248 1648 372 1724 Spiritus
399 1669 457 1707 non
485 1653 564 1726 cogit
592 1649 771 1708 voluntatem
799 1657 828 1706 et
856 1647 976 1706 invitam
1001 1647 1039 1704 ad
1073 1649 1291 1708 conversionem

79 1728 168 1804 rapit,
185 1727 235 1786 sed
250 1728 420 1788 suavissime
435 1729 464 1788 in
479 1731 605 1789 animam
619 1728 756 1803 illabitur,
772 1737 802 1786 et
814 1729 883 1786 licet
897 1728 978 1803 miro,
994 1747 1028 1785 ac
1042 1727 1180 1786 ineffabili
1194 1728 1290 1800 modo,

80 1808 229 1866 voluntati
243 1817 338 1866 tamen
351 1810 624 1870 convenientissimo
636 1817 770 1886 operatur
778 1828 831 1885 per
842 1807 1012 1866 infusionem
1027 1807 1177 1866 habituum
1192 1828 1290 1884 super·

82 1887 269 1960 naturalium,
291 1888 396 1964 quibus
411 1889 561 1950 abiuneta
584 1888 727 1968 pravitate
751 1888 889 1965 paulatim
913 1888 1060 1961 liberatur,
1076 1895 1109 1945 ut
1123 1907 1159 1945 ex
1174 1888 1291 1946 nolente

79 1967 135 2025 fiat
150 1965 258 2042 volens,
274 1977 353 2026 etex
374 1977 487 2028 mortua
501 1971 613 2030 vivens.
656 1971 684 2027 3.
714 1968 788 2042 Quia
802 1968 995 2026 voluntasita
1016 1975 1155 2026 renovata
1176 1975 1292 2026 etanta

83 2046 184 2105 statim
198 2047 266 2124 agit,
289 2067 352 2106 sese
366 2048 404 2106 ad
420 2050 514 2110 Mum
528 2048 723 2110 convertendo
738 2057 768 2108 et
781 2047 936 2106 credendo.

126 2127 234 2185 XVII.
264 2127 346 2187 Licet
372 2147 442 2188 vero
471 2149 530 2189 sue
551 2131 609 2189 sint
629 2136 726 2206 partes
746 2128 775 2186 in
801 2127 909 2204 duplici
933 2127 989 2186 ista
1013 2126 1209 2200 conversione,
1232 2135 1289 2186 tarn

84 2207 185 2266 Verbo
200 2227 285 2284 quam
311 2207 438 2284 Spiritui,
454 2211 569 2288 nequis
585 2209 828 2268 Enthusiasticam
852 2208 1096 2283 regenerationem
1112 2207 1167 2266 sibi
1189 2207 1290 2284 fingat,

82 2287 153 2364 quia
169 2287 293 2364 Spiritus
308 2307 365 2346 non
380 2290 441 2364 agit
455 2291 516 2349 sine
532 2291 639 2365 Verbo,
663 2289 692 2345 in
706 2287 851 2346 ordinaria
865 2287 966 2346 saltem
982 2296 1010 2346 et
1025 2287 1170 2345 communi
1183 2288 1291 2364 agendi

83 2367 205 2441 ratione,
228 2387 313 2444 quam
328 2367 446 2427 adhibet
459 2390 529 2447 erga
542 2370 665 2429 adultos.
709 2368 783 2425 Nam
805 2366 1030 2425 extramdinarie
1048 2387 1133 2444 posse
1148 2386 1212 2426 eum
1228 2367 1291 2426 sine

86 2446 186 2504 Verbo
207 2447 318 2523 operari
338 2467 390 2523 per
403 2469 522 2508 arcanos
536 2459 632 2508 motus
646 2456 675 2507 et
690 2447 816 2506 intemaa
840 2447 1050 2524 inspirationes,
1066 2457 1098 2506 ut
1111 2447 1218 2506 facturn
1233 2468 1291 2506 non
1336 2450 1341 2460 '

85 2547 151 2584 raro
166 2546 235 2604 erga
250 2527 336 2585 Vitos
357 2537 524 2597 Scomtvma,
542 2549 627 2588 nemo
644 2537 676 2587 nt
697 2528 799 2604 opinor
818 2526 986 2585 diffitebitur
1006 2536 1035 2586 et
1056 2528 1183 2604 negabit.
1226 2528 1292 2586 Non

85 2617 184 2665 tantan
198 2607 298 2665 eadem
313 2617 357 2666 est
369 2609 517 2686 utriusque
531 2611 605 2669 ratio
619 2617 648 2668 et
662 2607 825 2666 causalitus.
868 2607 943 2665 Nam
966 2607 1090 2683 Spiritus
1111 2606 1227 2684 quidem
1248 2617 1293 2666 cst

85 2707 174 2746 eausa
188 2687 354 2764 principalis
371 2688 505 2763 efficiens,
528 2711 592 2766 quaa
607 2689 637 2746 in
651 2698 771 2764 utraque
793 2688 980 2746 conversione
994 2687 1063 2764 agit,
1086 2696 1147 2745 tum
1162 2687 1239 2744 vires
1253 2687 1291 2745 sd

84 2769 159 2825 hene
184 2767 328 2844 agendum
354 2767 540 2845 infundendo,
562 2778 624 2828 tum
639 2769 717 2826 vires
731 2768 852 2826 collatas
865 2766 903 2824 ad
917 2768 1111 2844 operationem
1126 2765 1290 2842 excitando,

86 2857 172 2924 atque
186 2848 227 2906 ita
241 2847 414 2925 captivando
435 2858 560 2909 mentem
575 2849 605 2907 in
619 2848 788 2924 obsequium
811 2846 925 2918 Christi,
942 2855 970 2903 et
984 2846 1143 2904 voluntatis
1157 2866 1191 2903 ae
1205 2845 1301 2920 affec-¹

87 2937 169 2986 tuum
190 2937 259 3000 tuas
277 2938 307 2986 et
331 2928 532 2988 inclinationes
557 2927 743 3002 immutando,
762 2935 795 2986 ut
809 2925 886 3003 quod
908 2926 936 2982 in
960 2925 1121 3001 Evangelio
1145 2925 1290 3002 ingratum

88 3014 118 3065 et
132 3007 286 3066 absurdum
306 3008 416 3066 homini
437 3009 554 3066 animali
575 3008 736 3082 videbatur,
757 3008 818 3084 jam
840 3004 1043 3064 suavissimum
1063 3013 1091 3064 et
1113 3005 1290 3082 sapientissi-

86 3107 165 3144 mum
179 3087 215 3145 ab
229 3088 344 3146 homine
359 3087 501 3165 spirituali
510 3088 666 3166 judicetur,
682 3095 768 3163 atque
782 3085 855 3144 adeo
870 3104 965 3143 amore
977 3093 1007 3142 et
1020 3084 1209 3143 admiratione
1223 3105 1290 3144 nos-

88 3177 134 3226 tra
148 3167 357 3244 dignissimum.
401 3167 460 3226 Sed
473 3168 511 3226 ad
525 3168 655 3227 Verbum
669 3166 748 3244 quod
761 3165 872 3239 attinet,
888 3165 1021 3241 quamvis
1035 3164 1191 3223 efficienter
1204 3165 1291 3223 etiam

88 3256 246 3322 concunat,
269 3256 330 3307 turn
354 3247 385 3305 iu
409 3247 603 3325 praecedaneis
627 3247 665 3306 ad
687 3245 932 3324 regenerationem
957 3244 1077 3320 actibus,
1104 3252 1165 3302 tum
1190 3264 1290 3304 conse·

88 3335 208 3404 quanter
222 3328 251 3385 in
270 3327 334 3405 ipsa
357 3328 545 3387 conversione
569 3327 684 3402 actuaII,
713 3324 904 3404 quumafide
926 3324 1062 3402 recipitur
1085 3323 1123 3382 ad
1148 3324 1290 3402 salutem3

89 3407 227 3468 tamenin
242 3409 429 3466 conversione
444 3408 592 3482 habituali,
615 3428 679 3484 quae
694 3427 745 3484 per
758 3405 930 3464 infusionem
953 3405 1102 3463 habituum
1125 3404 1261 3464 statuitur
1273 3427 1293 3464 a

88 3487 171 3547 nobis
185 3487 247 3546 fieri
257 3507 309 3564 per
327 3488 474 3564 Spiritum,
497 3489 606 3547 nullam
625 3487 739 3564 proprie
761 3485 942 3544 efficientiam
963 3485 1083 3558 obtinet,
1104 3505 1158 3544 nee
1172 3492 1231 3544 tam
1246 3495 1292 3546 est

89 3587 245 3644 exgenere
266 3587 365 3626 eorum
386 3568 650 3642 instrumentorum,
672 3586 737 3643 quae
758 3567 905 3642 attingunt
925 3565 1019 3642 ipsum
1039 3563 1181 3639 effectum,
1203 3585 1290 3642 quam

88 3667 185 3708 eorum
200 3647 373 3723 adquorum
394 3649 575 3724 praesentiam
590 3665 677 3705 causa
690 3646 856 3722 principalis
870 3653 1013 3722 operatur.
1058 3645 1154 3722 Atque
1168 3646 1209 3704 ita
1225 3646 1290 3722 Spi-

89 3730 160 3786 ritus
184 3726 301 3803 quidem
323 3737 400 3786 recte
421 3728 527 3787 dieitur
539 3747 598 3785 non
612 3725 724 3804 operari
738 3726 799 3784 sine
813 3726 922 3798 Verbo,
944 3724 996 3784 sed
1016 3745 1074 3784 nou
1094 3745 1146 3803 per
1160 3725 1290 3784 Verbum

90 3815 315 3879 tantum,verum
321 3807 521 3867 immediateet
532 3807 667 3865 distinete
681 3805 817 3864 aVerbo.
834 3805 875 3865 Ut
889 3815 990 3882 postea
1003 3805 1095 3864 fusius
1113 3805 1291 3882 probabitur.

389 3887 515 3946 XVIII.
551 3887 660 3962 Quarta
674 3885 855 3962 Propositio:
880 3885 991 3944 Gratia
1005 3885 1121 3956 ffcads
1135 3885 1226 3956 aretio,
1242 3904 1292 3942 aec

92 3952 185 4001 Quarta
215 3950 304 4006 Propo
350 3967 470 4041 Physica
483 3989 533 4026 aec
547 3968 650 4025 Etbica
665 3966 787 4041 proprie
800 3966 919 4024 dicenda
933 3966 1048 4038 estred
1066 3964 1291 4038 supermundalia

179 4007 244 4051 attio.

350 4054 376 4102 et
389 4046 494 4122 derha,
515 4066 578 4124 qua
597 4055 746 4122 utramque
762 4045 840 4102 illam
857 4053 935 4112 σχίσιν
951 4045 1145 4119 quadantenus
1166 4042 1290 4100 includit.
1390 4097 1392 4102 .

94 4124 156 4182 Non
171 4128 216 4180 est
230 4121 397 4198 simpliciter
416 4126 545 4202 physiea,
568 4126 636 4204 quia
649 4125 746 4202 agitur
759 4124 795 4183 de
810 4123 946 4182 facultate
960 4121 1069 4195 morali,
1089 4141 1153 4196 quas
1168 4141 1289 4197 congru-

93 4211 170 4262 enter
185 4208 294 4259 nature
308 4221 367 4261 suas
380 4206 491 4262 moveri
505 4205 607 4282 dehet;
622 4225 676 4264 nec
691 4203 858 4281 simpliciter
873 4203 984 4274 Ethiea,
1000 4199 1083 4277 quasi
1099 4200 1179 4260 Deus
1194 4200 1291 4276 objec-

93 4283 150 4341 tive
165 4280 258 4339 solnm
273 4291 379 4357 ageret,
395 4293 423 4342 et
437 4284 496 4342 leni
510 4285 643 4344 suasione
657 4293 793 4357 uteretur,
816 4281 893 4359 quod
908 4280 1116 4357 pertendebant
1130 4278 1290 4356 Pelagiani.

96 4361 152 4422 Sed
173 4362 398 4437 supernaturalis
423 4372 467 4422 est
491 4373 520 4424 et
544 4365 651 4438 divina,
677 4385 742 4441 quse
766 4361 944 4423 transcendit
968 4360 1064 4418 omnia
1088 4360 1150 4418 haec
1175 4380 1290 4438 genera.

95 4441 211 4500 Interim
226 4440 336 4518 aliquid
350 4441 386 4500 de
401 4443 507 4503 Ethico
520 4452 549 4502 et
564 4445 690 4522 Physieo
704 4443 865 4521 participat,
881 4440 948 4518 quia
963 4449 991 4499 et
1005 4448 1137 4516 potenter
1152 4449 1180 4500 et
1195 4440 1291 4499 suavi-

94 4533 143 4596 ter,
165 4529 248 4598 grate
262 4529 292 4580 et
307 4520 413 4581 invicte
428 4533 563 4600 operatur
586 4523 710 4601 Spiritus
724 4522 762 4581 ad
775 4521 866 4580 nostri
888 4519 1114 4579 conversionem.
1157 4519 1208 4578 Ad
1228 4540 1292 4578 mo-

95 4605 159 4660 dum
176 4601 322 4678 physicum
344 4603 476 4679 pertinet,
498 4603 577 4682 quod
598 4605 679 4662 Deus
698 4603 806 4680 Spiritu
821 4621 873 4660 suo
887 4621 940 4659 nos
955 4610 1041 4676 creat,
1064 4609 1222 4678 regenerat,
1246 4621 1296 4658 cor

95 4702 225 4742 carneum
240 4681 300 4757 dat,
316 4689 345 4740 et
359 4681 514 4742 efficienter
534 4683 650 4744 habitus
672 4682 904 4760 supernaturales
919 4681 984 4740 fidei
1000 4691 1028 4740 et
1042 4681 1190 4740 charitatis
1212 4681 1296 4740 uobis
