3186 5210
259 347 318 404 eat
681 359 772 400 nocue
787 356 917 398 nscruus
931 354 1067 405 eurunus,
1258 332 1389 414 [eumer.
1406 354 1466 393 xer.

259 525 317 564 nou
335 502 513 563 recordando
536 503 659 580 amplius
683 501 761 560 illius
786 506 976 577 peccatorum,
1002 504 1063 554 turn
1092 495 1327 554 sanctificationis
1342 513 1396 573 per
1422 493 1463 550 in-

260 585 443 661 scriptionem
459 584 547 660 Legis
561 585 590 640 iu
605 583 757 655 cordibus;
781 579 831 638 scd
851 587 879 636 et
893 585 1032 655 perpetua
1048 577 1100 635 illa
1110 577 1288 635 redditurum
1303 584 1332 634 et
1347 581 1464 648 aeterua,

260 671 321 723 tum
336 683 432 721 amore
453 663 596 722 constanti
614 683 663 720 eos
684 660 893 738 prosequende,
919 679 955 716 ue
970 657 1006 715 ab
1021 657 1091 733 ipsis
1109 655 1233 730 recedat,
1255 665 1317 714 tum
1332 657 1466 713 timorem

261 744 305 802 sui
320 745 390 820 ipsis
406 743 539 817 iudendo,
555 762 591 802 ue
606 742 742 800 recedant
755 741 792 798 ab
808 741 891 817 ipso:
915 741 933 771 ‘⁸
945 737 1075 813 Pangem
1089 755 1153 796 cum
1173 737 1243 813 ipsis
1259 737 1370 794 Foedus
1385 745 1465 794 aeter-

260 843 338 897 num,
355 843 400 881 me
415 843 473 881 uon
487 842 665 881 recessurum
678 821 714 878 ab
729 821 808 898 ipsis,
820 829 853 879 ut
863 817 1039 877 benefaciam
1055 817 1155 894 ipsis,''
1177 817 1280 892 iuquit,
1296 837 1360 893 cap.
1371 817 1465 874 xxxii.

261 905 310 979 40,
338 907 355 935 “
370 903 411 962 Ut
424 924 483 961 uon
497 911 625 961 evertam
640 921 695 976 me,
711 909 740 959 et
761 899 951 958 reverentiam
964 897 1022 954 mei
1035 897 1139 955 animis
1153 896 1280 973 ipsorum
1302 897 1412 972 indam,
1437 908 1468 954 ut

260 1003 318 1040 nou
332 983 468 1041 recedant
482 1002 499 1039 a
513 1002 558 1040 me
572 983 598 1040 :'’
622 982 687 1039 Non
702 981 781 1054 dicit,
794 978 942 1037 Hortabor
956 977 993 1035 ad
1004 977 1144 1048 timorem,
1161 985 1189 1034 et
1203 977 1350 1054 impellam
1365 995 1417 1035 eos
1431 977 1467 1034 ad

260 1081 307 1120 me
328 1062 496 1136 timendum,
511 1061 564 1120 sed
587 1062 648 1138 ipse
664 1063 759 1120 indam
780 1060 912 1119 timorem
930 1067 963 1116 ut
984 1077 1042 1115 uon
1061 1057 1215 1132 recedant3
1247 1065 1280 1114 ιιι
1308 1057 1413 1115 doceat
1438 1077 1467 1114 se

261 1141 429 1200 effecturum
458 1142 625 1215 certissime,
651 1151 683 1200 ut
705 1141 814 1198 Foedus
828 1137 991 1198 executioni
1013 1137 1173 1196 mandetur.
1215 1137 1288 1194 Cum
1303 1137 1381 1195 euim
1410 1136 1467 1194 duo

261 1229 374 1280 tantum
388 1230 505 1298 possent
519 1222 630 1280 irritum
645 1221 764 1280 reddere
778 1219 856 1278 istud
870 1217 972 1292 fredus,
987 1217 1055 1275 hinc
1069 1217 1175 1274 amoris
1187 1214 1242 1274 Dei
1253 1217 1384 1291 mutatio,
1401 1217 1468 1275 iude

262 1320 331 1359 vero
346 1301 456 1359 timoris
471 1310 500 1360 et
514 1301 582 1360 fidei
596 1311 701 1360 nostra
712 1299 904 1358 inconstantia
918 1307 947 1356 et
960 1297 1096 1373 labilitas,
1112 1298 1193 1355 Deus
1203 1296 1343 1354 adversus
1356 1307 1468 1354 utrum·

264 1401 320 1458 qne
341 1381 499 1457 periculum
522 1401 576 1440 uos
590 1381 748 1454 coufirmat,
764 1399 853 1456 quum
867 1379 926 1436 illis
946 1377 1107 1455 pollicetur,
1130 1377 1198 1435 hiuc
1219 1371 1325 1434 amoris‘
1340 1377 1385 1435 sui
1400 1397 1467 1434 con·

263 1461 408 1536 stantiam,
423 1480 459 1519 nc
473 1461 588 1520 recedat
602 1481 619 1518 a
633 1460 735 1535 nobis;
757 1459 825 1517 iude
846 1477 915 1516 vero
936 1458 1048 1515 timoris
1062 1457 1152 1515 nostri
1174 1457 1394 1534 perpetuitatem
1408 1479 1415 1532 ;
1437 1465 1469 1515 ut

261 1542 324 1618 jam
337 1560 391 1599 nec
405 1549 531 1600 metuere
543 1541 708 1614 debeamus,
723 1559 759 1597 ue
780 1558 834 1596 nos
848 1537 969 1613 deserat,
985 1557 1038 1596 nec
1052 1557 1088 1595 ne
1103 1537 1196 1614 ipsum
1212 1537 1386 1610 deseramus,
1403 1557 1468 1594 curu

263 1621 325 1698 ipse
340 1629 492 1697 utrumque
507 1621 561 1680 boc
576 1619 746 1680 beneficium
762 1639 792 1677 se
813 1618 985 1695 largiturum
995 1617 1173 1694 polliceatur,
1189 1616 1335 1693 implendo
1350 1618 1391 1674 ita
1411 1635 1469 1674 non

264 1700 350 1758 modo
365 1700 443 1778 quod
458 1720 574 1759 suarum
588 1709 649 1758 erat
662 1700 795 1776 partium,
819 1699 870 1757 sed
885 1698 970 1756 etiem
985 1697 1063 1774 quod
1078 1706 1139 1755 erat
1153 1705 1323 1771 uestramnr,
1340 1696 1468 1754 curando

264 1801 300 1840 ue
316 1779 442 1838 desimus
457 1779 551 1839 officio
565 1787 673 1838 nostro.
690 1778 775 1838 Unde
787 1779 914 1856 August.
929 1776 965 1835 de
979 1777 1056 1835 bono
1070 1796 1214 1855 persever.
1229 1797 1253 1834 c.
1270 1781 1297 1852 t,
1315 1776 1469 1834 “Nonnisi

264 1859 302 1918 ad
317 1861 438 1938 gratiam
454 1879 535 1918 suam
561 1861 641 1918 Dens
662 1859 804 1936 pertinere
826 1859 928 1931 voluit,
949 1866 981 1914 ut
999 1859 1086 1915 houro
1101 1856 1219 1915 accedet
1232 1855 1270 1914 ad
1284 1875 1359 1930 eum,
1374 1875 1469 1932 neque

265 1941 322 1998 uisi
344 1940 380 1997 sd
395 1940 518 2016 gratiam
534 1960 615 2010 suem
629 1939 771 2017 pertinere
785 1938 887 2012 voluit,
903 1946 936 1996 ut
949 1937 1035 1995 homo
1050 1956 1107 1994 nou
1122 1937 1237 1994 recedat
1251 1935 1288 1993 ab
1302 1937 1367 1994 co.''

307 2021 366 2078 XI.
390 2020 456 2078 Huc
479 2021 624 2097 pertinent
648 2019 774 2078 illustres
794 2018 851 2075 ille
875 2017 1083 2075 Promissiones
1104 2015 1140 2074 de
1155 2015 1286 2075 custodia
1310 2025 1338 2074 et
1356 2035 1469 2074 conser-

265 2101 381 2159 vatione
395 2099 533 2173 fidelium,
549 2119 613 2176 quae
627 2099 733 2176 passim
759 2098 895 2176 leguntur
908 2097 938 2154 iu
962 2097 1118 2173 Scriptura,
1145 2097 1231 2154 Deut.
1247 2098 1330 2153 xxxi.
1347 2099 1374 2170 8,
1392 2097 1468 2154 Heb.

266 2181 328 2238 xiii.
345 2183 372 2252 5,
404 2179 588 2256 “Nunquam
613 2188 641 2238 te
665 2179 805 2252 deseram,
831 2198 884 2236 nec
898 2186 926 2235 te
950 2175 1178 2254 derelinquam,”
1210 2175 1289 2253 qnod
1313 2176 1469 2234 absurdum

266 2268 343 2316 esset
359 2267 388 2316 et
411 2257 524 2334 falsum,
551 2260 576 2317 si
597 2266 743 2336 pateretur
763 2278 817 2316 nos
838 2257 990 2316 deficeres
1010 2255 1067 2314 fide
1082 2265 1111 2315 et
1131 2255 1240 2330 salute,
1268 2255 1325 2314 Isa.
1348 2255 1398 2312 liv.
1423 2259 1470 2330 10,

267 2339 285 2370 ‘⁸
298 2338 443 2412 Montes,''
472 2337 575 2414 inquit,
602 2341 620 2370 “
629 2337 773 2412 recedent,
789 2346 818 2397 et
833 2337 922 2395 colles
933 2335 1152 2411 amovebuntur,
1168 2343 1296 2394 attamen
1307 2335 1471 2412 benignitas

266 2424 404 2474 menate
419 2435 476 2474 nou
501 2416 624 2490 recedet,
641 2425 670 2475 et
690 2417 784 2476 foedus
798 2417 878 2494 pacis
899 2437 978 2492 meae,
995 2417 1089 2493 iuquit
1102 2416 1248 2475 Jehova.”
1301 2415 1472 2474 Similitudi-

266 2515 332 2554 uem
348 2494 466 2554 sumita
490 2494 576 2554 rebus
600 2495 780 2572 firmissimis,
806 2504 839 2553 ut
861 2495 963 2555 doceat
983 2497 1062 2573 prius
1083 2505 1195 2555 montes
1223 2505 1398 2554 commotum
1426 2496 1470 2570 iri,

267 2596 353 2653 quam
368 2582 400 2633 ut
414 2595 494 2634 amor
509 2575 566 2634 Dei
585 2575 709 2650 recedat,
732 2585 761 2634 et
782 2575 891 2634 Foedus
912 2576 1013 2654 gratiae
1028 2596 1093 2635 cum
1110 2576 1243 2635 Ecclesia
1264 2576 1368 2633 initum
1388 2576 1472 2634 sbro-

267 2664 359 2733 getur,
389 2656 467 2732 quod
494 2664 588 2732 vocat,
614 2675 675 2734 cap.
703 2655 743 2714 lv.
769 2659 797 2731 3,
841 2656 950 2715 Foedus
991 2656 1203 2732 sempiternum,
1239 2664 1278 2714 et,
1296 2664 1473 2712 estrimes

268 2743 350 2804 sealt,
367 2739 384 2768 “
395 2736 609 2796 Misericordiae
636 2735 737 2794 fideles
761 2746 791 2795 et
813 2745 978 2795 constantes
1004 2735 1156 2812 Davidis,”
1178 2756 1243 2813 quae
1272 2735 1381 2800 Dauidi
1408 2755 1473 2813 pro-

266 2817 362 2876 missae
378 2825 452 2892 sunt,
469 2817 517 2875 vel
530 2837 596 2893 quae
610 2816 640 2873 iu
653 2814 766 2874 Davide
778 2816 901 2893 mystico
912 2815 1077 2891 fundantur,
1088 2825 1117 2874 et
1128 2825 1196 2874 suut
1210 2816 1306 2874 Etiam
1321 2824 1351 2874 ct
1365 2816 1473 2874 Amen.

269 2897 337 2974 Cap.
353 2897 405 2954 lix.
421 2901 468 2972 21,
493 2897 561 2955 “Et
575 2897 630 2955 hoc
645 2905 689 2955 est
705 2897 813 2955 Foedus
827 2915 922 2954 meum
945 2895 1024 2972 quod
1038 2915 1162 2973 pangam
1185 2915 1249 2954 cum
1274 2896 1318 2970 iis,
1347 2895 1473 2972 Spiritus

268 2997 349 3036 meus
364 2977 413 3053 qui
428 2977 511 3035 estin
526 2985 563 3053 te,
579 2976 627 3035 vel
648 2995 735 3053 super
762 2985 800 3050 te,
815 2984 844 3034 et
859 2975 948 3034 verba
962 2995 1025 3033 mea
1045 2995 1110 3052 quse
1125 2977 1208 3052 posui
1221 2975 1251 3033 iu
1266 2995 1314 3033 ore
1339 2984 1399 3051 tuo,
1415 2995 1473 3034 uon

267 3055 402 3115 recedent
417 3056 452 3114 de
468 3077 515 3115 ore
531 3066 590 3130 tuo,
606 3055 684 3115 etde
700 3075 747 3113 ore
769 3054 887 3115 seminis
901 3056 952 3128 tui,
969 3064 997 3113 et
1018 3075 1094 3114 nnnc
1115 3065 1145 3114 et
1163 3075 1254 3132 usque
1269 3055 1298 3112 iu
1313 3055 1473 3114 seculum.''

269 3135 328 3196 Ubi
343 3137 494 3213 pollicetur
520 3137 658 3194 Ecclesia
673 3144 840 3212 perpetuam
869 3135 959 3194 Verbi
980 3143 1009 3194 et
1025 3135 1149 3212 Spiritus
1174 3137 1227 3210 sui,
1243 3155 1308 3212 quae
1322 3135 1381 3194 duo
1407 3145 1474 3194 suut
1564 3177 1565 3186 a

268 3216 363 3274 media
385 3215 453 3273 fidei
480 3215 683 3293 ingeneraudm
704 3225 733 3274 et
747 3215 961 3290 conservandae,
986 3216 1168 3292 praesentiam
1192 3235 1244 3293 per
1266 3216 1362 3272 omnia
1377 3216 1475 3274 secula

268 3294 512 3371 usqueadfiucm
526 3295 635 3354 mundi.
679 3295 727 3354 Sic
751 3295 824 3354 Hos.
845 3295 875 3354 ii.
893 3297 938 3370 19,
966 3295 1185 3372 “Desponsabo
1207 3305 1235 3353 te
1260 3295 1330 3352 mihi
1355 3295 1474 3354 insem·

268 3374 441 3450 piterunm,’'
464 3382 545 3432 notat
566 3375 696 3433 intimam
712 3383 741 3433 et
762 3383 939 3434 constantem
955 3375 1059 3434 amoris
1074 3383 1103 3433 et
1117 3375 1327 3452 conjunctionis
1341 3376 1476 3452 speciem,

269 3473 326 3530 qua
347 3471 400 3508 nos
415 3453 469 3509 sibi
484 3453 640 3530 desponsat
660 3454 690 3511 iu
705 3455 820 3514 Christo
834 3474 885 3532 per
898 3455 1111 3513 matrimonium
1126 3453 1324 3512 indissolubile
1350 3465 1379 3513 et
1393 3467 1477 3514 aster·

269 3551 347 3606 num,
363 3531 441 3607 quod
456 3551 513 3588 uon
528 3532 566 3590 ad
580 3542 694 3610 tempus
709 3541 821 3592 tautum
843 3535 947 3593 durare
969 3535 1077 3610 debuit,
1093 3543 1122 3594 et
1146 3543 1247 3612 postea
1260 3534 1375 3608 irritari,
1390 3535 1478 3611 quale

269 3610 323 3668 fuit
345 3611 433 3686 prius,
456 3610 534 3686 qnod
564 3612 692 3688 Populus
715 3622 839 3690 ruperat,
866 3613 917 3672 sed
945 3614 974 3671 iu
1003 3623 1150 3673 aeteruum.
1193 3614 1331 3690 Ejusdem
1361 3615 1478 3692 generis

270 3701 337 3749 suut
351 3689 555 3766 promissiones
569 3691 632 3749 istae
648 3691 723 3748 Novi
749 3691 936 3770 Testamenti,
951 3694 1021 3753 doh.
1038 3715 1067 3753 x.
1083 3698 1131 3772 27,
1155 3698 1173 3728 ‘²
1184 3695 1262 3754 Oves
1286 3713 1358 3753 meae
1373 3715 1477 3752 rocem

269 3789 361 3830 meam
377 3769 506 3845 audiunt,
523 3779 552 3828 et
565 3771 634 3828 novi
649 3771 735 3847 ipsas,
752 3781 781 3830 et
805 3772 875 3848 ipsae
890 3783 1051 3850 sequuntur
1072 3795 1127 3848 me,
1143 3783 1172 3833 et
1186 3794 1241 3850 ego
1256 3773 1293 3831 do
1314 3774 1357 3832 eis
1374 3773 1477 3834 Vitam

270 3861 414 3925 eetemam,
431 3857 460 3909 et
473 3850 503 3907 in
518 3861 656 3909 aetemum
671 3869 727 3907 nou
739 3851 883 3928 peribunt,
899 3872 983 3911 nemo
998 3853 1089 3930 rapiet
1103 3873 1152 3912 eas
1166 3854 1202 3913 de
1217 3873 1303 3913 manu
1319 3873 1392 3929 mea,
1408 3856 1478 3931 quia

272 3933 358 3990 Pater
371 3931 421 4009 qui
446 3930 516 3988 mihi
531 3951 579 3989 eas
594 3930 682 4004 dedit,
705 3931 798 4008 major
809 3939 853 3990 est
868 3932 1002 3990 omnibus
1014 3935 1041 4010 ;''
1064 3934 1135 3993 dicit
1150 3953 1180 3992 se
1195 3933 1262 3992 dare
1278 3933 1377 3991 Vitam
1394 3947 1478 3992 aeter-

270 4031 345 4086 nam,
362 4011 400 4070 id.
416 4011 574 4070 certissime
590 4010 732 4086 daturum,
748 4011 789 4070 ita
802 4021 835 4070 ut
850 4011 1001 4088 quisquam
1017 4033 1075 4071 uon
1091 4014 1128 4072 sit
1142 4023 1275 4091 rapturus
1286 4033 1344 4088 eus,
1360 4033 1414 4072 nec
1427 4035 1479 4092 per

270 4092 330 4148 vim
344 4111 397 4150 nec
412 4111 463 4168 per
476 4091 583 4166 delum,
605 4111 641 4150 uc
655 4091 716 4169 ipse
732 4091 849 4168 quidem
867 4092 1008 4150 Diabolus
1022 4093 1071 4170 qui
1086 4094 1175 4152 habet
1188 4093 1340 4171 imperium
1362 4095 1476 4168 mortis,

270 4190 328 4228 uon
342 4170 475 4245 mundus,
491 4191 549 4230 non
564 4191 638 4246 caro,
654 4191 711 4229 uon
733 4191 878 4249 prospera,
901 4191 960 4229 nou
982 4171 1112 4247 adverse,
1129 4174 1165 4232 de
1186 4193 1273 4232 mauu
1288 4194 1348 4248 sua,
1374 4175 1414 4232 id.
1441 4175 1477 4232 de

271 4250 399 4328 potentia
413 4270 470 4326 qna
484 4251 692 4326 custodiuntur,
705 4251 773 4326 quia
788 4251 868 4308 Deus
882 4251 932 4326 qui
948 4271 996 4310 ess
1008 4253 1050 4310 illi
1062 4253 1265 4312 custodiendas
1279 4262 1307 4312 et
1319 4255 1479 4312 servandas

271 4329 359 4404 dedit,
375 4329 519 4406 potentior
533 4338 577 4388 cst
590 4330 732 4404 omnibus,
748 4339 806 4388 tam
823 4329 947 4406 Angelis
971 4350 1057 4407 quam
1080 4333 1254 4407 hominibus,
1280 4343 1309 4391 et
1323 4334 1479 4410 quibusvis

273 4411 420 4467 creaturis.
445 4411 501 4484 Sic,
519 4409 624 4468 ltIattlr.
640 4411 700 4467 xvi.
725 4412 771 4483 18,
788 4413 806 4442 “
823 4409 916 4485 Super
932 4410 1075 4487 Petram,'’
1092 4413 1131 4470 ait
1146 4413 1286 4488 Christus,
1301 4413 1481 4472 “aedificabo

272 4488 433 4545 Ecclesiam
454 4507 556 4562 meam,
578 4498 607 4547 et
628 4497 717 4564 portae
739 4487 894 4546 inferorum
920 4509 977 4548 uon
996 4491 1196 4568 prevalebunt
1219 4492 1360 4550 adversus
1383 4495 1479 4568 eam,’'
1561 4505 1562 4560 t

270 4567 434 4624 firmitatem
449 4575 478 4625 et
498 4569 715 4644 perpetuitatem
739 4567 878 4626 Ecclesiae
893 4577 922 4628 et
943 4571 1066 4647 siugulis
1080 4571 1144 4647 ejus
1165 4573 1301 4630 membris
1315 4573 1481 4649 pollicetur,

272 4643 419 4701 aedificatis
434 4645 543 4703 scilicet
557 4665 643 4723 super
657 4646 802 4704 Christum
816 4647 928 4723 Rupem
943 4658 972 4708 et
999 4651 1111 4709 Petrum
1132 4651 1279 4710 immotam
1305 4653 1481 4728 seculorum,
