3108 5198
511 389 514 396 .
558 341 828 401 aeconomum.
1074 319 1076 324 ’
1276 344 1304 392 rx

534 531 568 564 ns
585 529 742 565 sscnrsrorn
754 529 865 563 cnarsrr.
1238 530 1244 546 ·
1258 478 1305 520 Μ’

157 599 262 650 xviri.
280 597 325 646 An
339 595 460 644 Ascensio
471 593 565 643 Christi
576 593 646 642 iacta
654 592 688 640 sit
708 592 806 656 proprie
821 606 865 654 per
876 594 973 639 motum
984 589 1090 640 localem
1101 608 1134 641 ex
1145 593 1207 642 loeis

330 658 490 708 inferioribus
501 658 532 705 ad
544 657 636 706 coelurn
648 671 794 719 supremum
806 656 939 702 lieatorum
951 655 962 702 ?
986 656 1027 703 An
1039 658 1208 722 metaphorice

331 739 377 788 per
388 721 595 788 disparitionem?
604 723 695 780 Affirm.
705 718 796 772 Priuer
808 718 901 767 Poster.
911 717 975 782 Nep.
983 740 992 777 ,·
1001 727 1083 769 contro
1091 721 1187 772 Lutto.
1201 759 1208 772 .
1258 727 1304 773 321

439 881 473 913 DE
485 879 602 912 SESSIOIIE
614 878 717 912 cuntem
729 877 764 910 lu
776 877 900 910 nexuum
911 878 966 911 DEI.

189 945 265 994 XIX.
283 941 351 1004 Quid
362 942 395 989 sit
405 941 487 989 Sessio
494 941 589 989 Christi
600 941 632 988 ad
642 941 764 988 Dextram
773 940 822 988 Dei
832 959 838 1000 ς
849 940 992 988 Secundum
1004 956 1080 1003 quam
1091 949 1209 993 naturam

333 1005 590 1065 Ciuistoconveuiat;
603 1005 637 1053 Et
649 1003 812 1052 annositas
824 1004 947 1053 rationem
959 1005 1102 1068 pertineat?
1120 1005 1184 1072 Nep.
1202 1045 1209 1058 .
1260 1013 1308 1060 324

143 1275 254 1327 LOCUS
271 1272 430 1324 DECIMUS
447 1271 697 1333 Quantus-Du
715 1271 856 1322 OFFICIO
873 1271 1015 1322 CHRISTI
1032 1274 1268 1328 MEDIATORIO.

105 1413 225 1473 Qumro
243 1410 265 1458 Ῑ.
283 1410 340 1468 Quo
352 1422 427 1454 sensu
438 1421 531 1455 nomen
543 1405 689 1454 Mediatoris
701 1405 801 1455 Christo
812 1407 959 1469 competat?
994 1445 1000 1456 .
1099 1447 1105 1458 .
1204 1449 1211 1461 .
1261 1415 1308 1462 331

230 1473 267 1522 II.
284 1475 328 1520 An
339 1470 456 1520 Christus
468 1471 501 1517 sit
513 1469 638 1517 Mediator
654 1470 793 1518 secundum
804 1476 938 1533 utramque
950 1471 1094 1522 Naturam?
1122 1475 1211 1535 Affirm.

334 1533 708 1596 contraPoatiflctStoocortrm.
782 1570 787 1582 .
887 1571 893 1582 .
993 1572 999 1584 .
1098 1573 1105 1586 .
1204 1577 1211 1588 .
1261 1543 1311 1590 334

226 1600 278 1650 III.
297 1597 468 1648 AanrIStuo
479 1599 513 1646 sit
523 1597 649 1646 bledlator
660 1597 840 1661 Angelorum?
857 1595 921 1661 Nep.
994 1636 1001 1648 .
1099 1638 1105 1650 .
1205 1641 1212 1654 ,
1262 1607 1310 1654 339

540 1747 574 1779 m:
587 1746 700 1780 uxlra'ru
712 1746 880 1780 mummius.

221 1810 267 1859 IV.
286 1810 328 1858 An
335 1807 454 1934 {liniatus
466 1807 534 1856 solus
545 1807 579 1856 sit
591 1808 716 1857 Mediator
727 1813 813 1856 noster
822 1807 890 1870 apud
906 1806 1009 1855 Deum?
1033 1807 1124 1871 ΔΜ.
1134 1819 1215 1859 contro

359 1890 387 1920 Oli
400 1890 406 1917 l
427 1889 480 1920 0208.
573 1907 578 1918 .

510 2020 544 2052 DE
556 2019 671 2052 ‘I'RII’LICI
684 2018 789 2051 OFFICIO
801 2017 912 2052 cnalsrl.

239 2082 269 2130 V.
288 2081 339 2130 Cur
348 2081 465 2130 Christus
476 2080 602 2129 Mediator
613 2079 705 2144 triplex
718 2080 814 2128 Munus
832 2079 957 2128 sustinere
973 2079 1110 2131 debuerit?
1208 2123 1214 2134 .

223 2145 269 2195 VI.
287 2146 329 2193 An
341 2145 458 2193 Christus
470 2151 557 2207 raptus
568 2144 644 2192 suerit
656 2144 682 2190 in
694 2143 787 2192 coelum
799 2149 857 2191 ente
868 2143 1015 2192 inchoatum
1028 2145 1156 2210 publicum
1168 2148 1215 2197 Mi-

336 2209 479 2268 niaterium,
489 2214 518 2256 ut
527 2207 561 2256 ibi
569 2223 585 2255 a
593 2208 669 2256 Patre
680 2207 829 2256 doceretur?
846 2206 910 2271 Nep.
918 2217 1000 2257 contro
1011 2209 1089 2260 Secia.

477 2356 511 2388 on
529 2356 634 2390 osrrcro
651 2357 754 2389 crrmsrr
771 2357 940 2392 raornnrrco.

215 2417 275 2469 vn.
293 2418 325 2466 Iu
341 2432 391 2479 quo
408 2417 532 2466 consistat
549 2417 613 2465 ratio
625 2418 765 2482 Prophetiae
777 2417 880 2479 Christi,
893 2434 938 2468 seu
954 2420 1074 2480 Quaenam
1085 2427 1177 2486 partes,
1190 2429 1217 2471 et

337 2481 394 2544 quis
404 2481 494 2529 modus
506 2482 561 2544 ejus
572 2481 668 2530 luerit?

473 2630 508 2663 bu
525 2630 630 2663 OFFICIO
647 2629 824 2664 sacuanouam
841 2631 951 2665 CHRISTI.

196 2691 272 2742 VIII.
290 2691 333 2740 An
345 2691 461 2740 (hristus
472 2691 549 2740 luerit
559 2691 613 2740 veri
620 2691 729 2740 nominis
742 2691 867 2751 Sacerdos,
878 2693 920 2755 qni
931 2693 1038 2741 interris
1046 2693 1218 2746 Sacerdotium

338 2771 412 2803 suum
426 2755 481 2817 jam
493 2755 657 2814 inchoaverit,
667 2756 708 2803 Aa
720 2755 829 2818 figurate
842 2763 941 2804 tantum
950 2757 1041 2816 dietus,
1054 2759 1134 2822 quiin
1145 2761 1217 2810 eoelis

338 2819 439 2866 demum
492 2825 516 2866 st
536 2818 716 2867 Aseensionem
737 2819 833 2868 Murrus
851 2835 925 2868 suum
942 2819 1104 2886 impleverit?
1121 2823 1216 2886 Affimr.

337 2881 425 2938 Prins5
464 2899 499 2945 cy.
514 2881 699 2930 Poster.cootra
711 2881 791 2932 Secta.
891 2921 897 2932 .
997 2922 1003 2934 .
1103 2924 1109 2934 ,
1209 2926 1215 2937 ,

228 2946 274 2995 ΙΧ.
293 2945 332 2995 De
346 2946 442 2994 Natura
453 2955 480 2994 et
492 2946 596 2994 Unitatc
609 2947 745 2996 Sacerdotii
756 2946 858 3010 Christi,
871 2955 897 2996 et
909 2947 959 2997 Cur
970 2949 1069 2998 dIcatnr
1080 2952 1218 3000 seeundum

339 3009 460 3059 Ordinem
472 3009 669 3059 Melchisedeci?
683 3047 689 3057 .

491 3159 525 3192 nu
542 3157 713 3192 NECESSITATE
730 3157 944 3194 ssrrsracumms.

244 3232 277 3282 X.
295 3232 447 3282 Aunecessc
455 3233 531 3282 luerit
543 3233 673 3282 Christum
683 3248 729 3298 pro
740 3231 812 3280 nobis
824 3234 969 3284 satisfacere
979 3235 1091 3285 Justitiae
1103 3236 1219 3288 Divino?

341 3297 436 3357 affirm.
449 3296 622 3346 contr-adoria.
684 3334 691 3346 .
789 3332 796 3344 .

514 3446 548 3479 DE
561 3445 917 3480 vrrurumsnulsmcr1onrs.

229 3520 278 3570 XI.
297 3521 338 3568 An
349 3535 407 3568 vere
419 3525 445 3568 et
464 3520 562 3583 proprie
574 3519 691 3569 Christus
708 3519 762 3568 loco
773 3525 859 3567 nostro
870 3519 978 3569 Iustitia
989 3519 1039 3569 Dei
1050 3521 1219 3575 satisfecerit?

342 3583 437 3645 Affirm.
445 3591 528 3631 contm
539 3581 617 3632 Sosia.
684 3619 691 3631 .

467 3775 468 3778 Ἴ
490 3731 524 3764 DE
541 3731 718 3766 enusecmorau
730 3731 945 3766 sarrarncnoats.

214 3806 278 3856 xn.
297 3807 338 3854 An
349 3804 384 3852 ita
402 3803 514 3867 perfecta
529 3804 607 3853 fuerit
626 3803 720 3853 Christi
740 3805 890 3864 Satislaetio,
902 3811 932 3854 ut
942 3805 1092 3871 nulluspost
1104 3825 1167 3870 eam,
1180 3812 1221 3861 rel

344 3867 559 3918 satisfactionibus
570 3868 689 3916 humanis
701 3869 727 3915 in
739 3869 787 3918 hac
798 3870 860 3929 vita,
872 3869 914 3918 vel
926 3870 1076 3932 PurgatorIo
1086 3881 1144 3938 post
1155 3874 1221 3926 hanc

343 3932 430 3992 vitam,
442 3930 513 3980 locus
524 3948 579 3981 esse
590 3932 690 3996 possit?
706 3933 802 3994 Affirm.
816 3942 898 3982 contra
908 3933 1001 3997 Portis:

523 4082 558 4114 DE
570 4081 687 4116 narsum
699 4083 914 4118 analemmatorum

198 4151 278 4203 XIII.
294 4153 336 4202 An
355 4153 498 4203 Satisfactio
518 4155 613 4204 Christi
632 4157 807 4220 restringenda
827 4158 861 4205 sit
880 4159 912 4206 ad
930 4159 1064 4208 Passiones
1076 4165 1102 4209 et
1121 4161 1222 4222 Poenas,

344 4233 407 4280 quas
427 4233 471 4279 pro
491 4218 562 4267 nobis
580 4219 724 4268 nuntiauit?
742 4224 784 4268 An
803 4237 862 4270 vero
880 4222 914 4270 sit
933 4223 1010 4270 etiam
1022 4224 1180 4273 extendenda
1190 4227 1223 4277 ad

344 4281 519 4329 obedientiam
531 4283 649 4342 activam,
663 4298 713 4344 qua
724 4285 818 4346 Legem
835 4286 862 4333 iu
880 4291 935 4334 tota
953 4287 1007 4335 vito.
1017 4287 1127 4351 perlecto
1138 4288 1224 4352 lmple

345 4345 402 4393 rit?
419 4344 493 4393 Prius
504 4344 586 4410 Nep.,·
604 4347 799 4406 Posteadfflrm.
899 4387 905 4398 .
1004 4388 1010 4400 .
1110 4388 1116 4398 .
1215 4356 1317 4402 ,391

523 4495 557 4528 DE
575 4495 686 4529 OBJECTO
703 4496 916 4532 SATISI'ACTIONIS.

220 4564 291 4614 XIV.
309 4567 348 4614 An
358 4565 473 4618 Christus
481 4585 527 4633 pro
535 4570 686 4620 omnibuset
695 4571 803 4634 singulis
812 4573 965 4623 Hominibus
977 4571 1154 4622 universaliter
1163 4585 1226 4618 mor·

348 4637 408 4680 tuus
419 4633 459 4694 sit,
471 4649 504 4682 an
516 4649 561 4698 pro
571 4633 668 4684 Electis
679 4638 800 4686 tantum?
817 4637 890 4686 liius
901 4637 982 4700 Ne9.,·
994 4635 1085 4683 Posrsr.
1097 4633 1191 4692 Affirm.
1216 4667 1223 4681 .
1273 4635 1321 4680 400
