3150 5206
230 361 288 418 1⁷8
672 367 763 409 eooes
778 365 976 408 nuonsemus.
1255 347 1384 429 [eumer.
1400 369 1430 413 v.

231 517 363 590 diversa3
380 513 458 589 Ergo
473 510 560 578 debet
582 528 645 568 esse
659 516 790 586 respectu
804 507 849 566 rei
865 505 1033 586 ripnefimtoe,
1049 523 1114 582 que
1135 507 1165 566 in
1179 507 1314 568 omnibus
1329 508 1431 568 Sacra-

231 593 337 656 mentis
349 590 450 653 eadem
464 608 576 668 semper
589 588 651 663 fuit,
666 587 736 648 nim.
751 587 883 646 Christus
896 605 962 644 cum
977 585 1037 647 suis
1050 584 1215 662 benefieiis3
1237 587 1269 645 in
1282 607 1340 664 quo
1355 587 1434 666 Typi

232 683 262 736 et
277 675 462 734 Sacramenta
474 689 532 730 non
545 669 641 730 minus
655 688 689 727 ee
708 666 913 745 promissiones
932 673 999 724 sunt
1013 663 1110 724 Etiam
1130 673 1159 725 ct
1173 663 1279 743 Amen,
1300 667 1341 726 id.
1355 669 1433 728 veri·

232 762 322 816 tatem
335 769 417 810 suam
430 757 459 809 et
473 750 713 826 complementum
731 746 869 804 obtinent.

215 845 218 850 '
284 830 396 890 XXII.
428 829 490 888 Nee
517 826 696 891 admittenda
720 825 863 902 Exceptio
888 821 1139 898 Adversariorum,
1163 823 1286 887 Veteres
1310 825 1434 884 eandem

234 931 329 972 escam
343 907 502 974 comedisse
515 907 590 966 iuter
604 926 643 982 se,
658 925 717 967 nen
730 923 799 962 vero
814 903 973 962 nobiseum.
1015 901 1090 977 Quia
1107 903 1162 975 hoc
1182 913 1325 981 repugnat
1346 923 1434 983 scopo

234 989 326 1066 Pauli,
342 987 393 1066 qui
406 996 451 1048 est
464 987 592 1046 conferre
606 986 729 1044 Veteres
743 1004 808 1043 cum
823 981 1001 1057 Christianis,
1023 989 1053 1040 et
1072 1001 1111 1040 ex
1131 983 1280 1060 exemphs,
1295 992 1357 1044 tum
1380 985 1432 1044 Sa·

235 1077 445 1130 crementorum
458 1061 487 1126 et
500 1065 704 1125 beneficiorum
717 1064 789 1140 ipsis
802 1062 980 1136 collatorum,
1000 1069 1062 1119 tum
1081 1069 1265 1138 peecatorum
1285 1072 1315 1124 et
1334 1083 1434 1139 poena·

235 1169 299 1209 rum
314 1146 520 1220 Israelitarnm,
534 1143 729 1221 argumentari
743 1142 780 1203 ad
794 1141 943 1219 paritatem
957 1159 1115 1216 poenarum,
1134 1141 1159 1198 si
1179 1141 1331 1218 paritatem
1346 1142 1435 1200 habe·
1495 1203 1502 1210 ,

235 1234 300 1288 rent
312 1232 502 1304 peccaterum.
532 1223 574 1282 At
590 1225 615 1281 l.
625 1223 680 1282 hee
691 1229 892 1298 argumentum
901 1219 1010 1279 nullius
1020 1228 1096 1278 esset
1104 1219 1247 1295 ponderis,
1259 1221 1284 1278 si
1295 1222 1435 1280 Israelita

235 1313 348 1367 tanmm
361 1304 436 1364 inter
449 1323 489 1378 se,
511 1311 541 1362 et
561 1322 619 1360 non
639 1301 788 1360 nobiseum
803 1298 1017 1373 conferrentur3
1040 1302 1067 1357 2.
1084 1299 1240 1376 Repugnat
1253 1300 1350 1360 verbis
1364 1300 1436 1377 ipsis

237 1385 330 1461 Pauli,
353 1383 458 1461 quibus
482 1383 567 1440 docet
586 1381 732 1444 Christum
753 1381 815 1456 jam
836 1386 897 1438 tum
918 1377 1073 1438 Veteribus
1094 1378 1263 1454 innotuisse,
1285 1379 1437 1456 quamsit

238 1465 361 1537 Petram,
376 1483 441 1541 quse
455 1481 505 1522 eos
525 1461 705 1536 sequebatur,
721 1458 809 1518 feisse
824 1457 977 1532 Christum,
998 1463 1028 1516 ct
1044 1457 1122 1534 ipsos
1144 1458 1288 1521 Christum
1309 1467 1436 1520 tentasse

237 1545 268 1602 in
280 1544 404 1618 deserto,
419 1561 448 1602 v.
460 1537 501 1618 '9;
524 1543 552 1600 3.
569 1541 689 1600 Frustra
710 1538 869 1615 Apostolus
881 1537 1047 1614 loqueretur
1067 1535 1103 1596 de
1117 1539 1274 1614 Baptiemo,
1290 1539 1315 1596 si
1336 1557 1435 1598 vemm

237 1643 296 1683 nen
309 1631 386 1682 esset
402 1623 586 1684 Sacramenta
600 1619 638 1678 V.
653 1627 683 1678 et
697 1617 734 1683 N.
745 1618 779 1676 Τ.
795 1618 896 1676 saltem
915 1615 1065 1693 analogice
1080 1626 1109 1677 et
1128 1617 1224 1694 quoad
1245 1619 1436 1678 substantiam

238 1703 326 1762 fuisse
340 1700 449 1762 eadem.

248 1834 269 1880 7.
279 1832 319 1878 Ex
329 1848 374 1878 usu
387 1833 465 1892 Legis.
532 1778 661 1838 XXIII·
674 1776 811 1856 sePiimOs
820 1775 893 1850 Quia
900 1775 1031 1852 Lexipse
1037 1776 1137 1848 Mosis,
1146 1776 1199 1835 sub
1205 1796 1263 1852 qua
1269 1775 1369 1835 Patres
1375 1775 1436 1835 fue-

492 1867 567 1932 runt,
574 1857 610 1916 de
619 1857 725 1916 foedere
735 1857 836 1934 gratias
845 1875 894 1914 eos
901 1854 1034 1930 erudivit,
1045 1864 1074 1914 et
1083 1854 1198 1914 adillud
1206 1855 1437 1932 amplectendum

238 1939 411 2016 praeparavit
424 1945 454 1995 et
468 1937 637 2011 stimulavit,
653 1936 731 2013 quod
745 1955 803 1994 non
817 1934 958 2012 potuisset
971 1933 1042 2008 fieri,
1065 1934 1121 1992 nisi
1142 1933 1236 1994 foedus
1257 1935 1357 2012 gratim
1374 1935 1437 2013 jam

238 2019 334 2077 locum
352 2015 509 2076 habuisset.
561 2016 633 2074 Ideo
653 2018 717 2074 Len
731 2014 836 2073 dicitur
851 2016 1026 2090 pedamen
1046 2016 1088 2072 ed
1107 2013 1257 2088 Cbm'stenr,
1276 2013 1372 2074 Galat.
1395 2013 1435 2073 iii.

239 2099 287 2170 24,
302 2104 333 2156 et
346 2095 478 2156 Christus
490 2093 557 2154 finis
573 2095 669 2171 Legis,
687 2094 770 2162 Rom.
785 2113 815 2152 x.
831 2095 858 2166 4,
874 2092 952 2168 quod
966 2112 1004 2150 ex
1017 2091 1110 2151 tribus
1124 2093 1188 2170 ejus
1206 2093 1337 2170 partibus
1352 2092 1436 2152 facile

240 2174 469 2249 demonstratur;
495 2176 520 2232 1.
537 2175 584 2232 Ex
599 2173 709 2247 nroroti,
725 2173 793 2249 quie
808 2172 908 2230 Patres
923 2171 1120 2230 convincendo
1133 2180 1315 2248 peccatomm
1327 2172 1360 2229 in
1382 2171 1436 2233 Le·

240 2272 305 2330 gem
315 2253 513 2328 admissorum,
525 2252 610 2310 Rom.
624 2253 665 2312 iii.
683 2253 728 2326 19,
739 2254 787 2325 20,
798 2259 828 2310 et
841 2250 907 2309 Gal.
922 2249 962 2308 iii.
980 2253 1025 2324 19,
1041 2259 1070 2310 et
1083 2259 1200 2328 prepter
1210 2271 1244 2314 ea
1257 2251 1438 2328 subjiciendo

240 2351 290 2390 eos
311 2331 507 2392 maledictioni
531 2331 644 2404 divinas,
668 2331 765 2390 Galat.
788 2330 828 2388 iii.
854 2332 900 2404 10,
924 2329 1069 2389 excitabat
1090 2339 1119 2388 et
1141 2330 1315 2390 stimulabat
1329 2349 1379 2389 eos
1400 2330 1437 2388 ed

240 2410 423 2487 querendam
451 2418 480 2469 et
511 2409 738 2486 amplectendum
770 2409 963 2484 expiationem
992 2418 1022 2467 ct
1047 2409 1161 2467 veniam
1192 2417 1375 2486 peccatorum
1407 2411 1438 2468 in

241 2489 362 2564 Christo,
380 2490 476 2549 Galat.
491 2489 531 2547 iii.
546 2493 604 2564 243
627 2493 654 2546 2.
672 2489 717 2546 Ex
723 2488 846 2562 sorerrei,
862 2495 1003 2562 quatenus
1023 2488 1217 2548 constituebat
1236 2488 1366 2565 politiam
1386 2508 1437 2565 po-

238 2569 301 2645 puli
322 2567 474 2628 Israelitiei
495 2586 585 2643 usque
606 2566 643 2624 ad
665 2566 818 2641 Christum,
841 2566 948 2625 Graues.
969 2565 1042 2624 xlix.
1066 2569 1112 2641 10,
1134 2575 1164 2625 et
1184 2575 1300 2642 gentem
1321 2587 1359 2625 ex
1380 2587 1439 2644 qna

240 2645 378 2706 oriundus
392 2654 452 2704 erat
467 2645 590 2704 Messias
604 2643 695 2704 veluti
716 2644 855 2723 impressa
874 2641 943 2703 notu
964 2645 1114 2722 signabst3
1136 2648 1164 2705 3.
1180 2647 1227 2704 Ex
1241 2647 1437 2720 caeremoniali,

239 2726 307 2802 quie
321 2725 498 2784 caeremoniae
513 2723 601 2800 Legis
615 2732 698 2783 erant
712 2724 774 2801 typi
796 2733 826 2783 et
847 2723 948 2800 figure
971 2725 1046 2784 Jesu
1069 2725 1176 2784 Christi
1189 2726 1314 2801 venturi,
1336 2726 1437 2784 adum·

239 2804 356 2864 brentes
371 2801 542 2862 sacrificium
556 2803 619 2879 ejus
632 2823 685 2880 pro
698 2803 832 2880 pcccatis,
848 2811 876 2862 et
891 2803 926 2862 de
940 2802 1034 2862 fructu
1059 2803 1138 2864 illius
1151 2804 1353 2863 confirmantes
1366 2803 1436 2863 fide-

239 2883 311 2944 lium
324 2890 444 2958 mentes,
460 2881 522 2942 Col.
536 2881 566 2940 ii.
583 2884 628 2956 17,
645 2882 722 2941 Heb.
736 2883 777 2941 ix.
791 2891 821 2942 et
834 2903 864 2940 x.
879 2880 1030 2958 capitibus.

547 2960 672 3020 XXIV.
693 2963 879 3038 Eneapetinm
893 2969 926 3020 nt
945 2969 1028 3020 senet
1044 2960 1203 3020 doctrinam
1218 2962 1318 3038 gratiae
1334 2962 1390 3020 Dei
1406 2963 1437 3020 iu

260 3025 350 3073 Fontes
361 3025 465 3074 ⁸⁰¹¹¹ll⁰·
501 3038 615 3099 Christo
625 3039 756 3100 bifariam
767 3049 929 3118 usurpetur,
939 3040 988 3098 vel
1009 3058 1061 3117 pro
1070 3041 1227 3117 Evangelio
1233 3041 1373 3116 memmae
1385 3061 1436 3100 seu

327 3099 393 3130 Μ’
500 3120 650 3196 inmari,
668 3120 715 3180 vel
735 3139 787 3197 pro
810 3123 989 3196 se’eyysmepf
1009 3139 1060 3178 seu
1080 3121 1238 3195 Evenqelio
1259 3123 1392 3195 cmnptetc
1413 3130 1439 3179 ct

241 3195 359 3256 etiem
369 3219 381 3268 ;
397 3195 489 3254 Priori
500 3217 586 3258 sensu
596 3199 650 3258 fuit
660 3199 690 3256 in
699 3199 800 3257 Veteri
810 3201 1002 3273 Testamenti),
1014 3198 1170 3258 Posteriori
1181 3206 1292 3257 tentum
1301 3199 1332 3256 in
1342 3199 1437 3274 Novo,

240 3281 270 3332 et
282 3274 338 3332 hoe
351 3283 485 3350 respectu
499 3275 603 3336 dieitur
616 3277 704 3334 luisse
723 3278 835 3336 tacitam
855 3276 1084 3353 precedentibus
1105 3277 1247 3352 aetatibus,
1269 3277 1354 3336 Rom.
1376 3279 1438 3336 xvi.

240 3353 289 3425 25,
304 3369 363 3408 non
386 3351 518 3411 absolute
542 3363 571 3411 et
586 3354 761 3429 simpliciter,
787 3354 928 3431 siquidem
950 3355 1059 3416 ibidem
1081 3356 1187 3428 dieitur
1214 3357 1386 3434 promissum
1410 3365 1439 3416 st

239 3427 413 3505 patefactum
436 3447 488 3504 per
510 3431 672 3507 Scripturas
691 3431 881 3508 propheticas,
905 3433 989 3492 Rom.
1011 3435 1030 3493 i.
1052 3439 1079 3508 2,
1102 3435 1154 3494 sed
1179 3435 1336 3494 seeundum
1357 3436 1438 3511 quid,

243 3510 269 3565 1.
285 3505 431 3582 Respectu
454 3509 615 3582 coqnin'onie
629 3509 776 3584 naternh's,
791 3509 859 3587 quia
881 3530 947 3568 cero
962 3519 991 3570 et
1013 3513 1131 3589 sanguis
1152 3514 1208 3572 hoc
1229 3535 1287 3574 non
1307 3515 1437 3588 revelat3

240 3588 268 3642 2.
284 3584 372 3659 Resp.
381 3587 617 3659 promulgationis
630 3587 705 3645 inter
718 3595 827 3664 gentes,
844 3589 913 3665 quia
927 3590 1007 3649 Deus
1028 3609 1076 3649 eas
1098 3593 1167 3650 sivit
1186 3593 1227 3651 ire
1241 3593 1298 3650 viis
1319 3593 1387 3668 suis,
1410 3601 1440 3652 et

239 3661 313 3719 nihil
326 3661 363 3720 de
378 3661 492 3720 Christo
510 3663 581 3740 ipsis
601 3665 754 3741 patefecit,
776 3669 804 3726 3.
820 3667 909 3744 Resp.
930 3671 1120 3744 complectenti
1138 3672 1213 3730 inter
1226 3671 1356 3747 Judecos,
1372 3672 1441 3748 quia

240 3759 299 3798 non
311 3739 440 3817 ipsorum
455 3743 640 3818 temporibus,
657 3744 709 3803 sed
721 3745 827 3804 uostris
842 3746 904 3821 ejus
918 3747 1158 3824 complementum
1172 3750 1340 3808 reservavit.
1373 3749 1438 3808 Non

240 3817 304 3878 vult
318 3837 387 3896 ergo
402 3817 562 3895 Apostolus
576 3821 769 3898 Evangelium
783 3823 867 3900 plene
881 3825 970 3884 fuisse
984 3827 1115 3903 ignotum
1128 3828 1159 3885 iu
1171 3828 1273 3887 Veteri
1286 3829 1375 3903 Test,
1387 3827 1439 3887 sed

240 3907 476 4036 iinffmtgeum
489 3898 553 3958 lece
568 3900 606 3959 N.
620 3901 708 3977 Test,
724 3921 781 3978 qua
794 3902 887 3962 multo
900 3904 1005 3964 elarius
1019 3913 1049 3964 et
1057 3905 1190 3983 pluribus
1204 3907 1290 3966 etiam
1304 3907 1438 3979 innotuit,

309 3998 371 4037 ‚uu
408 4021 415 4036 .

268 3997 389 4113 pXXV.
411 4055 503 4114 Aliud
517 4065 562 4115 est
570 4057 743 4132 principium
756 4060 914 4136 Evenqetii,
929 4070 1071 4137 quatenus
1085 4070 1167 4122 notat
1176 4063 1326 4122 historiam
1341 4064 1439 4122 Even-

240 4133 362 4210 gelicam
377 4134 413 4194 de
427 4135 586 4193 ministerio
605 4135 675 4195 Joh.
698 4137 783 4214 Bept.
806 4147 835 4197 et
858 4139 965 4199 Christi
988 4141 1148 4218 nativitate,
1174 4139 1239 4216 dte,
1262 4161 1320 4219 quo
1343 4161 1438 4218 sensu,

241 4211 333 4270 Marc.
348 4211 367 4270 i.
384 4216 410 4286 l,
425 4212 553 4290 loquitur
566 4214 602 4272 dc
617 4233 671 4288 eo;
705 4215 798 4275 Aliud
811 4216 982 4296 principium
1003 4218 1140 4287 doetrinae
1161 4219 1198 4278 de
1219 4221 1313 4298 gratia
1334 4221 1390 4280 Dei
1410 4221 1441 4280 in

241 4289 376 4365 Chriet03
399 4290 462 4364 Quo
477 4311 563 4351 sensu
577 4312 636 4350 non
649 4294 736 4370 eoepit
750 4295 864 4355 demum
880 4297 909 4354 in
924 4297 961 4355 N.
975 4298 1019 4372 T,
1042 4297 1094 4356 sed
1114 4298 1144 4356 in
1164 4299 1204 4358 V.
1215 4299 1249 4358 T.
1264 4320 1283 4358 a
1307 4299 1391 4359 Mose
1412 4309 1442 4362 et

238 4368 394 4506 ¹Prophetis
408 4369 585 4438 declaratum
599 4379 652 4446 est,
667 4380 700 4431 ut
712 4372 828 4450 ibidem,
845 4375 936 4435 Marc.
956 4376 975 4434 i.
990 4380 1017 4451 2,
1033 4379 1061 4450 3,
1077 4377 1250 4436 testimoniis
1260 4377 1442 4455 Prophetieis

241 4466 294 4505 eon
316 4455 433 4508 rmatur.

282 4525 407 4586 XXVI.
430 4527 526 4587 “Lex
554 4537 583 4586 et
605 4528 757 4606 Prophetae
778 4529 916 4591 durasse'’
945 4532 1080 4590 dicuntur
1116 4535 1134 4567 “
1148 4553 1240 4611 usque
1263 4535 1300 4593 ad
1328 4535 1440 4595 Jobau-

241 4608 333 4679 uem,''
355 4605 439 4664 Meet.
462 4607 502 4664 xi.
527 4609 572 4681 13,
588 4607 684 4684 quoad
705 4612 816 4668 modam
830 4609 1049 4686 dispensationis,
1065 4630 1122 4670 uon
1144 4615 1240 4690 quood
1259 4615 1442 4674 substantiam
