3108 5198
139 876 335 972 LOCUS
386 867 889 970 UNDECIMUS.-DE
939 877 1092 972 LEGE
1143 878 1261 969 DEI.

580 1183 805 1193 ——--—-—..

516 1383 710 1459 Qumsrro
743 1385 889 1445 PRIMA.

137 1545 180 1602 Ar
193 1547 278 1603 dcmr
291 1544 359 1601 Lex
372 1546 504 1620 quoedom
517 1545 678 1619 Naturalis,
694 1554 721 1603 et
733 1547 872 1622 quontodo
885 1565 905 1604 a
918 1545 994 1621 Lope
1007 1539 1120 1603 Murali
1131 1543 1265 1618 differm!

513 1623 560 1683 Pr.
576 1623 668 1701 Affir,
686 1625 796 1685 Poster.
813 1624 889 1684 Dist.

114 1845 123 1861 ,
185 1849 190 1862 ,
400 1782 425 1841 I.
441 1782 484 1842 Ut
499 1783 639 1842 Doctrina
649 1783 686 1842 de
698 1783 778 1862 Lege
789 1784 855 1858 Dei,
870 1781 906 1842 de
921 1801 978 1859 quc
992 1781 1139 1858 disputare
1152 1797 1305 1838 nunecum

103 1845 229 1950 tetgerum
238 1849 341 1944 TW
362 1863 439 1921 bono
465 1863 528 1922 Deo
550 1863 744 1941 aggredimur,
770 1863 808 1922 ed
828 1861 1009 1938 Theologum
1029 1860 1143 1938 proprie
1163 1859 1305 1936 pertinet:

141 1908 327 1968 renudenege.
361 1943 408 2002 Its
429 1943 617 2022 multiplicem
629 1945 659 2001 in
673 1943 834 2020 Tbeologie
853 1961 938 2001 usum
960 1941 1080 2000 obtinet.
1134 1942 1160 1997 1,
1182 1939 1232 1996 Ad
1242 1939 1306 1996 vitre

103 2019 280 2096 domenum
304 2031 341 2082 nt
362 2021 489 2099 perfecte
512 2023 596 2083 duris
619 2023 675 2082 Dei
697 2024 728 2080 in
752 2023 918 2097 Hominem,
941 2029 971 2080 et
984 2020 1070 2080 officii
1086 2018 1222 2078 Hominis
1236 2037 1306 2094 erge

105 2097 189 2158 Deum
203 2103 316 2179 regulo.
362 2105 390 2161 2.
405 2103 455 2162 Ad
461 2105 574 2179 peccati
585 2103 774 2180 comitiorum,
791 2103 1057 2180 quieutpeccstum
1072 2107 1116 2159 est
1130 2099 1229 2176 αἰομία,
1246 2119 1304 2156 non

103 2178 208 2239 abunde
221 2183 333 2242 certius
349 2202 437 2260 quem
457 2203 495 2242 ex
510 2183 589 2260 Lege
603 2184 711 2243 veritos
724 2192 754 2243 et
774 2184 903 2262 gravitas
917 2183 980 2260 ejus
1000 2189 1096 2260 potest
1118 2177 1303 2258 deprehendi,

104 2257 179 2318 Rom.
199 2261 239 2322 iii.
254 2265 304 2322 20.
351 2265 379 2322 3.
401 2262 452 2320 Ad
467 2265 710 2340 properationem
723 2265 766 2323 od
779 2263 920 2340 Gratiam,
941 2270 973 2321 ut
987 2281 1024 2321 ex
1044 2261 1156 2340 peccati
1176 2268 1205 2318 et
1219 2259 1303 2316 mise-

102 2337 147 2396 rie
166 2341 288 2402 hominis
309 2342 516 2420 declaratione,
539 2343 648 2403 Gratius
670 2343 803 2404 solutoris
825 2344 982 2404 necessitas
1005 2340 1157 2420 operietur,
1182 2347 1211 2398 et
1230 2335 1304 2396 desi-

103 2418 289 2560 deriuffijm
312 2424 347 2481 in
372 2423 456 2482 nobis
477 2423 627 2499 excitetur,
642 2443 700 2502 quo
715 2443 802 2484 sensu
815 2433 936 2484 vocetur
949 2425 1126 2500 Pccdoqopue
1146 2422 1188 2479 od
1208 2417 1304 2478 Odru-

107 2507 160 2556 tnm
237 2503 300 2563 .iii.
317 2505 370 2562 24.

161 2543 180 2646 ⁷.
399 2583 441 2640 ΙΙ.
458 2584 523 2642 Leo
535 2601 606 2642 vero
620 2583 754 2644 Hebraeis
768 2583 874 2644 dicitur
886 2601 956 2658 usu,
971 2601 989 2641 e
1002 2581 1102 2641 Verbo
1114 2597 1167 2657 une,
1183 2577 1261 2656 quod
1274 2577 1305 2636 in

126 2629 191 2693 ΙΨ
200 2633 317 2694 Etymon.
359 2661 463 2740 Hiphil
477 2666 577 2722 docere
587 2664 739 2741 significet,
755 2664 823 2741 quie
873 2661 980 2722 rillnm
992 2662 1028 2721 de
1039 2661 1193 2721 officiosuo
1205 2677 1306 2716 omnes
1340 2717 1348 2724 ,

104 2749 262 2819 monentur3
286 2742 404 2803 Graecis
422 2742 498 2819 ripas,
523 2743 576 2802 siri
600 2751 644 2803 rot
668 2744 745 2820 viper,
769 2762 808 2820 qn
868 2751 929 2802 tum
943 2761 1049 2822 repere,
1065 2749 1126 2801 tum
1140 2740 1305 2800 dr'strrbuerc

104 2827 184 2895 nobi,
197 2822 265 2900 quie
275 2824 369 2900 juxte
382 2823 445 2900 ejus
460 2823 657 2900 prescriptum
679 2825 810 2883 homines
831 2823 894 2902 regi
919 2822 1033 2897 debent,
1050 2830 1079 2880 et
1101 2822 1204 2898 cuique
1227 2815 1306 2896 quod

104 2915 176 2958 suum
196 2911 240 2962 eet
253 2902 414 2978 tribuitur;
437 2903 559 2976 Latinis,
579 2903 637 2962 Vel
658 2923 676 2962 e
699 2907 815 2980 leyendo
836 2902 997 2976 deducitur,
1019 2909 1052 2960 ut
1075 2903 1163 2959 Iside.
1178 2900 1251 2970 vult,
1273 2898 1304 2955 li.

103 2975 128 3035 ii.
140 2999 163 3038 c.
179 2985 223 3056 10,
238 2983 325 3061 quod
345 2982 518 3042 observante
539 2984 686 3059 Cicerone,
709 2983 760 3042 lib.
775 2984 794 3041 i.
810 2982 846 3041 de
862 2981 999 3058 Legibus,
1021 2980 1081 3056 legi
1102 2980 1194 3038 soleet
1215 2995 1304 3052 quum

104 3055 189 3135 fertur,
209 3071 242 3121 ut
262 3061 405 3122 omuibus
428 3063 598 3140 innotescet,
623 3065 671 3122 vel
695 3063 726 3120 in
749 3061 873 3140 publicis
895 3059 1003 3120 tubulis
1022 3055 1148 3136 legende
1173 3062 1303 3135 prestet,

104 3134 154 3196 Vel
166 3151 310 3218 quotenus
325 3145 417 3219 tepere
429 3143 547 3220 ponitur
555 3161 608 3221 pro
616 3143 746 3220 delr'pere,
762 3141 831 3219 quie
844 3142 874 3198 in
888 3159 923 3198 ee
936 3139 1066 3199 delectus
1074 3139 1196 3198 hebetur
1209 3153 1304 3194 rerum

104 3219 269 3292 agendarum
282 3231 320 3284 ct
332 3222 551 3300 fugiendarum
573 3223 630 3282 Vel
647 3223 772 3301 deniqne
786 3241 804 3280 e
816 3223 939 3298 lipando,
954 3227 987 3279 ut
1001 3219 1066 3278 vult
1081 3221 1209 3294 Horres,
1227 3220 1253 3275 1.
1271 3219 1305 3274 1·

106 3295 134 3368 Q·
148 3300 191 3376 90,
206 3303 272 3362 Art.
290 3308 322 3378 1,
336 3311 374 3362 et
392 3303 520 3380 plerique
542 3303 714 3363 Scholastici
733 3311 800 3381 post
818 3302 922 3379 ipsum,
942 3299 1021 3378 quod
1040 3300 1173 3359 homines
1186 3298 1304 3357 vinculo

105 3378 216 3452 quodem
230 3383 307 3461 liget
320 3391 350 3441 ct
360 3382 531 3460 obstringet.
567 3383 631 3458 Quo
645 3385 788 3460 pertinere
802 3390 906 3460 potest,
919 3380 998 3458 qnod
1008 3383 1097 3457 ches
1110 3380 1140 3438 in
1157 3380 1305 3456 Scriptura

105 3474 155 3516 nou
167 3479 229 3520 raro
242 3471 389 3522 vocentur
401 3463 521 3538 ributio,
538 3463 645 3522 Pselm.
660 3463 690 3522 ii.
706 3467 743 3540 33
766 3463 875 3523 Jerem.
890 3479 919 3520 r.
935 3463 963 3520 ὅ.

147 3604 152 3614 ,
400 3542 460 3602 III.
484 3543 687 3602 Diversimode
711 3551 807 3602 cutem
822 3541 945 3601 sumitur
958 3540 988 3598 in
1004 3539 1160 3617 Scriptum,
1175 3539 1224 3598 vel
1248 3541 1304 3598 iate

126 3601 180 3660 ΕΜ
193 3605 324 3710 flami·
357 3641 411 3699 pro
423 3623 560 3683 universo
576 3623 633 3682 Dei
646 3623 754 3698 Verbo,
770 3622 848 3681 Psel.
860 3622 879 3680 i.
894 3626 922 3697 2,
937 3629 967 3681 ct
980 3621 1043 3680 xix.
1058 3625 1086 3695 7,
1101 3623 1129 3695 8,
1151 3619 1238 3678 modo
1251 3637 1304 3696 pro

242 3697 249 3708 ⁸
360 3703 495 3762 omnibus
516 3703 613 3762 Libris
627 3703 666 3762 V.
681 3703 725 3778 T,
751 3702 821 3763 Joh.
841 3723 871 3760 x.
887 3705 935 3776 34,
960 3705 974 3758 1
992 3701 1057 3760 Gor.
1072 3701 1132 3760 xiv.
1148 3703 1195 3776 21,
1218 3698 1305 3757 modo

106 3791 151 3848 pro
164 3777 230 3836 eolis
244 3779 345 3840 Libris
360 3781 453 3842 Moris
476 3803 527 3842 seu
551 3783 747 3843 Pentateucho
769 3781 904 3841 distinete
928 3801 946 3839 e
960 3779 1084 3840 Psalmis
1098 3788 1127 3839 ct
1141 3777 1303 3854 Prophetis,

108 3851 169 3912 Luc.
183 3858 263 3917 xxiv.
279 3862 339 3934 44,
363 3861 447 3921 Rom.
461 3863 502 3922 iii.
517 3865 576 3940 213
602 3863 659 3922 Vel
672 3864 765 3922 stricte
784 3881 837 3940 pro
856 3862 1070 3940 dispensetione
1091 3860 1231 3933 Moseice,
1254 3877 1304 3934 op-

106 3933 298 4006 periturove
321 3940 410 4014 Test,
433 3942 510 4002 ch.
533 3943 584 4001 vii.
609 3945 654 4018 12,
677 3944 747 4004 Joh.
771 3942 792 4002 i.
816 3945 872 4018 17,
901 3941 956 4000 Vei
980 3961 1033 4018 pro
1055 3938 1162 3999 foedere
1186 3955 1305 4015 operum

107 4015 223 4092 precise,
245 4019 486 4081 contrudistincte
507 4022 546 4081 ed
566 4021 660 4082 foedus
679 4022 789 4100 gretie,
813 4023 869 4080 Ro.
883 4022 922 4079 ri.
940 4024 996 4097 14;
1019 4018 1077 4078 Vel
1089 4037 1142 4096 pro
1164 4019 1182 4051 “
1197 4019 1307 4078 Norme

109 4089 293 4156 faciendorum
308 4107 339 4158 ct
353 4097 564 4179 fugiendorum,
579 4121 667 4180 quem
681 4102 819 4161 creaturis
833 4101 1022 4160 retionelibus
1036 4099 1210 4176 prescripsit
1225 4096 1306 4158 Deus

109 4170 158 4230 sub
166 4177 347 4250 premiorum
358 4189 389 4239 ct
401 4201 551 4260 poenerum
566 4183 742 4259 sanctione,”
758 4201 816 4259 quo
831 4199 917 4242 seusu
931 4180 979 4240 hic
992 4181 1136 4258 precipue
1151 4187 1305 4258 spectetur.

111 4285 340 4343 o
662 4259 1306 4418 resurrecturum

136 4418 191 4454 Μ·
365 4425 505 4500 merwale,
518 4422 597 4500 quod
611 4423 641 4481 in
650 4431 753 4482 nature
765 4422 829 4499 ipse
844 4421 900 4480 Dei
911 4420 1073 4499 justissime
1086 4427 1116 4477 ct
1127 4417 1307 4475 sanctissime

112 4489 254 4582 ftssdfltuu
275 4501 400 4562 uterum
409 4504 569 4578 potitiorum,
584 4503 663 4581 quod
677 4523 694 4561 e
709 4503 771 4562 sole
786 4503 841 4561 Dei
855 4501 1005 4561 voluntate
1020 4497 1134 4576 pendet,
1157 4505 1187 4553 et
1201 4495 1230 4552 in
1249 4511 1307 4568 quo

113 4569 262 4638 libertatem
276 4601 358 4641 suem
373 4583 519 4643 ostendit:
542 4583 589 4643 Ite
602 4585 667 4642 Lex
681 4583 736 4641 Dei
747 4582 879 4660 quaedem
889 4581 975 4640 detur
983 4578 1113 4655 positivo,
1129 4593 1193 4650 quae
1207 4573 1309 4631 nititur

114 4648 177 4712 dure
190 4656 245 4718 Dei
258 4659 351 4722 libero
373 4670 403 4721 ct
417 4663 553 4740 positivo,
578 4664 661 4742 cujus
685 4671 817 4740 respectu
840 4681 886 4721 ree
909 4660 1024 4719 demum
1038 4656 1121 4714 boue
1143 4661 1218 4727 sunt,
1241 4652 1310 4728 quie

186 4753 258 4797 esne
272 4759 303 4800 u.
