3192 5206
184 416 299 466 onerer.
315 395 371 477 tn]
555 415 594 455 nu
608 415 725 458 orrrcro
740 417 857 456 cnursrr
873 417 1068 458 nunrsroruo.
1336 406 1395 464 343

183 558 254 618 colae
272 559 393 618 Sanctae
407 554 543 634 imperiis,
558 556 687 632 urbibus,
716 557 835 624 artibus,
858 559 975 634 morbis,
1003 558 1172 636 praeficiunt,
1201 568 1231 619 et
1254 569 1391 640 tanquam

181 649 328 716 patronos,
345 646 374 697 et
388 636 457 696 daos
471 636 609 695 tutelares
623 637 661 695 ad
675 655 748 714 qnos
762 637 884 696 subinde
899 639 1074 716 confugiant,
1087 639 1240 698 asciscunt.

489 714 584 775 XIII.
607 716 636 774 A
657 718 846 776 communione
866 720 1043 794 Sanctorum,
1058 718 1096 777 ad
1117 721 1391 782 communicationem

448 795 601 867 officiorum
622 796 697 855 inter
720 816 778 872 eos,
800 817 858 856 non
880 798 959 857 valet
980 791 1195 876 consequentia.
1239 800 1338 860 Sancti
1359 803 1390 860 in

447 875 551 935 coelum
566 876 694 952 admissi,
710 879 939 936 communionem
954 879 1070 954 quidem
1085 878 1193 938 habent
1206 898 1272 938 cum
1286 881 1387 940 viven-

179 953 266 1029 tibus,
282 961 425 1032 qnatenua
439 963 507 1014 sunt
520 955 651 1033 ejusdem
663 957 797 1034 Corporis
810 958 926 1034 mystici
937 959 1074 1017 membra.
1098 958 1157 1018 Sed
1167 979 1225 1018 non
1236 970 1389 1037 propterca

179 1034 264 1093 datur
275 1033 432 1094 officiomnr
447 1035 676 1112 communicatio,
693 1055 821 1095 cnmnec
830 1037 874 1095 illi
883 1038 1103 1098 necessitatibus
1121 1039 1229 1098 nostris
1243 1039 1386 1118 intersint,

178 1133 232 1172 nec
257 1113 447 1190 cogitationes
475 1123 589 1174 nostras
603 1135 636 1174 ac
650 1135 751 1192 preces
774 1116 873 1176 audire
893 1125 922 1177 et
936 1118 1074 1177 exaudire
1089 1118 1210 1195 possint,
1226 1139 1280 1177 neo
1294 1121 1387 1179 ullum

177 1193 335 1252 habeamus
359 1194 484 1271 amplius
508 1214 574 1253 cum
587 1195 647 1253 illis
661 1197 872 1272 commercium,
888 1199 971 1276 cujus
981 1197 1121 1258 beneficio
1133 1218 1232 1257 eorum
1247 1199 1387 1278 suffragia

113 1311 125 1330 .
182 1272 335 1349 implorare
354 1292 503 1350 queamus.

219 1352 308 1410 XIV.
332 1353 399 1410 Non
412 1354 576 1431 quicunque
590 1361 653 1414 orat
668 1355 763 1413 Deum
772 1375 825 1432 pro
835 1355 928 1432 nobis,
944 1355 970 1415 is
984 1355 1081 1416 statim
1095 1365 1141 1416 est
1151 1357 1298 1418 Mediator
1308 1358 1386 1436 apud

179 1431 273 1491 Deum
290 1454 297 1507 ;
319 1432 391 1490 aliae
418 1441 462 1492 tot
482 1433 653 1493 haberemus
680 1435 887 1520 propemodum
907 1436 1093 1512 Mediatores,
1116 1445 1187 1514 quot
1214 1437 1336 1497 fratres:
1357 1447 1388 1498 et

178 1531 243 1571 cnm
267 1511 416 1588 Scriptura
436 1513 595 1590 saepissime
615 1521 730 1573 mutuas
750 1513 900 1575 hominum
920 1535 1021 1594 preces
1041 1525 1267 1592 commemoret;
1289 1525 1386 1577 tamen

178 1611 325 1669 nunquam
345 1591 430 1652 docet
454 1592 584 1652 homines
599 1592 775 1653 Mediatores
794 1614 858 1654 esse
872 1595 949 1672 apud
964 1596 1068 1655 Deum.
1111 1596 1142 1654 Is
1156 1615 1226 1673 ergo
1241 1597 1387 1656 Mediator

179 1670 327 1747 dicendus,
340 1671 432 1748 primo
447 1673 498 1750 qni
511 1691 570 1732 non
583 1680 696 1732 tanturn
710 1682 773 1733 orat
786 1673 817 1731 in
831 1695 945 1752 genere,
962 1675 1013 1734 sed
1027 1683 1057 1733 et
1069 1695 1122 1752 pro
1136 1675 1268 1752 singulis,
1284 1696 1385 1736 secun-

183 1749 221 1809 do
235 1751 362 1827 quierat
376 1771 413 1810 ex
427 1751 458 1809 vi
472 1753 639 1812 meritorum
648 1771 774 1828 suorum,
789 1754 930 1831 nobisque
955 1755 1090 1832 impetrat
1107 1755 1305 1814 remissionem
1319 1776 1386 1834 pec·

179 1838 307 1888 catorum
322 1841 351 1889 et
362 1831 484 1890 salutem
499 1854 506 1908 3
536 1831 621 1906 Quod
635 1831 671 1891 de
687 1833 748 1892 solo
764 1833 878 1893 Christo
889 1834 946 1892 dici
960 1843 1064 1911 potest

221 1909 293 1968 XV.
319 1909 410 1968 Aliud
424 1919 468 1970 ast
496 1911 609 1970 Mosam
624 1921 653 1970 et
679 1912 843 1972 Samuelem
857 1914 990 1972 viventes
1004 1932 1085 1972 orare
1099 1913 1277 1992 propopu10,
1293 1913 1386 1974 Aliud

179 1988 295 2047 eosdem
316 1988 467 2049 defunctos
480 1992 536 2049 hoc
550 1991 643 2050 officio
657 2011 709 2068 pro
724 1992 787 2069 ipso
802 1993 930 2070 debrugi.
952 1992 1015 2052 Jer.
1030 2013 1080 2051 ιιι.
1098 1997 1124 2067 1,
1139 2013 1198 2051 nou
1211 2003 1386 2071 provocatur

178 2068 216 2126 ad
229 2068 463 2128 intercessionem
477 2069 676 2130 defunctorum
692 2093 699 2148 ;
726 2071 778 2130 sed
791 2072 977 2149 hypothetice
992 2071 1153 2132 ostenditur
1166 2073 1307 2132 inutilitas
1322 2093 1385 2133 ora·

175 2148 286 2206 tionum
303 2148 439 2225 ipsomm,
455 2150 480 2207 si
494 2149 588 2209 adbuc
602 2159 700 2210 essent
713 2151 743 2208 in
757 2151 843 2229 vivis,
859 2161 888 2212 et
906 2160 1091 2230 precarentur
1104 2171 1156 2228 pro
1170 2153 1286 2230 populo,
1301 2161 1335 2212 ιιι
1348 2153 1385 2212 ab

178 2227 249 2306 ipsis
262 2247 321 2286 non
344 2229 433 2288 semel
451 2229 559 2288 factum
580 2229 689 2305 fuerat;
714 2232 733 2264 ‘⁴
746 2230 778 2290 Si
791 2240 902 2291 starent
924 2251 1018 2291 coram
1038 2251 1085 2290 me
1100 2231 1199 2290 Moses
1213 2241 1243 2290 et
1258 2233 1384 2308 Samuel,

175 2315 205 2365 et
219 2315 333 2366 omnent
346 2327 398 2385 pro
412 2309 528 2386 populo,
543 2309 712 2368 animamca
725 2331 784 2368 non
798 2311 852 2371 erit
866 2311 904 2370 ad
917 2311 1056 2389 populum
1069 2311 1190 2370 istum:'’
1215 2331 1317 2371 sensns
1332 2321 1385 2388 eat,

178 2385 209 2445 Si
224 2387 323 2446 Moses
337 2397 366 2446 et
382 2387 500 2448 Samuel
523 2389 617 2448 adhuc
632 2398 729 2449 essent
743 2391 920 2468 superstites,
936 2399 965 2450 et
978 2411 1031 2469 pro
1044 2392 1100 2450 hoe
1114 2390 1222 2468 populo
1237 2392 1380 2469 supplica·

177 2476 251 2542 rent,
265 2466 338 2524 nihil
353 2466 504 2527 effecturos
519 2487 572 2526 sua
585 2469 790 2529 intercessione
804 2479 837 2530 ut
850 2471 919 2530 olim
934 2471 1121 2548 placaverant
1137 2470 1231 2529 Deum
1246 2471 1306 2530 suis
1320 2492 1382 2549 pra·

177 2546 268 2619 cibus,
285 2546 380 2606 Exod.
405 2549 498 2607 xxxii.
516 2551 592 2624 14,1
611 2549 687 2607 Sam.
709 2549 760 2608 vii.
786 2553 813 2609 9.
856 2551 956 2610 Innuit
970 2571 1040 2628 ergo
1055 2551 1176 2610 salutern
1188 2549 1271 2610 istius
1285 2551 1386 2630 populi

175 2643 239 2684 ease
248 2625 437 2703 desperatam,
447 2635 476 2687 et
487 2627 608 2687 exitium
620 2629 684 2705 ejus
693 2637 802 2688 certum
811 2637 841 2688 et
849 2629 1080 2690 determinatum.
1101 2629 1214 2689 Confer.
1227 2631 1313 2689 Ezec.
1323 2631 1384 2690 xiv.

179 2707 226 2780 13,
254 2708 300 2780 14,
325 2706 392 2765 “Et
414 2707 438 2765 si
462 2707 569 2767 luerint
587 2716 646 2766 tres
661 2708 716 2766 viri
730 2709 779 2768 isti
792 2710 823 2767 iu
846 2709 942 2769 medio
956 2711 1029 2788 ejus,
1045 2709 1117 2784 Noe,
1134 2709 1248 2784 Daniel,
1264 2717 1294 2768 et
1313 2710 1384 2786 Job,

175 2784 232 2862 ipsi
241 2785 357 2862 justitia
375 2805 427 2845 sua
440 2786 606 2846 liberabunt
618 2787 729 2846 animas
757 2807 825 2848 suas
839 2789 867 2865 ;”
897 2789 944 2848 Ita
954 2789 1001 2848 hic
1023 2789 1126 2865 agitur,
1142 2807 1201 2846 uon
1215 2788 1251 2847 de
1266 2788 1385 2849 defunc·

175 2873 271 2924 torum
281 2865 423 2941 precibus,
440 2866 491 2925 scd
501 2867 644 2942 vivorum,
660 2867 686 2927 si
699 2867 825 2927 redirent
838 2868 876 2928 ad
890 2869 1037 2947 populum.

219 2943 309 3003 XVI.
332 2943 416 3018 Quod
427 2945 463 3004 de
469 2945 587 3004 citharis
593 2954 623 3005 et
630 2947 736 3024 phialis
744 2947 968 3007 aureisinmanu
977 2947 1082 3025 viginti
1089 2954 1213 3025 quatuor
1224 2946 1384 3021 Saniorum,

178 3023 302 3102 Apocv.
310 3025 337 3099 8,
349 3027 376 3098 9,
386 3023 499 3100 dicitur,
512 3045 571 3083 non
577 3025 656 3086 lavet
661 3026 859 3086 intercessioni
867 3027 1047 3086 Sanctorum.
1055 3025 1129 3100 Quia
1135 3026 1160 3083 si
1166 3025 1203 3085 ad
1209 3033 1324 3086 sanctos
1334 3026 1385 3086 de-

177 3103 292 3162 functos
315 3104 371 3161 hoc
397 3103 545 3179 referatur,
561 3125 619 3164 uon
633 3105 808 3183 significabit
821 3125 929 3184 preces,
945 3125 1018 3184 quas
1032 3105 1088 3184 ipsi
1102 3124 1153 3183 pro
1164 3105 1242 3163 vivis
1253 3105 1383 3182 offerant,

178 3182 231 3241 aed
248 3185 290 3244 riv
303 3185 398 3248 desub
410 3181 563 3260 latrantes,
579 3193 612 3244 ut
630 3185 746 3262 Aretes,
762 3193 791 3245 et
800 3184 935 3245 Andreas
950 3185 1134 3245 Caesariensis
1145 3184 1309 3261 observant,
1326 3185 1382 3244 Dei

178 3261 289 3322 scilicet
311 3261 413 3322 laudes
427 3272 458 3323 et
471 3263 583 3323 suffitus
605 3265 762 3342 gratiarum
777 3265 907 3341 aetionis,
922 3285 996 3343 quos
1020 3263 1157 3324 contiuuo
1172 3265 1236 3323 Deo
1250 3263 1382 3341 offerunt,

177 3341 256 3418 quod
271 3342 368 3400 statim
382 3343 537 3420 exponitur
546 3363 607 3403 ver.
623 3363 683 3422 seq.
694 3365 746 3422 per
758 3345 905 3406 Cenabum
917 3365 1026 3404 nonam
1043 3343 1090 3403 Ita
1100 3343 1178 3420 qnod
1188 3343 1383 3422 diciturphia-

177 3420 222 3478 las
231 3421 303 3480 istas
312 3440 413 3481 aureas
422 3423 523 3500 plenas
532 3423 690 3500 suffituum,
705 3424 794 3484 fnisse
803 3425 1088 3502 precesSanctornm,
1100 3425 1129 3481 ai
1139 3429 1194 3482 aar»
1203 3425 1231 3482 ai
1244 3430 1385 3504 agmoxat

175 3503 222 3558 τόι
230 3501 307 3572 ἅγιαι
315 3521 378 3578 pstea
387 3511 458 3577 sunt,
469 3502 508 3562 id.
518 3502 677 3580 symbolice
688 3503 850 3582 designant,
855 3525 955 3581 preces
962 3505 1140 3580 Sanctorum,
1147 3503 1263 3563 illorum
1273 3505 1384 3564 scilicet

177 3581 227 3658 qui
242 3581 367 3640 citharas
381 3590 411 3640 et
423 3582 536 3659 phialas
549 3601 651 3641 aureas
664 3583 818 3658 habebant,
833 3585 882 3644 vel
896 3583 1044 3642 indefinite
1060 3583 1231 3644 Sanctorum
1245 3584 1383 3659 omnium,

176 3677 298 3736 quornm
312 3679 412 3738 preces
424 3661 521 3721 suffitu
535 3661 745 3722 describuntur.
782 3663 814 3722 Si
828 3683 897 3723 vero
906 3663 1052 3723 adlaudes
1063 3671 1092 3722 et
1102 3683 1202 3740 preces
1222 3662 1384 3723 virentium

180 3739 352 3799 Sanctorum
366 3740 495 3816 refertur,
511 3748 544 3799 nt
557 3741 743 3801 verisimilius
758 3750 810 3818 est,
826 3761 879 3802 nec
890 3743 1030 3803 diffitetur
1040 3742 1150 3818 Estins,
1165 3743 1238 3801 nihil
1251 3743 1318 3802 inde
1332 3763 1384 3820 pro

177 3817 376 3878 defunctorum
405 3821 583 3880 orationibus
596 3821 735 3880 elicIctur.
778 3823 825 3882 Ita
838 3823 949 3882 scilicet
962 3823 1134 3882 describitur
1148 3823 1243 3880 cultus
1257 3841 1383 3898 evange·

178 3897 252 3955 licus
278 3898 397 3958 landmn
422 3907 450 3959 et
469 3919 595 3979 precum,
611 3901 762 3960 vocibusa
783 3901 863 3961 cultu
876 3902 965 3980 legali
980 3900 1148 3978 desumptis,
1160 3908 1193 3960 ιιι
1207 3900 1324 3958 citharae
1338 3901 1380 3959 in·

179 3983 338 4036 strumenta
363 3977 483 4038 laudum
506 3980 617 4055 laudes,
632 3988 662 4038 et
685 3981 790 4058 phialae
804 4001 898 4041 aurea
911 4001 1012 4059 preces
1025 3979 1155 4039 fidelium
1181 3979 1212 4036 in
1226 3978 1313 4036 corde
1326 3978 1382 4039 fids

178 4053 329 4130 purificato
343 4056 455 4118 oblatas
465 4067 575 4119 notent.
616 4058 665 4119 Sic
679 4061 835 4120 ostendunt
849 4082 880 4120 se
891 4081 955 4121 esse
969 4079 1037 4118 vere
1053 4059 1150 4134 Reges
1165 4067 1194 4116 et
1208 4057 1381 4134 sacerdotes,

179 4132 326 4272 utrdlictrpnt
335 4144 445 4214 postea,
459 4157 544 4216 reges
558 4139 635 4198 enim
649 4139 767 4199 cithara
780 4140 892 4217 decent,
915 4149 947 4201 ut
963 4137 1115 4211 Davidem,
1130 4137 1235 4213 phiala
1250 4157 1319 4195 vero
1334 4157 1378 4196 sa·

181 4231 214 4271 ce
250 4233 268 4270 o
298 4233 321 4272 s.

210 779 302 824 Fontes
328 777 399 822 Solu·

258 837 361 882 donum.

220 4291 329 4352 XVII.
352 4293 435 4354 Licet
448 4297 526 4374 apud
540 4297 638 4376 Reges
651 4305 780 4358 terrenos
792 4299 918 4358 Parariis
932 4307 961 4358 et
976 4294 1186 4356 Mediatoribns
1200 4315 1273 4372 opus
1287 4295 1333 4370 sit,
1348 4305 1383 4356 ut

177 4370 216 4430 ad
230 4371 357 4450 ipsorum
371 4393 425 4433 con
494 4385 556 4436 tum
570 4377 773 4454 admittamur;
795 4399 854 4437 non
874 4378 974 4438 eadem
994 4384 1039 4435 est
1051 4374 1125 4434 ratio
1140 4375 1231 4452 Regis
1245 4374 1380 4451 coelestis,

177 4451 229 4530 qui
242 4452 408 4512 immediate
473 4475 504 4515 se
517 4475 571 4515 nos
584 4465 679 4532 vocat,
694 4477 748 4517 nee
768 4477 896 4537 nuquam
917 4458 954 4517 ad
977 4457 1099 4517 Sanctos
1115 4463 1266 4532 propterea
1279 4453 1381 4514 fideles

177 4531 297 4590 dimisit.
341 4533 373 4592 si
388 4533 454 4592 Rex
473 4543 604 4596 terrenus
625 4536 757 4597 subditos
777 4539 815 4596 ad
836 4558 866 4598 se
888 4537 995 4597 directe
1012 4542 1154 4612 evocaret,
1170 4535 1235 4612 quis
1248 4533 1338 4593 libere
1353 4542 1382 4594 et

176 4631 244 4670 enm
257 4610 365 4671 fiducia
379 4611 495 4672 adeum
509 4635 568 4674 non
581 4617 755 4676 accederet?
775 4618 841 4695 quis
861 4617 952 4676 vellet
972 4616 1095 4677 Aulicos
1109 4624 1245 4693 patronos
1260 4614 1316 4674 sibi
1329 4614 1380 4673 eli-

176 4711 254 4768 gere,
270 4692 322 4770 qui
336 4692 374 4751 ad
387 4693 483 4771 ipsum
497 4694 607 4755 aditum
621 4695 773 4756 iacerent?
