3202 5194
223 334 281 394 130
666 353 759 396 noces
772 351 952 396 musanus.
1196 333 1323 417 [coner.
1339 357 1424 402 xxrr.

219 493 368 554 vinculum
379 503 486 557 saumae
495 493 649 572 societatis,
661 504 691 557 et
704 493 913 556 communionis
926 492 982 572 pire
993 493 1047 553 sub
1057 494 1130 571 Deo,
1142 493 1180 554 ad
1190 495 1423 575 obsignationem

220 575 347 651 foederis,
363 585 425 635 tum
438 577 535 655 quoad
556 577 612 636 Dei
631 578 815 655 praeentiam
837 585 866 635 et
889 574 1037 649 beneficia,
1054 583 1116 633 tum
1136 575 1234 652 quoad
1257 579 1425 638 testImonia

220 655 405 732 gratitudinis
418 666 533 732 nostrae,
548 665 578 716 et
591 665 715 716 tesseras
729 656 821 716 nostri
834 673 904 732 erga
918 655 1014 713 Deum
1027 653 1131 730 officii;
1155 655 1215 715 Sed
1227 659 1371 736 praecipue
1385 658 1424 718 ad

218 734 388 796 Mediatoris
401 757 552 814 personam
566 745 596 797 et
606 735 700 797 officia
709 733 914 810 adumbrandn,
927 734 989 793 sine
998 754 1055 812 quo
1065 734 1164 794 nullus
1178 735 1264 796 datm
1277 738 1316 797 ad
1326 739 1423 799 Deum

222 835 365 876 accessus.

262 895 336 954 VII.
353 896 439 957 Unde
453 904 516 957 orta
530 905 575 956 est
590 896 678 975 Legis
692 893 906 956 Caeremonialis
920 892 1072 970 Institutio,
1084 894 1167 972 cujus
1181 897 1307 957 rationes
1320 907 1427 976 praeter

221 975 278 1034 Dei
298 977 537 1053 sapientissimam
551 977 739 1052 voluntatem,
755 975 785 1034 in
799 995 857 1052 qua
870 974 955 1034 nobis
973 974 1223 1052 acquiescendum,
1239 977 1337 1054 plnres
1351 978 1422 1036 dan·

221 1063 269 1114 tur
279 1056 472 1132 gravissime:
489 1061 515 1116 1.
529 1058 658 1118 Condicio
672 1056 814 1131 Ecclmioe,
825 1074 891 1131 qua
904 1053 999 1113 adhuc
1014 1053 1044 1112 in
1057 1055 1181 1131 pueritia
1194 1064 1224 1116 et
1236 1056 1358 1116 infantia
1371 1078 1424 1117 sua

222 1136 387 1213 constitute,
398 1146 515 1215 propter
524 1146 610 1196 tenue
621 1135 790 1196 demensum
803 1134 926 1212 Spiritus
939 1134 969 1192 S.
981 1132 1060 1210 qnod
1072 1134 1116 1192 illi
1125 1134 1255 1212 dabatur,
1266 1136 1332 1197 Gal.
1343 1137 1384 1196 iv.
1397 1143 1423 1214 1,

221 1215 389 1292 hujusmodi
402 1216 504 1295 figuris
524 1225 586 1276 erat
603 1214 789 1290 instituenda,
805 1234 871 1308 cnm
889 1214 1008 1291 majoris
1023 1214 1098 1274 lucis
1118 1215 1261 1275 ordinarie
1275 1237 1334 1276 non
1347 1226 1425 1278 esset

222 1299 615 1436 iiidaitdii'iidii
625 1299 1017 1454 tttdttatbfflttt
1025 1295 1244 1454 tittlttfftt
1254 1305 1425 1453 initiet

222 1457 407 1516 ceremonias
428 1456 634 1517 custodiendus
647 1456 710 1530 fnit,
732 1464 761 1514 et
775 1453 867 1514 veluti
887 1453 1023 1512 cancellis
1043 1454 1218 1530 quibusdam
1234 1457 1422 1532 cohibendus,

221 1553 258 1593 ne
272 1535 311 1593 ad
320 1536 393 1596 alios
407 1537 502 1597 cultus
516 1536 660 1596 deficeret.
681 1536 831 1596 &Petenti
843 1535 986 1611 tepitudo
1000 1543 1027 1593 et
1037 1535 1173 1611 proesius,
1182 1555 1247 1612 qnae
1257 1534 1312 1594 luit
1326 1545 1422 1595 osten-

222 1613 325 1692 dendo,
341 1625 375 1676 nt
392 1618 479 1675 homo
500 1616 537 1676 de
559 1636 593 1675 eo
615 1615 767 1675 convictus
788 1613 826 1673 ad
847 1613 1005 1672 remedium
1027 1615 1213 1691 quaerendum
1237 1615 1422 1692 excitaretur,

221 1695 300 1772 quod
313 1715 364 1773 per
377 1696 591 1774 purificationes
605 1703 635 1755 et
648 1694 788 1754 sacrificia
801 1694 899 1753 fiebat.
919 1697 949 1754 4.
962 1695 1120 1753 Necessitas
1134 1704 1161 1753 et
1172 1695 1296 1769 efficacia
1308 1697 1421 1773 pratia,

220 1793 285 1852 qna
299 1777 388 1836 variis
402 1777 481 1855 typis
493 1775 658 1835 adumbrari
672 1775 781 1835 debuit.

244 1918 251 1932 ,
270 1920 277 1932 ‚
522 1856 614 1916 VIII.
636 1856 717 1914 Finis
730 1875 800 1932 ergo
814 1873 873 1912 non
886 1853 983 1914 minus
996 1875 1031 1914 ac
1044 1874 1111 1914 usus
1124 1855 1208 1932 Lapis
1222 1856 1424 1916 carmentalis

221 1917 376 2025 Ffflffi'
391 1935 463 2026 Ἓξ
482 1936 636 2013 multiplex
651 1935 798 1995 observari
812 1942 916 2012 potest,
934 1938 960 1994 1.
970 1934 1127 2011 Geamalis,
1144 1935 1254 1995 scilicet
1268 1939 1375 2010 ababli,
1391 1945 1425 1996 ut

249 2043 309 2088 ralis
361 1995 462 2098 ,3252
482 2017 606 2094 populns
620 2015 650 2073 in
663 2016 715 2074 ills
727 2015 847 2074 haberet
860 2023 1010 2074 externam
1023 2015 1119 2074 cultus
1135 2015 1245 2092 publici
1268 2025 1298 2076 et
1311 2016 1423 2094 Religi-

250 2078 375 2159 specialis,
424 2117 460 2172 't‘
481 2097 544 2155 onis
553 2095 754 2173 formamque
764 2095 828 2153 Deo
838 2094 1017 2171 probaretur.
1037 2095 1208 2170 tripedalis
1217 2115 1317 2156 rursus
1326 2097 1423 2156 varius

250 2163 350 2264 mli,
388 2160 460 2220 ΙΨ
476 2177 565 2254 jnxta
577 2175 723 2234 diversam
736 2175 801 2252 ejus
815 2173 907 2251 σχίσιν,
921 2175 971 2234 vel
988 2175 1078 2234 relate
1099 2174 1137 2234 ad
1151 2175 1260 2252 Legem
1274 2176 1422 2253 moralem,

351 2249 359 2264 '
481 2256 530 2314 vel
540 2255 578 2314 ad
587 2256 726 2332 populum
735 2255 936 2330 Israeliticum,
946 2255 995 2314 vel
1005 2254 1043 2313 ad
1054 2254 1185 2332 gratiam.
1207 2256 1282 2315 Nam
1291 2266 1424 2334 respectu

221 2337 306 2412 Lepir
320 2337 444 2411 morata,
455 2334 522 2395 finis
536 2335 598 2414 ejus
612 2335 667 2395 fuit
681 2335 844 2395 subservire
857 2334 947 2413 priori
961 2335 1076 2410 tabulae,
1092 2335 1308 2413 praescriptione
1329 2337 1424 2396 cultus

221 2417 334 2474 externi
347 2416 479 2494 legitimi,
501 2422 531 2474 et
550 2415 706 2492 rejectione
719 2415 848 2474 omnium
865 2415 995 2475 cultuum
1008 2414 1225 2492 peregrinorum
1240 2425 1269 2476 et
1292 2419 1424 2498 unagae-

220 2499 295 2574 asir,
318 2505 347 2556 et
367 2495 507 2577 adjuvare
529 2495 638 2573 Legem
652 2495 789 2555 moralem
809 2494 841 2554 in
854 2493 1060 2554 convincendis
1073 2495 1239 2556 hominibus
1253 2498 1423 2573 inpuritatis

233 2628 453 2689 merere·
483 2575 1421 2732 {itti‘tt⁰ttdetttffi1iittttitidtbtbt:

221 2736 279 2795 tius
292 2735 375 2794 illum
389 2735 503 2796 interae
513 2737 718 2814 colligandum.
740 2735 812 2794 Ideo
823 2741 944 2794 vocetur
955 2741 1106 2811 posanges,
1116 2735 1217 2812 paries
1226 2735 1421 2811 interperiaue,

220 2815 297 2894 Eph.
311 2816 340 2874 ii.
358 2820 404 2894 14,
420 2837 477 2894 quo
492 2817 698 2894 separabantur
712 2815 852 2874 israelita
866 2835 884 2872 a
897 2815 1010 2874 caeteris
1023 2815 1167 2892 gentibus,
1179 2833 1243 2892 quae
1257 2815 1330 2873 nihil
1343 2834 1422 2873 com-

219 2896 319 2956 mercii
333 2917 398 2956 eum
412 2896 470 2956 illis
483 2905 635 2975 propterea
648 2895 802 2970 habebant,
824 2895 882 2953 imo
898 2893 964 2953 odia
988 2903 1018 2954 et
1033 2894 1199 2953 inimicitias
1215 2894 1270 2952 hac
1284 2894 1320 2954 de
1335 2915 1423 2954 causa

217 2976 294 3036 inter
307 2996 337 3036 se
352 2977 533 3052 exercebant,
546 2997 603 3053 qno
617 2975 651 3034 fit
663 2985 696 3035 ut
710 2976 747 3034 sb
758 2974 902 3052 Apostolo
915 2973 1024 3034 ibidem
1038 2983 1157 3034 vocemr
1169 2970 1254 3055 ἰ’χθςι,
1267 2993 1318 3034 sen
1332 2975 1422 3034 inimi·

218 3058 293 3132 citio,
306 3057 344 3116 id.
356 3057 469 3116 occasio
480 3055 540 3116 odii
553 3065 582 3115 et
593 3055 706 3116 dissidii
714 3055 792 3132 quod
806 3054 884 3132 inter
897 3073 947 3113 eos
960 3054 1166 3114 intercedebat.
1188 3055 1235 3114 lta
1244 3055 1423 3133 paedagogice

219 3137 370 3216 eujusdam
390 3138 455 3196 loco
469 3136 532 3213 fuit,
548 3155 613 3214 quae
633 3136 789 3195 abduceret
809 3133 948 3212 populum
968 3135 1203 3194 acommunione
1224 3136 1362 3213 gentium,
1385 3135 1423 3194 ab

219 3235 317 3275 earnm
331 3216 495 3275 idololatria
508 3224 538 3274 et
551 3215 724 3294 impuritate,
736 3234 859 3293 quaque
872 3213 1029 3274 adduceret
1043 3214 1082 3272 ad
1096 3215 1200 3290 Deum,
1213 3223 1242 3274 et
1255 3215 1363 3274 arctius
1377 3234 1421 3273 re·

218 3295 332 3371 ligaret,
348 3303 380 3354 nt
395 3295 490 3354 Deum
503 3303 641 3372 tanquam
656 3295 751 3353 Deum
765 3314 849 3354 suum
863 3293 1046 3371 peculiariter
1060 3294 1175 3370 coleret,
1191 3302 1221 3353 et
1244 3295 1285 3352 ita
1306 3293 1422 3353 sisteret

218 3373 250 3430 in
264 3373 318 3432 hoc
332 3393 453 3450 operoso
467 3375 557 3450 cultu,
573 3382 606 3433 ut
619 3375 730 3434 nullum
741 3381 856 3452 tempus
868 3375 977 3432 horave
991 3380 1115 3447 ποποῖ,
1127 3392 1186 3449 qus
1195 3373 1345 3432 velnovos
1358 3373 1421 3449 ipse

217 3452 315 3512 cultus
329 3452 515 3528 comminisci,
527 3453 576 3512 vel
590 3453 627 3512 ab
641 3454 706 3514 aliis
719 3463 873 3532 usurpatos
887 3471 1041 3527 assumere,
1057 3451 1165 3510 liceret.

424 3585 430 3598 ,
523 3533 583 3592 ΙΧ.
606 3534 752 3612 Respeotu
758 3534 878 3609 sederis
890 3533 993 3608 mutia
1006 3549 1077 3591 usus
1091 3530 1180 3608 Legis
1194 3527 1257 3606 fuit,
1273 3530 1420 3590 necesita-

229 3583 350 3643 Respecto
360 3585 462 3650 emera.
481 3621 534 3670 wm
554 3631 607 3692 per
619 3615 730 3691 peccati
752 3623 781 3675 et
794 3612 917 3672 miseriae
937 3613 1070 3672 humana
1084 3609 1359 3670 demonstrationem
1373 3631 1420 3670 os·

216 3690 336 3750 tendere
345 3713 353 3768 3
369 3691 433 3770 ejus
443 3693 586 3752 ceritatem
597 3700 626 3752 et
630 3695 830 3770 praematura
839 3713 891 3770 per
900 3691 1007 3752 Christi
1017 3699 1047 3750 et
1055 3690 1213 3751 officiorum
1224 3711 1258 3750 ac
1267 3690 1421 3750 beneficio-

217 3789 281 3829 rum
302 3772 365 3848 ejus
386 3771 633 3834 adumbrationem
654 3774 867 3848 demonstrare3
890 3773 1017 3848 φαείανη
1031 3771 1094 3849 ejus
1107 3771 1297 3849 multiplicem
1318 3771 1421 3847 liguris

218 3851 278 3910 suis
292 3859 322 3910 et
336 3853 522 3913 sacramentis
535 3855 699 3930 obeipnore,·
719 3854 750 3912 in
764 3854 828 3930 ejus
842 3851 986 3911 desiderio
999 3859 1029 3910 et
1043 3852 1243 3929 expectatione
1255 3869 1308 3927 per
1320 3859 1422 3927 opero·

218 3950 282 3990 sum
296 3931 378 3990 illum
389 3931 499 3991 cultum
508 3932 645 4008 detinere,
657 3942 687 3993 et
695 3932 856 4010 disciplinae
870 3951 930 3991 ense
941 3931 1095 3990 severitate
1105 3930 1144 3990 ed
1157 3949 1223 3990 eum
1234 3928 1422 4006 quarendum

217 4012 403 4088 compellere3
426 4019 456 4071 et
469 4015 558 4072 cuba
570 4014 726 4089 spiritacb‘a
740 4013 791 4089 qui
804 4011 841 4070 ab
855 4011 918 4088 ipso
932 4009 1088 4087 requiritur
1101 4010 1132 4068 in
1145 4011 1202 4070 isto
1215 4007 1323 4068 foedere
1334 4009 1422 4086 justi·

216 4090 295 4164 tiam,
317 4098 347 4149 et
367 4091 532 4168 imaginem,
554 4093 701 4151 exhibere.
750 4091 893 4150 Nimirum
915 4098 949 4149 ut
975 4091 1031 4150 tria
1052 4089 1196 4168 precipue
1217 4089 1328 4148 homini
1355 4095 1423 4148 sunt

217 4189 330 4247 semper
343 4169 522 4247 inculcanda,
547 4175 573 4230 1.
588 4173 703 4231 mberia
716 4171 789 4250 ejus,
812 4175 840 4230 2.
855 4170 1050 4230 maereordic
1064 4170 1129 4242 Dei,
1153 4173 1181 4229 3.
1196 4170 1315 4241 officiam
1329 4169 1422 4245 qrati-

216 4251 339 4308 tuda‘nis:
359 4249 430 4326 quid
451 4250 489 4309 sit
502 4271 554 4328 per
566 4259 708 4327 naturam,
724 4249 795 4328 quid
815 4250 958 4326 acceperit
973 4269 1026 4328 per
1040 4249 1172 4326 gratiam,
1188 4257 1218 4309 et
1232 4249 1303 4328 quid
1317 4248 1423 4308 debeat

214 4349 267 4407 per
290 4327 504 4389 obedientiam:
525 4331 594 4389 Tria
607 4331 664 4390 ista
678 4331 715 4390 ob
730 4329 830 4388 oeulos
843 4329 940 4407 posuit
954 4329 1096 4388 Israelitis
1111 4328 1175 4389 Lex
1193 4328 1422 4402 caeremonialis3

216 4409 401 4469 Caeremoniee
415 4408 520 4486 quippe
541 4417 601 4470 tres
621 4411 693 4470 istos
713 4418 862 4486 respectus
876 4409 1059 4486 potissimum
1073 4407 1275 4470 includebant:
1295 4408 1424 4486 primum

214 4496 356 4565 qnatenus
371 4497 453 4548 erant
468 4489 556 4566 Legis
570 4489 753 4567 appendices,
765 4497 794 4548 et
808 4487 881 4548 duos
898 4488 980 4563 alios,
995 4496 1029 4546 ut
1043 4487 1231 4564 Evangelicee
1252 4487 1354 4564 getiae
1375 4505 1421 4544 sa-

214 4577 369 4627 cramenta.
393 4568 519 4628 1.Erant
534 4569 726 4643 Oonsmsioaes
741 4577 931 4644 peccatoram,
948 4574 978 4625 et
990 4567 1110 4625 anaema
1122 4567 1265 4641 humanae,
1280 4573 1311 4624 et
1323 4572 1423 4623 reatus

208 4665 264 4724 per
283 4655 433 4726 peccatum
454 4649 603 4724 maburti,
625 4648 737 4708 Coloes.
757 4647 789 4706 ii.
806 4650 853 4723 14,
876 4645 969 4706 Hebr.
988 4666 1020 4704 x.
1036 4649 1063 4720 1,
1081 4649 1110 4723 2,
1126 4649 1155 4706 3.
1190 4649 1219 4706 2.
1239 4643 1373 4720 ematosa
1393 4651 1421 4701 et
