3150 5206
162 389 276 438 censu.
292 368 361 449 vra]
613 383 653 424 nn
668 385 792 426 sannen
808 383 935 427 enarra.
1316 367 1371 429 199

162 531 246 608 Reip.
264 526 432 588 Isra‘elitioa
453 545 505 604 per
528 527 641 586 Mosem
663 528 779 603 erectio,
803 530 888 605 cujus
910 526 1050 586 beneficio
1072 525 1167 587 fredus
1189 530 1289 606 gratia
1311 549 1370 588 non

160 610 247 668 modo
262 610 402 669 rationem
416 607 623 684 promissionis,
639 615 669 667 et
688 607 804 666 foederis
824 608 934 684 habuit,
957 607 1008 667 sed
1029 608 1151 666 sennam
1170 609 1369 686 perfectiorem

160 699 191 749 ct
215 690 309 766 magis
332 686 585 763 testamentariam,
611 687 690 765 quod
714 688 856 746 sancitum
880 687 935 747 fuit
962 689 992 747 in
1014 689 1155 765 sanguine
1177 689 1368 765 victimarum,

161 770 258 828 Exod.
273 769 366 843 xxiv,
382 769 412 825 in
427 766 591 844 symbolum
607 767 756 844 sanguinis
771 767 887 843 Christi,
910 769 1016 828 Matth.
1031 769 1114 826 xxvi.
1156 767 1255 828 Antea
1275 769 1369 828 soedus

159 849 306 908 adsertae
319 856 431 907 tantum
446 866 583 924 personas
597 855 627 906 et
640 847 764 906 familias
784 848 948 908 restrictum
970 848 1080 924 fuerat3
1112 848 1155 908 At
1179 867 1230 927 per
1255 849 1369 908 Mosem

160 938 221 988 turn
237 929 382 1007 objectiva
396 927 451 986 suit
464 927 641 1004 ampliatum,
657 935 756 1004 utpote
771 947 838 986 cum
851 928 965 1004 integra
978 936 1008 987 et
1021 947 1175 988 numerosa
1195 937 1282 1006 gente
1303 949 1367 989 san-

159 1010 259 1084 citum,
275 1019 336 1067 tum
351 1007 511 1086 subjective
526 1026 544 1064 a
557 1015 638 1085 parte
652 1007 743 1085 ipsius
757 1007 873 1066 frederis
887 1028 939 1086 per
952 1009 1059 1068 multas
1069 1009 1256 1068 solennitates
1278 1011 1369 1069 stabi·

159 1089 214 1162 liti,
230 1090 315 1162 aucti,
339 1107 397 1146 non
420 1095 532 1146 tantum
557 1087 698 1146 Paschate
720 1087 823 1145 aliisve
849 1088 1051 1163 sacramentis,
1077 1088 1128 1147 sed
1149 1090 1369 1167 quamplurimis

157 1169 232 1242 aliis,
256 1168 415 1246 prasertim
440 1165 602 1242 Sacrificiis,
626 1167 727 1226 mortis
752 1167 860 1226 Christi
883 1167 993 1244 liguris,
1019 1168 1224 1228 accedentibus
1246 1170 1368 1229 subinde

158 1249 245 1306 noris
261 1247 413 1307 Vaticiniis
427 1246 463 1305 de
478 1247 593 1306 Christo
608 1266 660 1306 suo
674 1255 803 1324 tempore
817 1247 982 1306 revelando.
1025 1247 1072 1306 Ita
1088 1259 1242 1326 postquam
1263 1250 1368 1308 Samen

159 1327 322 1386 Abrahami
335 1328 365 1385 in
380 1328 522 1404 integram
537 1333 654 1403 gentem
668 1327 816 1402 excrevit3
840 1328 921 1386 Deus
942 1347 973 1386 se
994 1327 1038 1386 illi
1059 1328 1228 1387 liberatione
1249 1330 1367 1408 AEgyp-

157 1409 235 1466 tiaca
254 1408 395 1467 clarissim
414 1406 574 1484 epatesecit,
594 1425 652 1464 non
673 1405 760 1464 modo
780 1414 814 1465 ut
833 1409 927 1483 saeta,
951 1407 1025 1466 Gen.
1047 1408 1118 1466 xvii.
1142 1408 1369 1487 l,id.on1nipo-

157 1495 268 1546 tentem
281 1497 310 1546 et
324 1487 380 1546 sibi
399 1486 680 1561 sufficientissimum,
703 1505 740 1544 ne
764 1484 888 1563 quiade
912 1487 1135 1564 promissionum
1158 1489 1367 1566 complemento

156 1567 322 1643 dubitaret;
345 1566 396 1625 sed
410 1567 497 1624 etiam
510 1575 543 1624 ut
553 1584 619 1640 nim,
636 1565 731 1625 Exod.
746 1567 786 1624 vi.
802 1571 830 1642 2,
841 1569 869 1640 3,
880 1566 930 1644 qui
944 1587 1009 1626 cum
1019 1569 1178 1627 eternitate
1192 1577 1222 1628 et
1232 1570 1365 1630 immuta-

156 1647 270 1706 bilitate
285 1647 425 1719 essentia,
440 1645 560 1704 haberet
574 1646 764 1704 constantiam
779 1654 809 1704 et
822 1645 990 1705 fidelitatem
1004 1647 1035 1704 in
1055 1647 1197 1724 promisso
1218 1648 1365 1726 implendo

155 1726 378 1866 detlibmtiom
392 1725 491 1804 populi
505 1745 522 1783 a
536 1725 704 1803 captivitate
718 1725 907 1802 AEgyptiaca,
923 1725 1002 1802 quod
1016 1745 1081 1786 cum
1095 1727 1159 1805 ipso
1179 1726 1366 1806 implemento

156 1825 192 1865 su
214 1807 343 1866 sistebat.

386 1893 393 1902 “
462 1885 570 1948 XXV.
593 1887 629 1946 In
642 1889 698 1947 hoc
719 1885 873 1948 intervallo
887 1885 963 1948 facta
983 1886 1038 1948 fait
1058 1889 1142 1967 Legis
1163 1891 1364 1966 promulgatio,

167 1951 387 2058 Lgfiffiffiffiff*
422 1969 505 2046 cujus
519 1968 635 2028 Author
647 1969 727 2026 Deus
740 1968 804 2042 fuit,
819 1969 922 2027 unicus
936 1969 985 2028 ille
998 1969 1169 2046 Legislator,
1185 1969 1236 2046 qui
1250 1989 1365 2029 servare

419 2056 516 2127 potest
540 2057 569 2107 et
590 2048 718 2126 perdere,
742 2049 808 2109 Jac.
831 2050 871 2106 iv.
893 2052 938 2124 12,
961 2049 1012 2127 qui
1030 2051 1088 2109 dus
1103 2049 1221 2127 Imperii
1244 2049 1274 2107 in
1297 2069 1365 2108 con·

156 2127 294 2188 scIcntias
307 2129 403 2202 hebet,
420 2138 448 2187 et
462 2129 513 2206 qui
528 2128 664 2187 Israelem
679 2129 734 2187 sibi
749 2129 779 2186 in
792 2128 931 2206 populum
953 2129 1135 2204 assumendo,
1158 2129 1299 2206 singulari
1319 2149 1364 2188 ra-

154 2209 235 2267 tlone
251 2227 281 2267 se
295 2209 374 2267 illius
389 2210 454 2268 Deu
468 2227 567 2266 messe
588 2208 821 2284 demonstrabat3
845 2208 883 2266 Et
896 2208 1014 2285 quidem
1028 2217 1089 2268 tota
1106 2209 1135 2268 S.
1157 2209 1292 2284 Trinitas,
1315 2229 1364 2268 cu-

152 2289 204 2366 jus
219 2288 249 2346 in
262 2308 321 2347 una
335 2289 451 2348 Deitate
465 2308 563 2365 parem
577 2289 757 2366 majestatem
769 2295 798 2346 et
812 2287 935 2364 gloriam
949 2307 1106 2366 agnoscere
1127 2296 1157 2347 et
1177 2289 1271 2348 colere
1285 2299 1364 2349 tene·

154 2388 240 2442 mur;
265 2369 324 2427 Sed
338 2369 432 2427 Filius
446 2368 585 2445 peculiari
599 2369 719 2442 ratione,
735 2376 768 2427 ut
783 2368 853 2426 Dux
867 2375 896 2427 et
911 2369 1019 2427 Rector
1038 2368 1147 2447 populi
1190 2369 1273 2428 Idem
1287 2370 1365 2428 enirn

156 2447 300 2524 Angelus,
316 2449 366 2527 qui
381 2449 459 2506 Mosi
472 2449 502 2505 in
516 2448 589 2506 rubo
603 2448 743 2525 apparuit,
766 2456 867 2526 postea
882 2448 960 2506 Mosi
982 2449 1091 2525 Legem
1112 2447 1201 2524 dedit,
1228 2449 1297 2508 Act.
1313 2451 1363 2508 vii.

155 2531 207 2602 38,
223 2547 307 2606 quem
321 2549 378 2588 non
393 2529 481 2588 fuisse
497 2527 644 2606 Angelum
660 2536 787 2587 creatum
801 2547 839 2586 ex
853 2547 887 2587 eo
902 2527 994 2587 solide
1006 2527 1161 2606 colligitur,
1177 2529 1256 2606 quod
1269 2529 1364 2606 loqui·

154 2616 204 2666 tur
217 2608 247 2665 in
261 2627 383 2685 persone
396 2609 528 2684 Jehovae,
547 2607 626 2685 quod
645 2607 720 2666 nulli
740 2607 858 2684 Angelo
872 2607 921 2667 vel
942 2608 1085 2684 Delegato
1106 2609 1251 2685 competit,
1274 2629 1363 2687 quum

153 2687 227 2747 dicit
241 2707 272 2746 se
287 2689 382 2748 Deum
398 2688 566 2762 Abrahami,
578 2687 672 2746 Isaaci
687 2696 716 2746 et
730 2686 751 2747 J
753 2687 845 2762 acohi,
861 2697 891 2747 et
904 2688 974 2746 talia
989 2687 1044 2765 ipsi
1058 2687 1232 2764 tribuuntur,
1247 2689 1363 2764 quaeda

154 2767 273 2844 Angelo
289 2777 384 2828 creato
399 2767 457 2827 dici
470 2775 626 2846 nequeunt,
641 2775 675 2826 ut
688 2767 767 2844 quod
781 2787 840 2826 non
853 2767 1010 2826 irritandus
1024 2767 1070 2840 sit,
1085 2767 1152 2844 quia
1167 2787 1225 2826 non
1240 2768 1278 2826 sit
1295 2788 1363 2827 con·

154 2848 324 2923 donaturus,
341 2848 482 2926 siquidem
502 2867 607 2906 nomen
622 2847 678 2906 Dei
693 2848 730 2907 sit
743 2848 773 2904 in
788 2848 860 2924 ipso,
885 2846 980 2906 Exod.
1005 2846 1089 2905 xxiii.
1113 2849 1161 2922 20,
1185 2850 1233 2905 21.
1277 2847 1363 2907 Unde

153 2927 262 2987 dicitur
283 2929 352 2987 alibi
365 2929 489 3005 Angelus
501 2927 593 3002 faciei
603 2927 662 2986 κατ’
675 2929 765 3003 ἐξοχὴ,
789 2926 846 2986 Isa.
861 2925 934 2985 lxiii.
950 2928 977 3001 9,
994 2934 1023 2984 et
1028 2927 1156 3002 sedens,
1180 2927 1251 2984 Mal.
1273 2927 1312 2985 iii.
1336 2932 1361 3002 l,

153 3015 184 3065 ct
198 3007 252 3066 hac
273 3007 310 3067 dc
325 3027 411 3067 causa
433 3008 573 3067 Israelita
593 3007 729 3067 dicuntur
749 3015 876 3065 tentasse
891 3005 1046 3080 Christum,
1071 3008 1086 3062 1
1103 3006 1168 3064 Cor.
1190 3025 1219 3065 x.
1242 3007 1269 3081 9,
1292 3006 1360 3064 nim.

153 3087 305 3164 Angelum
319 3089 400 3147 illum
416 3087 445 3145 in
460 3088 593 3147 columna
606 3087 691 3146 nubis
705 3095 735 3146 et
749 3086 834 3163 Ignis.

196 3219 229 3232 „
269 3220 276 3232 ,
371 3222 376 3232 ,
461 3167 587 3226 XXVI.
614 3168 716 3228 Causae
738 3168 833 3224 minus
855 3164 1029 3244 principales
1053 3185 1104 3225 seu
1128 3165 1362 3226 instrumentales

165 3219 386 3280 antnsngan.
415 3248 539 3322 suerunt,
559 3256 621 3308 tum
635 3248 738 3324 Arpeli
756 3246 853 3322 creati,
875 3253 908 3306 ut
927 3247 1114 3322 stipulatores,
1136 3246 1187 3324 qui
1208 3246 1362 3306 adstabant

155 3344 291 3402 supremo
306 3326 479 3403 Legislatori
494 3328 531 3386 ad
555 3328 693 3406 majorem
714 3328 777 3404 ejus
798 3326 939 3404 gloriam3
961 3333 993 3384 ut
1014 3333 1093 3384 testes
1114 3345 1212 3385 eorum
1233 3327 1362 3387 omnium

106 3449 118 3462 .
151 3425 218 3483 quae
233 3406 415 3482 gerebantur,
430 3417 459 3466 et
473 3415 506 3466 ut
519 3408 647 3482 minut-i,
662 3425 784 3485 quorum
803 3407 976 3482 interventu,
997 3424 1057 3464 non
1078 3405 1165 3464 modo
1185 3407 1312 3467 tonitrua
1332 3417 1362 3468 et

152 3486 276 3544 frdmina
290 3495 319 3545 et
332 3487 471 3546 terribilia
485 3487 536 3546 illa
555 3487 727 3564 signaque
749 3487 838 3563 Legis
858 3485 1118 3564 promulgationem
1139 3487 1359 3562 comitabantur,

152 3565 295 3643 producta
320 3575 394 3641 sunt,
421 3567 472 3626 sed
494 3576 525 3627 et
545 3586 605 3624 vox
628 3568 683 3626 Dei
704 3566 850 3643 loquentis
878 3565 1100 3643 intelligibiliter
1124 3565 1254 3626 formate.
1296 3568 1360 3642 Quo

152 3665 250 3720 sensu,
272 3646 348 3704 Heb.
370 3646 399 3707 ii.
421 3651 449 3722 2,
472 3647 537 3706 Lex
550 3656 671 3706 vocatur
684 3647 758 3720 slya
773 3645 884 3711 suasorie
895 3643 919 3704 n·
934 3646 1074 3720 Ἀγγίλοι,
1089 3666 1180 3705 sermo
1195 3667 1253 3724 per
1266 3649 1358 3724 Arpe-

152 3727 194 3783 loe
205 3726 294 3784 dicitas
304 3749 316 3798 ,⁶
338 3727 378 3784 Et
392 3727 459 3786 Gal.
480 3726 520 3785 iil.
545 3729 591 3801 19,
613 3727 719 3785 dicitur
739 3724 866 3798 dammula
888 3727 909 3784 dl
925 3727 1054 3799 ’Δγγίλνν
1068 3728 1088 3785 ir
1104 3731 1168 3808 χυςὶ
1180 3729 1288 3802 μοι’τον,
1311 3749 1358 3786 or-

152 3805 253 3864 dinato
272 3826 329 3882 per
342 3807 463 3883 Angelos
487 3809 517 3866 in
540 3827 627 3865 nmnu
650 3807 827 3882 Mediatoris,
852 3805 891 3865 id.
913 3807 1061 3884 imperata,
1083 3807 1206 3884 digesta,
1236 3808 1304 3882 lata,
1330 3816 1360 3866 ct

150 3886 336 3962 promulgata
355 3887 514 3946 ministerio
535 3887 726 3964 Angelorum.
779 3887 842 3961 Quo
864 3895 995 3964 spectant
1008 3887 1098 3946 verba
1120 3886 1267 3963 Stephani,
1289 3886 1357 3946 Act.

150 3965 203 4022 rii.
219 3967 266 4041 53,
282 3965 333 4023 uhi
346 3967 449 4026 asserit
463 3967 611 4026 Israelitas
625 3967 770 4044 accepisse
785 3967 894 4043 Legem
915 3972 946 4032 ste
966 3964 1092 4038 δωιγιὶς
1105 3965 1242 4039 'Appiam
1257 3967 1286 4023 in
1300 3967 1357 4024 dis·

145 4046 331 4122 metiendas
343 4047 523 4122 Angelorum,
540 4047 602 4105 sive
616 4066 667 4125 per
680 4044 806 4118 laurae&
823 4046 1023 4124 intelligantur
1043 4065 1109 4104 cum
1129 4044 1276 4103 nonnullis
1297 4053 1356 4104 tur·

150 4145 205 4182 ma
220 4125 322 4184 ordine
336 4126 454 4185 militari
473 4126 621 4204 dispositas
641 4127 824 4202 Angelorum
845 4127 1013 4204 stipantium
1034 4125 1240 4201 Imperatorem
1262 4143 1355 4199 suum,

150 4203 232 4282 quod
259 4204 376 4264 ridetur
395 4207 485 4283 innui,
509 4207 596 4265 Deut.
626 4207 731 4265 mxxiii.
760 4211 787 4282 2,
810 4225 898 4284 quum
920 4205 1025 4264 dicitur
1047 4207 1065 4238 “
1079 4204 1196 4263 Jehova
1215 4203 1357 4280 prodiisse

149 4303 166 4343 e
183 4285 273 4361 Sinai,
289 4285 405 4345 venisse
420 4307 457 4346 ex
476 4285 655 4364 myriadibus
672 4286 872 4360 Sanctorum,’'
895 4283 959 4361 dte,
975 4284 1046 4357 sive,
1062 4291 1095 4342 ut
1108 4283 1158 4342 alii
1172 4283 1283 4358 volunt,
1299 4281 1354 4342 lsa-

149 4367 215 4436 rayl
241 4364 288 4424 hic
312 4373 436 4443 ponatur
458 4387 510 4444 pro
534 4369 678 4441 mandato,
704 4368 880 4424 ordinatione
900 4373 929 4423 et
955 4364 1105 4438 sanctone,
1128 4369 1162 4422 ut
1183 4361 1267 4420 Rom.
1293 4363 1354 4422 xiii.

150 4449 178 4517 2,
192 4453 226 4504 ut
240 4463 343 4504 sensus
357 4445 395 4504 sit
409 4445 518 4524 Legem
538 4454 685 4523 acceptam
699 4465 762 4505 esse
776 4445 814 4504 ad
828 4443 1023 4504 ordinationes
1037 4442 1227 4520 Angelorum,
1250 4443 1355 4519 quibus

149 4543 212 4581 eam
227 4525 467 4602 promulgandam
481 4525 600 4586 dederat
615 4527 708 4584 Filius
724 4525 788 4601 Dei,
804 4533 941 4601 tanquam
957 4521 1100 4582 Ministris
1113 4531 1143 4582 et
1158 4522 1353 4582 Preconibus.

150 4603 206 4662 llis
221 4623 291 4662 vero
301 4604 436 4663 Minister
448 4615 585 4664 externus
599 4615 628 4665 et
641 4605 766 4665 risihiIIs
780 4604 896 4663 additus
909 4611 954 4661 est
968 4603 1070 4676 Moses,
1085 4602 1135 4680 qui
1148 4601 1244 4679 quoad
1259 4609 1354 4660 exter·

149 4701 215 4742 nam
239 4683 483 4760 dispensationem
505 4685 675 4745 Mediatoris
696 4685 836 4744 rationem
857 4683 951 4760 potuit
972 4683 1122 4760 sustinere,
1145 4681 1197 4743 sed
1217 4680 1283 4740 talis
1304 4683 1354 4760 qai
