3192 5206
145 379 150 388 .
244 329 303 388 286
648 340 739 381 ιιοιι
755 339 884 382 nncrnus
898 340 1031 381 ιιιιιιι.
1236 319 1365 402 [eumer.
1386 341 1454 383 rrrr.

242 484 390 545 distinctio
412 481 666 542 communicationis
686 481 815 540 mediatae
829 491 855 539 et
867 481 1042 556 immediatae,
1064 499 1122 558 qua
1143 499 1242 539 omnes
1261 482 1456 560 proprietates

242 565 349 624 divinae
370 564 506 622 dicuntur
526 561 642 640 quidem
664 562 881 620 communicata
901 561 1054 620 ιιιιιΙιιιι“
1047 581 1077 618 ιι
1097 561 1247 638 hypostasi
1276 565 1359 634 Atym
1386 583 1455 640 qnae

242 643 454 704 communicata
467 651 512 701 est
526 641 620 717 Carni,
632 641 683 700 sed
693 641 858 700 immediate
869 649 980 700 tantum
990 640 1131 718 quaedam.
1174 640 1250 714 Quia
1258 653 1455 720 praeterquam

236 725 321 803 'quod
335 725 426 802 gratis
440 722 560 799 fingitur
574 721 766 780 communicat
767 722 794 779 io
754 720 937 780 tformalis
951 721 1116 798 hypostasis
1130 719 1206 778 faeta
1228 721 1321 796 Carni,
1337 733 1371 782 ut
1385 743 1454 800 pos·

243 813 290 864 tea
300 805 477 882 probabitur,
493 822 551 860 non
565 802 662 878 agitur
675 801 711 860 de
723 801 980 859 communicatione
994 799 1128 875 mediata,
1144 800 1196 858 sed
1209 800 1358 860 immediat
1346 811 1456 880 a„tper

242 905 330 962 quarn
349 883 477 974 propriet
465 890 540 941 tates
561 901 660 940 omnes
681 880 788 940 divinae
810 881 846 939 de
866 889 917 939 nat
919 901 969 939 ura
989 881 1114 938 hnmana
1127 879 1279 972 praedicari
1292 881 1400 941 debent
1414 903 1456 942 ex

241 965 292 1024 illa
313 963 476 1042 hypothesi,
492 962 559 1038 quia
580 981 632 1038 par
652 981 715 1020 esse
737 961 823 1020 debet
844 961 971 1020 omnium
991 960 1198 1037 proprietatum
1220 961 1294 1020 inter
1315 982 1346 1021 se
1367 963 1453 1022 ratio.

243 1045 350 1104 Fateor
371 1040 539 1119 distingui
531 1062 562 1098 m
582 1041 836 1100 communicabiles
853 1049 882 1100 et
898 1039 1192 1114 incommunicabiles,
1217 1041 1268 1099 sed
1290 1050 1392 1100 notum
1406 1051 1454 1102 est

242 1126 297 1183 hoe
312 1124 435 1200 intelligi
450 1142 508 1181 nou
519 1121 684 1196 formaliter,
700 1141 758 1198 quo
773 1141 859 1180 seusu
874 1128 941 1180 sunt
956 1139 1055 1178 omnes
1069 1139 1106 1178 ex
1128 1139 1211 1196 aequo
1225 1120 1454 1182 incommunica-

242 1204 325 1281 biles,
342 1203 393 1263 sed
407 1203 558 1280 analogice
569 1210 690 1260 tentum.

241 1322 344 1373 tauta
353 1322 484 1380 proprieta-
545 1281 622 1340 XII.
646 1280 762 1355 Quarto,
779 1279 897 1355 Quia
875 1299 899 1338 ar
912 1287 1029 1358 propter
1043 1279 1188 1338 Uniouem
1202 1281 1392 1374 proprietates
1407 1281 1453 1340 ιιι-

272 1387 309 1428 tes
326 1381 412 1426 carnis
433 1395 484 1424 non
505 1362 582 1420 vinae
597 1361 814 1419 communicatae
829 1369 896 1419 suut
911 1359 1011 1454 Carni,
1019 1359 1141 1436 Ergo
1113 1360 1241 1420 vicissim
1259 1362 1453 1456 proprietates

271 1439 455 1485 communicata
504 1441 605 1500 Carula
627 1440 788 1498 debuerunt
809 1440 1014 1498 communicari
1037 1449 1111 1516 hoyn
1129 1440 1198 1516 quia
1220 1441 1290 1499 unio
1312 1450 1356 1500 est
1377 1443 1452 1500 reei-

271 1507 408 1560 suntaoyp.
503 1541 599 1599 proca,
614 1520 694 1597 quod
707 1528 803 1578 tamen
817 1520 920 1578 uolunt
934 1520 1094 1579 admittere.
1138 1519 1199 1578 Nec
1208 1520 1327 1580 drettmc
1329 1541 1356 1579 ιο
1366 1531 1452 1581 natu

242 1620 282 1660 rae
297 1601 471 1662 assumentis
486 1611 515 1661 et
529 1609 684 1678 assumptae
699 1600 766 1658 huic
785 1593 967 1659 incommodo
987 1599 1164 1658 mederit
1113 1620 1151 1677 po
1152 1607 1217 1659 t.est
1234 1599 1308 1675 Quia
1323 1621 1452 1661 commu·

242 1681 396 1741 nicationis
416 1682 570 1758 reciprocae
591 1680 818 1755 fundamentum,
834 1700 892 1738 non
906 1687 950 1738 est
964 1689 1094 1757 assumpt
1082 1679 1220 1754 taedio,
1214 1701 1277 1758 rpsa
1289 1681 1368 1754 unio,
1384 1703 1452 1760 quae

243 1761 318 1821 sicut
349 1761 496 1839 reciproca
516 1770 570 1836 est,
584 1780 651 1819 uam
673 1769 705 1819 ut
693 1760 826 1819 tdivina
845 1769 955 1820 naturas
976 1761 1117 1835 humanae,
1140 1760 1182 1818 ita
1201 1761 1328 1819 humana
1342 1761 1452 1821 divinae

241 1843 323 1901 uuita
337 1850 400 1916 est;
423 1842 464 1900 ιιι
485 1861 600 1918 quoque
620 1841 795 1918 reciprocam
810 1841 1106 1915 communicationem,
1121 1859 1181 1898 ιιοιι
1194 1840 1224 1897 in
1239 1849 1372 1899 concreto
1387 1850 1451 1901 tarr·

242 1932 313 1998 tum,
330 1922 381 1980 sed
396 1930 425 1981 et
439 1922 469 1979 in
483 1923 627 1980 abstracto
642 1921 781 1998 exigeret.
824 1921 885 1979 Nee
905 1921 1058 1978 discrimen
1072 1919 1131 1997 peti
1146 1928 1242 1996 potest
1260 1940 1297 1978 ex
1312 1941 1356 1996 ιο,
1372 1923 1453 1999 quod

242 2010 346 2061 natura
360 2001 486 2060 humana
500 2000 616 2077 quidem
631 2001 744 2076 eguerit
757 2001 1015 2059 communicatione
1030 2001 1148 2058 istarum
1163 2001 1380 2076 proprietatum,
1392 2022 1452 2061 ιιοιι

241 2101 311 2140 vero
333 2093 437 2140 natura
457 2081 565 2138 divina.
587 2080 662 2154 Quia
675 2092 777 2138 natura
787 2081 912 2139 humana
922 2080 1037 2158 quidem
1059 2080 1140 2156 eguit
1154 2079 1270 2138 dotibus
1285 2081 1400 2139 eximiis
1415 2081 1454 2140 ad

241 2161 438 2237 peragendum
466 2179 538 2236 opus
563 2180 664 2236 suum·
691 2159 742 2218 sed
756 2180 814 2218 nou
828 2161 1050 2238 proprietatibus
1072 2159 1136 2233 Dei,
1152 2179 1217 2236 qnae
1239 2160 1453 2221 destruxissent

242 2250 293 2316 pot
281 2242 339 2299 tius
350 2249 481 2300 naturam
496 2240 651 2298 humanam
665 2247 694 2298 et
708 2239 738 2296 in
754 2240 852 2298 Deitat
840 2247 897 2298 tem
912 2239 1171 2300 transformassent.

243 2357 265 2401 ὁ
273 2358 337 2406 Qu„
347 2361 379 2402 ⁸„
390 2361 489 2402 temtus
550 2318 644 2377 XIII.
668 2318 783 2392 Qnrn
758 2339 775 2376 ο
745 2319 833 2378 tSi
853 2320 939 2378 datur
952 2320 1036 2378 realis
1058 2319 1278 2378 communicatio
1292 2324 1452 2398 proprieta-

274 2421 419 2462 neturarum
435 2429 488 2460 con·
510 2407 572 2457 tum
596 2397 626 2455 ιιι
651 2398 806 2475 abstracta
821 2399 937 2459 dabitur
951 2400 1037 2457 etiam
1052 2406 1216 2457 naturarum
1239 2401 1404 2478 exaequatio
1423 2409 1453 2460 et

273 2475 344 2519 tuero.
505 2477 644 2552 confusio,
660 2477 710 2554 qui
724 2497 802 2535 error
814 2479 948 2555 pridem
940 2499 969 2536 ru
986 2479 1044 2538 Eut
1032 2479 1117 2556 tyche
1132 2479 1285 2538 damnatus
1298 2490 1352 2540 est.
1376 2483 1452 2540 Con-

243 2559 394 2637 sequentia
408 2565 487 2636 patet
502 2577 538 2616 ex
553 2557 663 2616 ratione
678 2556 862 2649 confusionis,
889 2579 953 2635 quse
968 2558 1008 2634 fit,
1025 2579 1114 2635 quum
1128 2579 1174 2617 res
1188 2559 1262 2635 duas,
1278 2560 1327 2619 vel
1340 2561 1450 2654 plures,

243 2660 399 2716 earumque
408 2639 596 2716 proprietates
611 2638 865 2731 communicantur,
881 2639 936 2697 hoc
948 2647 1000 2714 est,
1013 2659 1178 2698 communes
1186 2639 1268 2698 fiunt
1291 2639 1376 2699 Nec'
1364 2651 1453 2718 Juvat

244 2741 381 2799 reponere
396 2739 455 2778 non
479 2717 541 2776 fieri
556 2717 794 2794 exaequationem,
811 2718 879 2794 quia
903 2727 953 2777 nat
954 2738 1005 2776 ura
1019 2719 1144 2777 humana
1157 2718 1188 2776 id
1201 2739 1260 2778 uon
1274 2663 1376 2778 habetJ
1377 2741 1395 2778 a
1410 2741 1450 2798 se,

243 2810 277 2861 ut
291 2801 329 2861 sit
343 2801 556 2877 omnipraesens
579 2798 654 2872 Quia
668 2806 700 2856 ut
720 2798 831 2876 aliquid
855 2819 919 2857 eum
940 2798 996 2857 alio
1011 2807 1185 2875 exequetur,
1201 2819 1259 2857 nou
1273 2819 1392 2860 neeesse
1407 2810 1452 2860 est

244 2883 275 2940 id
289 2901 327 2940 ex
341 2901 372 2941 ιι
386 2889 415 2940 ιι
428 2900 480 2957 per
494 2899 525 2938 se
538 2897 598 2936 nou
622 2898 685 2937 esse
700 2879 850 2972 aequale
825 2899 851 2937 ιι
876 2897 999 2955 quocum
1014 2887 1190 2970 exaequatur,
1207 2889 1235 2938 et
1249 2879 1346 2957 inepte
1361 2901 1450 2973 oppo-

244 2963 321 3020 nitur
335 2959 555 3020 communicatio
579 2959 773 3035 exaequationi
796 2968 826 3018 et
850 2957 1019 3032 conlusionI,
1035 2978 1099 3034 quae
1114 2959 1176 3017 aine
1191 2961 1452 3020 communicatione

243 3043 305 3101 fieri
319 3061 377 3100 non
391 3047 495 3118 potest.
518 3039 580 3097 Nee
602 3059 728 3115 nuquam
753 3039 834 3098 audit
822 3047 892 3114 tum,
908 3059 943 3097 ea
964 3038 1099 3115 quaejam
1115 3046 1182 3098 sunt
1196 3047 1357 3132 exaequata,
1373 3061 1450 3099 exa·

243 3122 334 3201 quari,
350 3121 399 3179 vel
422 3139 485 3196 quae
511 3127 578 3178 suut
600 3119 727 3194 confusa,
743 3119 888 3178 confundi.
921 3119 981 3176 Nec
994 3119 1122 3194 Eutychi
1141 3138 1267 3196 unquam
1281 3119 1450 3213 impactum,

243 3201 322 3280 quod
333 3199 543 3260 existimaverit
554 3200 675 3257 Carnem
690 3198 798 3258 Christi
812 3199 916 3258 saetam
926 3199 1013 3256 fuisse
1025 3197 1151 3256 divinam
1167 3219 1225 3258 ase
1241 3206 1321 3257 etex
1336 3220 1376 3273 se,
1393 3201 1451 3259 imo

243 3301 280 3339 ne
295 3280 369 3338 illud
383 3279 500 3370 quidem
515 3278 637 3354 cogitari
650 3285 746 3369 potest
768 3278 837 3336 ab‘'
819 3299 854 3336 ns
879 3279 928 3354 qui
944 3285 1010 3336 sunt
1024 3279 1133 3336 ratione
1147 3278 1280 3356 praediti;
1303 3281 1451 3356 quomodo

243 3361 320 3419 enirn
334 3359 475 3436 potuisset
488 3356 550 3414 fieri
565 3355 711 3430 divina,
688 3377 713 3414 ιι
727 3376 765 3414 ex
779 3377 809 3416 sc
825 3357 946 3414 divina
933 3378 994 3434 Jam
1009 3357 1134 3416 fuisset?

546 3435 636 3492 XIV.
660 3435 759 3510 Sexto,
785 3436 816 3493 Si
842 3436 919 3496 Unio
941 3437 1017 3528 faeta
988 3445 1085 3498 test
1105 3436 1254 3496 inconfuse
1269 3447 1298 3496 et
1312 3439 1404 3498 salvis
1418 3460 1452 3499 ac

257 3501 478 3604 &ribillam
373 3500 484 3558 IP⁰V¹⁰⁵¹
506 3512 565 3571 dist
553 3513 650 3572 riaetis
670 3515 853 3574 manentibus
874 3515 984 3574 naturis
999 3517 1077 3593 ipsis,
1100 3537 1253 3593 earumque
1267 3519 1452 3596 proprietati·

454 3573 569 3667 m'bus,
585 3602 618 3651 ut
641 3603 803 3670 agnoscunt
826 3595 991 3670 Lutherani,
1018 3617 1075 3655 non
1089 3605 1185 3674 potest
1199 3597 1228 3654 in
1248 3617 1282 3656 ea
1295 3597 1373 3657 facte
1388 3620 1452 3659 esse

244 3671 464 3732 communicatio
488 3673 644 3750 proprietat
645 3693 703 3731 um.
726 3674 801 3732 Nam
825 3675 903 3752 quod
926 3676 1160 3750 communicatur,
1183 3696 1241 3735 nou
1266 3687 1365 3770 manet
1386 3699 1451 3756 pro·

243 3753 346 3832 prium.
370 3753 430 3810 Nec
445 3751 503 3810 dici
516 3760 611 3828 potest
625 3751 743 3812 distinet
731 3761 775 3812 ιιι
799 3775 914 3814 manere
934 3775 1046 3832 semper
1059 3756 1247 3832 proprietates
1261 3757 1330 3834 quia
1344 3758 1452 3818 diviui-

243 3829 373 3898 tatiliiae
388 3840 416 3891 et
430 3852 481 3909 per
503 3840 634 3890 naturam
660 3834 844 3910 conveniunt,
824 3835 1037 3894 themanitati
1062 3855 1131 3894 vero
1153 3838 1352 3914 pergratiam.
1377 3841 1453 3915 Quia

242 3913 449 3998 qualiscunque
474 3911 512 3971 sit
536 3912 638 3972 modus
662 3913 797 3989 habendi,
823 3915 925 3974 volunt
946 3935 994 3973 eas
1008 3935 1075 3973 vere
1097 3924 1126 3974 et
1139 3915 1255 3974 realiter
1275 3917 1453 3994 possideria

241 4004 344 4052 natura
357 3993 491 4068 humana,
506 4001 539 4051 ut
553 3991 589 4050 de
614 4011 648 4050 ea
666 3993 795 4070 legitime
819 3994 968 4072 predicari
993 3994 1111 4072 possint,
1128 4003 1214 4072 atque
1228 3996 1301 4055 adeo
1315 4017 1376 4056 nou
1391 4020 1451 4059 ma·

242 4095 310 4133 nere
325 4073 447 4152 amplius
461 4072 591 4150 proprias
606 4072 688 4149 Atyn.

545 4152 618 4211 XV.
643 4153 781 4246 SeptImo,
808 4153 914 4211 Contra
934 4153 1196 4229 Omniproeseatiom
1221 4155 1369 4216 Humanas
1392 4160 1451 4220 Na-

504 4240 576 4290 turae
591 4233 695 4291 Christ'
676 4241 697 4291 ιι
712 4234 753 4291 ιιι
768 4232 968 4309 disputamus:
992 4236 1017 4290 1.
1040 4233 1093 4291 Cui
1108 4253 1165 4292 non
1180 4243 1224 4294 est
1238 4239 1452 4300 communicata

503 4312 742 4389 omnipraesentia,
771 4332 824 4370 nee
852 4313 882 4370 ιιι
906 4321 982 4372 statu
1003 4312 1225 4390 Exinauitionis,
1248 4335 1301 4375 nee
1326 4317 1357 4376 ιιι
1373 4329 1451 4380 statu

242 4382 443 4463 Exaltationis,
459 4387 503 4448 illi
517 4411 575 4449 non
589 4401 633 4451 est
647 4391 762 4451 absolut
750 4393 1006 4466 tecommunicata‚
1023 4392 1089 4468 quia
1111 4391 1168 4452 duo
1183 4402 1294 4454 tantum
1309 4408 1386 4459 sunt
1393 4409 1449 4459 sta·

241 4477 288 4527 tus
304 4467 410 4526 Christi
435 4468 613 4529 Mediatoris.
636 4471 709 4530 At'
702 4492 732 4528 ru
746 4471 1289 4532 neutracommunicataest:Non1n
1303 4479 1449 4538 Eoeinaai·

241 4549 321 4622 tione,
337 4548 405 4624 quia
420 4547 613 4626 Evangeliurn
628 4559 749 4609 testatur
763 4570 828 4609 eum
847 4571 905 4609 nou
929 4551 1017 4610 fuisse
1039 4553 1155 4629 ubique,
1172 4553 1223 4612 sed
1237 4555 1347 4615 modo
1339 4561 1447 4634 mbos,

241 4625 327 4684 modo
351 4625 445 4684 inillo
469 4628 542 4704 loco,
569 4639 598 4687 et
620 4629 656 4687 de
678 4630 775 4689 loco
767 4630 905 4690 mlocnm
927 4630 1073 4708 transisse,
1089 4633 1159 4693 Joh.
1178 4633 1218 4691 vi.
1234 4639 1282 4712 24,
1298 4639 1383 4698 etxi.
1402 4641 1447 4713 15,

240 4211 262 4257 7.
281 4211 484 4269 Οιιιιιιριιιιιιιιιι

271 4271 435 4328 lmpugnatur.
