3186 5210
116 413 229 460 11111.
246 393 324 478 111]
558 417 596 457 un
612 416 781 458 vocnrious
797 418 834 457 nr
849 417 927 456 rius.
1263 402 1320 459 539

46 609 51 618 ,
113 554 256 632 particula
270 557 421 631 exception,
438 555 489 615 sed
501 560 688 634 adversativa,
704 579 755 637 pro
769 561 820 617 sed
829 583 838 617 .·
862 561 954 617 Nemo
967 557 1054 635 periit
1068 559 1146 617 caiis
1163 579 1231 636 quos
1255 560 1323 618 nzr'ti

115 636 223 710 dedisti,
248 639 300 694 sed
322 636 407 712 periit
420 645 532 697 tentum
545 639 625 718 filius
643 640 820 716 perditionis,
844 639 895 716 qui
916 659 973 696 non
994 648 1055 698 erat
1069 659 1106 698 ex
1121 639 1253 698 datorum
1268 660 1320 698 nn-

115 735 203 790 mero,
227 715 278 774 sed
299 716 485 794 reproborum
500 727 529 777 et
542 720 631 778 exitio
646 720 827 794 devotorum,
841 729 875 779 ut
902 718 972 778 alibi
995 739 1054 778 nou
1079 720 1168 779 semel
1189 720 1321 790 sumitur,

117 795 182 854 Gal.
199 795 228 852 ii.
247 798 292 870 16,
309 798 325 854 1
342 797 407 856 Cor.
422 798 473 857 vii.
491 803 536 874 lt,
553 800 619 860 Gal.
634 800 653 860 1.
670 805 697 876 7,
714 800 808 877 Apoo.
823 799 885 858 xxi.
901 803 949 859 tt.

157 874 323 934 XXXIX.
346 877 437 936 Aliud
452 887 496 938 est
514 899 533 936 a
553 881 651 957 pratia
673 881 801 940 excidere
817 880 936 956 positive
959 899 1012 957 per
1024 880 1131 939 realem
1146 879 1247 956 gratia
1258 879 1319 956 jam

115 964 238 1032 receptae
259 957 467 1033 privationem
491 959 581 1018 Aliud
596 981 665 1019 vero
676 962 805 1019 excidere
825 961 860 1019 ab
874 981 908 1020 ea
922 959 1055 1036 nepetino,
1077 961 1157 1019 illam
1171 980 1229 1019 non
1244 979 1320 1018 assa·

115 1035 240 1113 quondo.
283 1037 332 1095 Illi
347 1037 501 1114 dequibus
521 1040 650 1116 loquitur
669 1041 786 1116 Paulus,
807 1040 872 1100 Gal.
889 1061 916 1099 v.
931 1043 959 1115 4,
975 1040 1127 1118 posteriori
1152 1060 1247 1115 sensu,
1263 1059 1321 1097 non

115 1115 213 1192 priori,
237 1115 372 1176 dicuntur
386 1119 520 1178 eccidisse
539 1141 559 1178 a
575 1121 682 1196 pratia,
705 1128 847 1197 quatenus
871 1121 974 1179 misere
988 1121 1119 1179 volentes
1134 1120 1321 1180 Juda'r'srnurn

116 1215 182 1254 cum
198 1196 425 1272 christianismo,
455 1208 483 1258 et
500 1199 607 1277 Legem
622 1221 685 1259 eum
710 1199 880 1276 Evangelio,
896 1199 1046 1259 Juetitiam
1061 1221 1143 1258 suam
1170 1201 1321 1259 1111111-

116 1276 180 1334 titie
205 1277 320 1352 Christi,
342 1278 399 1336 ista
410 1298 439 1337 se
454 1280 615 1356 privabant,
631 1289 661 1338 et
675 1280 711 1339 ab
730 1300 765 1338 11
779 1280 820 1337 ita
833 1279 1014 1352 excidebant,
1027 1288 1060 1338 11
1073 1280 1143 1338 ahhi
1157 1280 1193 1338 da
1208 1281 1228 1339 J
1231 1280 1321 1338 udeeis

115 1355 196 1430 dicit,
214 1357 298 1416 Rom.
313 1357 353 1416 ix.
369 1361 502 1434 3130um
522 1361 598 1418 enim
620 1360 712 1438 gratia
724 1367 753 1418 et
766 1359 899 1418 meritum
922 1359 980 1418 sint
1001 1366 1134 1426 tetresse,
1156 1379 1213 1419 non
1226 1368 1323 1436 potest

114 1455 173 1574 ripn
188 1437 281 1513 gratia
295 1437 428 1497 excidere
442 1439 573 1518 quisquis
592 1440 736 1519 justitiam
754 1459 844 1514 suam,
859 1439 908 1498 vel
927 1459 964 1498 cx
978 1446 1048 1513 toto,
1064 1439 1111 1496 vel
1126 1459 1163 1497 ex
1186 1447 1276 1516 parte,
1292 1440 1322 1496 in

145 1535 198 1592 ege
213 1517 324 1594 quaerit.

157 1595 225 1654 XL.
249 1595 339 1655 Aliud
361 1605 405 1656 est
425 1598 498 1657 tradi
522 1600 636 1659 Satanae
658 1620 722 1659 cum
748 1597 881 1676 Epulone
910 1596 948 1656 ad
962 1607 1101 1656 aeteruum
1128 1602 1322 1673 1111111111,

114 1674 208 1734 Aliud
222 1696 287 1735 cum
311 1678 426 1738 Incesta
449 1679 631 1738 Corinthiaco
645 1681 676 1738 in
685 1680 806 1738 exitium
821 1678 924 1751 carnis,
940 1685 972 1736 11
989 1677 1112 1754 Spiritus
1128 1677 1227 1735 salvus
1241 1677 1279 1734 sit
1293 1677 1323 1734 in

115 1755 162 1814 dic
174 1756 300 1835 Domini,
316 1760 330 1814 l
345 1758 409 1816 Cor.
422 1777 451 1816 v.
463 1761 491 1817 5.
507 1759 618 1818 Fidelis
631 1768 727 1836 potest
738 1759 814 1817 tradi
821 1757 972 1834 posteriori
984 1758 1038 1815 hoc
1049 1757 1144 1830 modo,
1156 1776 1215 1814 non
1225 1757 1322 1833 priori.

114 1836 385 1896 Excommunicatio
397 1837 493 1918 lapsos
504 1857 522 1896 a
535 1857 625 1915 ragno
640 1838 778 1897 coelorum
793 1836 961 1914 simpliciter
975 1856 1032 1894 non
1044 1833 1181 1911 excludit,
1195 1836 1246 1894 sed
1258 1856 1322 1894 cum

115 1915 289 1991 conditione,
315 1917 371 1974 nisi
397 1927 549 1994 resurgant
572 1937 624 1995 per
647 1917 854 1995 paenitentiam,
871 1937 957 1993 quam
982 1936 1103 1974 censura
1117 1917 1173 1975 ista
1186 1925 1323 1993 tanquam

115 1996 241 2055 salubris
256 1996 399 2055 medicina
413 2006 548 2074 operatur
559 1998 588 2054 in
596 2017 664 2057 vere
679 1997 814 2056 fidelibus
828 2017 879 2074 per
890 1996 945 2055 Dei
957 1997 1119 2072 gratiam,2
1135 1997 1200 2056 Cor.
1212 1996 1261 2056 vii.
1277 2000 1322 2056 ll.

116 2075 203 2136 Unde
218 2077 484 2135 excommunicatus
504 2097 563 2135 non
577 2076 683 2136 desinit
697 2077 726 2135 11
741 2078 855 2136 1111111
869 2095 932 2135 1111
951 2076 1110 2134 membrum
1126 2076 1241 2151 Christi,
1256 2077 1325 2136 licet

115 2154 212 2230 quoad
237 2164 386 2214 externam
411 2156 593 2233 disciplinam
617 2177 669 2234 pro
690 2165 819 2234 ternpore
843 2177 860 2214 1
885 2156 1010 2232 Corpore
1041 2164 1160 2214 externo
1184 2157 1324 2216 Ecclesia

116 2243 269 2309 resecetur,
285 2243 315 2292 11
342 2255 360 2292 1
389 2236 542 2294 Sacrorum
569 2237 789 2295 communione:
822 2236 963 2294 Nimirum
989 2236 1258 2297 Exoommunicatio
1280 2247 1324 2296 est

116 2312 265 2387 flagellum
279 2313 334 2388 piae
349 2313 453 2372 Matris
468 2314 498 2371 in
508 2335 630 2391 pravum
643 2316 743 2392 filiurn,
754 2335 838 2393 quem
852 2335 911 2375 non
925 2316 993 2393 quia
1007 2315 1143 2393 flagellat,
1156 2317 1221 2378 ideo
1236 2317 1324 2378 habet

115 2410 168 2468 pro
183 2411 241 2448 non
255 2391 323 2466 filio,
340 2391 391 2450 sed
402 2393 525 2470 castigat
539 2395 674 2472 graviter,
689 2405 721 2456 ut
735 2397 875 2472 emendet,
891 2415 927 2456 11
941 2396 991 2456 fiat
1005 2397 1121 2456 omnino
1135 2419 1193 2457 non
1208 2398 1295 2457 filius.

157 2469 245 2528 XLI.
268 2470 350 2530 Licet
366 2473 463 2532 Sancti
477 2493 528 2550 per
541 2475 643 2551 gravio
655 2477 686 2533 in
708 2495 773 2554 quae
795 2477 932 2535 labuntur
952 2485 1070 2553 peccata
1090 2489 1255 2538 mercantur
1269 2499 1320 2538 ex-

116 2550 276 2608 clusionem
291 2571 308 2608 a
322 2571 411 2628 regno
426 2553 571 2630 coelorum,
587 2564 616 2614 11
631 2555 846 2632 justificationis
860 2577 894 2615 11
909 2555 1072 2635 adoptionis
1094 2559 1320 2636 abrogationem,
1337 2571 1339 2576 '

115 2631 149 2688 111
164 2637 260 2688 tamen
276 2631 331 2689 Dei
345 2631 547 2710 misericordia,
570 2642 602 2693 ut
622 2645 773 2714 propterea
786 2657 840 2696 111
854 2638 876 2696 J
878 2657 912 2696 11
926 2637 963 2694 ad
976 2657 1100 2713 regnum
1114 2640 1252 2695 coelorum
1267 2637 1322 2693 tol-

112 2711 197 2784 latur,
227 2729 280 2768 nco
304 2711 326 2770 J
329 2711 480 2771 ustifieetio
505 2723 554 2773 aut
582 2713 712 2792 Adoptio
736 2725 896 2790 revocetur,
920 2735 972 2772 nec
988 2725 1080 2773 status
1094 2713 1323 2789 regenerationis

111 2789 261 2848 aboleatur
275 2789 415 2849 effective.
458 2793 531 2867 Quia
545 2795 566 2853 J
568 2815 603 2853 us
616 2795 654 2853 ad
667 2814 790 2871 regnum
801 2814 860 2851 non
873 2794 904 2850 in
919 2792 1082 2850 actionibus
1096 2793 1202 2850 nostris
1216 2790 1318 2848 funda-

112 2877 168 2943 tur,
184 2870 236 2928 sed
250 2871 282 2928 in
294 2873 420 2946 gratuita
431 2871 487 2930 Dei
501 2872 664 2950 adoptione,
677 2883 706 2932 et
716 2881 815 2930 nostra
828 2891 895 2928 cum
907 2871 1021 2928 Christo
1037 2871 1143 2927 unione
1164 2869 1318 2927 indissolu-

112 2949 184 3024 bili;
208 2950 246 3008 Et
260 2959 356 3009 reatus
367 2953 453 3028 hujus
468 2953 516 3008 vel
530 2952 608 3010 illius
622 2951 733 3027 peccati
747 2969 806 3008 non
819 2949 942 3024 abroget
951 2948 1189 3020 justificationem
1204 2948 1319 3006 univer-

113 3028 203 3086 salem
217 3038 399 3105 peecatorum
412 3029 646 3107 precedentium,
672 3037 701 3086 ct
722 3036 829 3086 statum
853 3045 983 3102 persona
1009 3027 1073 3083 Deo
1096 3045 1149 3102 per
1174 3027 1320 3084 Christum

112 3109 321 3185 reconciliatam
345 3111 384 3168 Et
408 3109 572 3184 adoptionis
585 3107 776 3185 previlegium
790 3126 808 3164 a
822 3103 905 3162 nobis
926 3125 984 3162 non
1005 3105 1120 3180 pendet,
1145 3105 1196 3163 sed
1217 3125 1234 3162 1
1259 3106 1321 3163 1111

113 3189 171 3248 Dei
185 3189 280 3248 Patris
301 3189 516 3264 misericordia;
532 3187 572 3246 Et
596 3187 690 3263 gratia
712 3183 939 3262 regenerationis
960 3184 1024 3242 fluit
1038 3205 1055 3241 a
1071 3184 1188 3261 Spiritu,
1214 3184 1265 3260 qui
1288 3194 1322 3243 ut

113 3289 211 3328 semen
236 3269 314 3328 istud
337 3269 486 3328 vivificum
511 3267 601 3326 semel
625 3268 656 3324 in
680 3265 815 3325 cordibus
829 3264 935 3323 nostris
949 3264 1140 3342 implantavit,
1156 3264 1197 3322 ita
1210 3263 1320 3322 1111111--

113 3349 211 3424 primit
225 3349 285 3406 vim
306 3350 452 3409 coelestem
480 3357 510 3408 11
535 3347 791 3425 incorruptibilem,
817 3343 995 3422 eandemque
1023 3353 1161 3422 perpetuo
1185 3345 1265 3403 fovet
1291 3353 1321 3404 et

114 3435 219 3488 tuetur.
262 3430 309 3487 lta
329 3429 462 3506 quamvis
475 3428 568 3506 possit
591 3428 678 3486 homo
698 3445 821 3504 peccans
835 3443 919 3484 usum
934 3425 1018 3484 istius
1032 3425 1123 3502 Juris,
1140 3434 1168 3484 st
1178 3425 1320 3502 justifica-

113 3508 200 3567 tionis
229 3527 344 3567 scnsum
372 3509 502 3568 amittere
531 3508 633 3567 saltem
657 3507 695 3566 ad
722 3515 854 3583 tempus,
877 3505 943 3564 Non
961 3514 1057 3582 potest
1070 3513 1167 3564 tamen
1177 3508 1242 3584 jure
1258 3507 1321 3584 ipso

113 3589 257 3648 excidere.
289 3589 352 3648 Etsi
367 3589 531 3666 adoptionis
545 3587 648 3646 solatio
663 3588 800 3664 privetur,
812 3605 870 3643 non
884 3593 980 3644 tamen
992 3586 1087 3646 statim
1103 3587 1154 3645 illa
1167 3586 1321 3667 adoptione

114 3668 239 3741 exuitur,
255 3677 287 3728 ut
298 3668 374 3728 filius
387 3669 439 3726 1111
454 3668 571 3726 Diaboli
585 3677 614 3726 et
625 3687 726 3726 servus
739 3667 858 3744 peccati,
874 3666 924 3743 qui
937 3665 1031 3726 111111
1044 3667 1138 3726 fuerat
1152 3668 1246 3727 Filius
1255 3669 1320 3727 Dei.

116 3747 194 3803 Etsi
209 3766 307 3804 semen
327 3748 405 3807 istud
424 3749 455 3806 in
476 3748 562 3807 corde
586 3747 666 3823 latet,
689 3767 741 3805 nec
762 3745 832 3804 foris
847 3766 877 3804 se
892 3747 988 3824 prodit
1002 3747 1039 3806 ad
1053 3747 1163 3808 fructus
1177 3747 1319 3820 ferendos,

116 3844 175 3880 non
188 3825 309 3884 moritur
322 3835 418 3886 tnmmr
429 3851 437 3888 ι
449 3827 511 3886 rita
531 3847 644 3904 semper
658 3835 702 3886 est
715 3826 745 3884 in
759 3825 864 3885 radice.
881 3825 974 3886 Actus
988 3827 1056 3885 fidei
1069 3836 1165 3904 potest
1179 3825 1320 3900 intercipi,

116 3901 169 3960 sod
183 3921 242 3960 non
256 3903 316 3980 ipse
330 3907 447 3964 habitus
461 3909 567 3982 excuti,
582 3916 615 3966 ut
630 3907 706 3983 ignis
720 3906 770 3984 qui
785 3905 839 3965 sub
853 3906 998 3965 cineribus
1021 3906 1101 3980 latet,
1125 3914 1157 3962 ut
1182 3904 1243 3961 vita
1257 3922 1321 3977 quie

117 3979 311 4120 spiristdcliquia
325 3986 441 4061 patitur,
456 3994 489 4044 ut
501 3988 600 4062 planta
614 3987 735 4046 durante
755 3987 868 4064 hyeme,
890 4006 955 4062 quae
975 4004 1029 4042 nec
1043 3982 1133 4056 floret,
1150 4001 1203 4039 nec
1223 3981 1321 4039 fructi·

139 4081 173 4119 cn
188 4105 195 4118 .
549 4082 554 4093 ·

160 4141 265 4200 XLII.
287 4141 379 4200 Aliud
393 4151 437 4201 est
451 4142 565 4203 fidelem
579 4145 706 4222 graviter
719 4152 894 4224 peccantem,
910 4161 974 4200 esse
995 4159 1047 4198 suo
1068 4139 1170 4197 merito
1185 4137 1321 4198 damnan-

118 4221 196 4296 dum,
213 4222 237 4278 si
252 4221 347 4298 quoad
361 4241 392 4280 11
404 4222 433 4280 11
449 4241 534 4282 11111
549 4225 643 4284 diviso
663 4233 827 4302 spectetur,
849 4221 941 4280 Aliud
953 4219 977 4278 si
986 4217 1182 4276 consideretur
1196 4217 1225 4275 11
1237 4237 1323 4277 11111

117 4301 285 4376 composito,
296 4311 325 4361 et
334 4301 430 4378 quoad
440 4302 593 4362 Decretum
604 4305 667 4364 Dei.
687 4305 780 4363 Priori
791 4321 878 4362 sensu
888 4319 989 4359 verum
999 4305 1044 4356 est
1051 4317 1132 4356 reum
1141 4317 1204 4356 esse
1213 4298 1322 4370 mortis,

117 4389 147 4440 et
162 4381 230 4438 siin
245 4401 279 4438 1ο
291 4389 368 4440 statu
379 4390 544 4459 moreretur,
561 4391 639 4442 certo
653 4384 856 4443 damnandum.
901 4379 959 4439 Sed
972 4377 1123 4456 posteriori
1131 4385 1208 4436 recte
1219 4377 1325 4436 dicitur

118 4459 314 4520 absolvendus
328 4471 357 4520 et
372 4461 545 4537 salvandum
567 4465 631 4522 Deo
645 4463 686 4524 ita
699 4465 838 4523 immensa
852 4481 905 4520 sua
918 4459 1056 4519 charitate
1068 4467 1096 4518 et
1111 4457 1250 4535 sapientia
1264 4477 1325 4514 rem

10 4523 12 4564 ⁵
118 4540 297 4618 disponente,
310 4551 342 4600 ut
356 4560 504 4618 nunquam
518 4542 548 4600 in
557 4563 591 4603 eo
602 4551 679 4603 stetu
690 4545 783 4619 obeat,
799 4542 851 4602 sed
865 4541 944 4618 prius
959 4559 1012 4617 per
1024 4538 1091 4598 fidei
1106 4547 1135 4598 et
1148 4537 1324 4616 poenitentiae

118 4629 215 4680 actum
230 4631 400 4681 renovatum
422 4621 632 4700 redintegretur
646 4631 675 4682 et
688 4623 787 4682 redeat
800 4623 831 4680 in
845 4621 931 4695 viam,
955 4627 1107 4696 antequem
1124 4617 1273 4697 perveniat
1287 4615 1324 4675 ad

117 4711 233 4762 1111111.
278 4702 363 4762 Unde
383 4703 471 4780 juxta
495 4701 638 4780 duplicem
662 4711 749 4778 exim,
772 4702 836 4760 111
858 4701 921 4760 iste
943 4701 1160 4779 propositiones,
1175 4700 1243 4758 licet
1257 4718 1324 4757 con-
