3146 5210
133 393 251 444 11111181-
269 377 346 459 xm]
488 403 527 442 nn
543 403 659 445 ‹rrrrtno
674 405 787 446 cnrnsn
805 407 996 446 nsrurnnno.
1287 373 1345 431 ³105

134 545 229 594 torem
255 541 390 616 omnium,
414 544 466 602 sed
498 546 642 622 praecipue
669 547 807 622 fidelium,
845 547 957 606 lTim.
979 546 1018 605 iv.
1044 543 1109 604 10.''
1152 538 1227 614 Quia
1254 531 1345 624 gratis

134 620 308 694 supponitur
337 621 482 682 Christum
512 625 694 685 Servatorem
722 647 785 686 esse
819 647 927 703 eorum,
956 627 1062 704 quibus
1096 619 1254 698 acquiritur
1281 632 1345 690 qur·

136 695 204 756 dem
230 699 316 773 salus,
338 701 389 760 sed
411 723 469 761 non
493 706 662 782 applicatur.
705 707 778 765 Cum
801 707 848 764 vel
871 708 964 785 ipsum
978 703 1112 765 seruandi
1125 699 1245 760 verbum
1265 700 1347 751 notet

137 779 283 836 actualem
304 781 406 840 salutis
430 784 726 862 communicationem,
742 794 772 845 et
794 787 926 847 Christus
938 788 979 846 sit
999 787 1097 858 Jesus,
1113 800 1171 840 non
1185 784 1297 836 lantum
1312 791 1346 830 0⁰

136 857 218 932 quod
234 859 304 918 velit
318 871 368 919 ant
389 864 481 938 possit
495 884 619 939 servare,
635 874 664 924 et
688 865 768 943 quod
781 887 832 944 per
846 868 941 944 ipsum
955 887 1014 926 non
1029 874 1093 939 stet,
1117 858 1271 939 quominus
1294 853 1346 910 ho-

138 937 232 996 mines
255 950 414 1017 serventur,
435 943 487 1002 sed
509 944 587 1022 quod
605 946 700 1023 reipsa
714 954 744 1006 et
761 955 937 1008 actuservet
952 947 1095 1025 Populum
1117 959 1209 1014 suum,
1226 935 1348 996 sulutem

137 1037 196 1076 non
211 1019 297 1076 modo
308 1022 484 1098 acquirendo
498 1025 600 1084 merito
616 1045 677 1102 suo,
693 1027 789 1086 sedet
807 1028 981 1106 applicando
996 1024 1130 1097 efficacia,
1146 1039 1232 1097 quarn
1253 1015 1347 1072 inten-

135 1098 245 1156 tionem
268 1101 323 1158 Dei
347 1101 436 1162 fuisse
451 1104 481 1161 in
507 1105 622 1164 Christo
646 1107 797 1181 mittendo,
821 1117 851 1167 et
874 1108 1021 1168 missionis
1036 1105 1127 1182 ipsius
1148 1101 1234 1158 finem
1249 1102 1347 1172 aperte

138 1178 274 1255 designat
288 1179 423 1258 Angelus
445 1203 497 1260 per
515 1186 640 1244 nominis
661 1187 883 1264 impositionem.
927 1188 988 1248 Nec
1011 1188 1093 1245 locus
1117 1181 1210 1255 Pauli,
1241 1176 1347 1236 lTim.

136 1258 176 1316 iv.
195 1263 242 1318 10.
264 1262 438 1320 contrarium
464 1265 581 1340 evincit,
607 1267 676 1343 quia
690 1267 731 1325 ibi
752 1272 842 1348 curig,
869 1269 919 1344 qni
935 1269 964 1325 in
978 1264 1131 1346 posteriori
1155 1260 1288 1338 pericope
1302 1275 1348 1314 re-

135 1349 238 1432 spectu
252 1340 380 1399 fidelium
395 1345 509 1421 proprie
523 1353 552 1404 et
563 1345 662 1406 stricte
690 1347 821 1424 sumitur,
837 1348 934 1426 quoad
954 1348 1058 1407 vocula
1067 1349 1188 1422 μάλιστα
1201 1338 1303 1430 innuit,
1319 1336 1349 1430 in

136 1439 225 1496 prron
240 1420 335 1479 latiori
350 1442 437 1481 sensu
448 1445 499 1501 pro
513 1437 710 1486 conservatore
731 1427 856 1504 ponitur,
873 1448 907 1486 eo
929 1427 1008 1506 quod
1028 1427 1135 1503 inipso
1151 1441 1258 1492 sumus
1274 1437 1349 1475 vrvi-

139 1519 204 1558 mus
219 1509 249 1558 et
263 1521 422 1577 movemur,
440 1505 507 1564 Act.
523 1506 596 1565 xvii.
612 1511 660 1583 28,
682 1508 838 1584 quomodo,
850 1509 927 1566 Psal.
942 1507 1047 1567 xxxvi.
1062 1509 1089 1572 6,
1105 1504 1143 1562 ad
1157 1521 1243 1579 quern
1254 1501 1349 1558 locum

141 1579 250 1639 Paulus
276 1581 387 1657 alludit,
414 1583 520 1644 dicitur
545 1586 654 1645 “Deus
681 1586 814 1647 homines
835 1597 865 1646 et
887 1589 1021 1665 jumenta
1043 1585 1127 1662 σάζω
1148 1577 1349 1642 conservare.'’

143 1659 228 1719 Unde
244 1661 403 1739 Chrysost,
427 1664 593 1740 Cacumen,
606 1668 771 1742 Primasius,
789 1669 962 1726 Ambrosius
977 1668 1077 1726 dieunt
1088 1683 1151 1724 esse
1168 1663 1349 1721 Servatorem

137 1741 269 1800 omnium
283 1743 312 1799 in
321 1745 465 1819 praesceti,
481 1745 511 1803 id
525 1755 665 1822 quantum
680 1746 717 1804 nd
731 1748 822 1804 vitam
836 1757 1016 1825 praesentem,
1030 1746 1080 1804 sod
1095 1743 1223 1802 fidolium
1239 1746 1350 1798 tantum

138 1822 282 1896 insuturo,
298 1829 327 1880 et
341 1823 437 1899 quoad
450 1825 541 1883 vitam
556 1833 700 1901 aeternam,
727 1834 756 1885 et
776 1827 879 1886 Thom.
894 1828 925 1886 in
938 1828 969 1886 h.
983 1827 1013 1900 1.,
1057 1824 1143 1900 “Qui
1157 1831 1201 1882 est
1217 1819 1351 1879 Salvator

141 1901 211 1959 vitre
219 1904 367 1978 praesentis
377 1913 406 1963 et
415 1901 527 1980 futurae,
541 1906 615 1979 Quia
629 1907 724 1966 salvat
736 1908 829 1966 salute
840 1908 981 1985 corporali
1002 1905 1098 1982 quoad
1113 1922 1221 1974 omnes,
1237 1908 1266 1959 ct
1284 1896 1351 1956 ideo

138 1981 221 2054 dicit,
238 1980 369 2042 Omnium
386 1985 543 2060 homiuum,
557 1985 632 2045 Item
642 1986 735 2046 salute
750 1987 894 2064 spirituali
907 1987 1004 2065 quoad
1018 1987 1119 2060 bonos,
1134 1993 1163 2042 et
1184 1983 1249 2041 ideo
1271 1979 1350 2054 dicit,

142 2061 274 2120 Maximo
286 2061 443 2123 fidelium.”

183 2141 255 2200 XV.
278 2147 305 2200 2.
320 2143 368 2200 Ad
383 2144 487 2220 locum,
514 2145 584 2204 Joh.
608 2165 638 2203 x.
652 2149 698 2220 15,
721 2166 779 2205 non
794 2147 882 2207 debet
902 2148 1033 2224 Reponi:
1056 2149 1074 2179 “
1087 2147 1164 2206 Oves
1180 2165 1230 2222 pro
1245 2143 1351 2221 quibus

138 2221 265 2280 animam
280 2223 383 2299 posuit,
399 2245 458 2282 non
471 2245 534 2284 esse
557 2225 635 2283 solos
661 2227 808 2286 Electos.’'
852 2228 924 2287 Nam
940 2229 1022 2286 locus
1036 2226 1112 2285 clare
1127 2225 1212 2284 docet
1233 2243 1291 2282 non
1314 2223 1352 2282 ad

137 2301 212 2360 alios
227 2323 312 2378 quam
328 2303 365 2360 nd
380 2305 497 2364 Eiectos
511 2325 597 2382 posse
608 2307 760 2382 pertinere,
778 2327 842 2366 cum
857 2317 961 2385 agatur
976 2308 1012 2367 de
1035 2307 1155 2379 Ovibus,
1170 2325 1236 2383 quas
1251 2323 1351 2363 rocem

141 2382 251 2440 Christi
265 2383 394 2458 audiunt,
410 2393 439 2443 st
454 2405 518 2461 quae
532 2405 599 2444 eum
614 2397 783 2464 sequuntur,
800 2407 872 2465 quas
894 2389 942 2446 illo
964 2389 1046 2446 novit
1060 2395 1089 2445 et
1103 2386 1200 2462 diligit
1212 2385 1351 2460 impense,

138 2482 213 2538 quas
239 2461 325 2521 debet
339 2464 491 2539 adducere,
512 2475 544 2524 ut
559 2466 631 2523 fiant
655 2487 731 2526 unus
757 2489 829 2541 grex
855 2468 909 2528 sub
931 2489 989 2528 uno
1019 2469 1147 2540 Pastore,
1163 2485 1223 2524 ver.
1242 2468 1287 2537 15,
1305 2467 1351 2538 16,

139 2543 247 2618 quibus
262 2541 381 2602 daturus
396 2554 440 2604 est
449 2545 539 2605 vitam
554 2554 699 2619 aternam,
716 2556 745 2606 et
760 2567 832 2624 quas
847 2567 931 2606 nemo
946 2568 1045 2624 rapere
1056 2555 1152 2624 potest
1163 2567 1200 2604 ex
1219 2544 1353 2603 manibus

140 2623 257 2698 Christi,
273 2623 351 2701 quod
365 2624 400 2682 de
415 2625 480 2683 aliis
501 2645 588 2702 quam
602 2625 638 2684 de
662 2628 773 2686 Electis
797 2628 855 2685 dici
876 2649 935 2688 non
959 2635 1063 2704 potest,
1085 2627 1138 2703 qui
1160 2645 1230 2684 oves
1252 2624 1351 2682 dicun-

137 2711 197 2776 tur,
230 2712 292 2762 tum
324 2704 528 2764 antecedenter
562 2706 675 2766 ratione
704 2707 905 2766 destinationis
938 2709 975 2765 ab
1002 2717 1120 2777 aterno,
1156 2714 1216 2764 tum
1253 2723 1348 2762 conse·

137 2793 265 2860 qncntur
288 2783 398 2843 ratione
423 2785 585 2844 vocationis
606 2786 635 2843 in
664 2795 802 2863 tempore.
861 2789 916 2846 Vel
948 2787 1063 2861 “Quod
1088 2786 1200 2843 dicatur
1222 2783 1353 2860 posuisse

140 2863 267 2920 animam
294 2883 374 2922 snam
396 2885 448 2941 pro
464 2865 584 2939 Ovibus,
617 2867 687 2942 quia
708 2868 777 2925 solas
792 2867 996 2926 Oresfructns
1017 2875 1108 2925 rrrorte
1129 2864 1266 2940 quaesitos
1289 2883 1353 2940 pcr-

139 2943 259 3019 cipiant,
286 2943 356 3002 dum
371 2945 482 3003 crateris
497 2953 614 3022 propter
638 2947 871 3006 incredulitatem
896 2947 969 3005 nulli
994 2966 1071 3004 mors
1087 2944 1204 3002 Domini
1219 2944 1282 3001 usui
1299 2950 1352 3001 cst.

143 3023 190 3081 Ita
203 3023 276 3082 mori
290 3045 342 3101 pro
365 3026 471 3101 aliquo,
497 3026 547 3084 vel
570 3025 734 3102 significare
758 3027 928 3103 simpliciter
950 3047 984 3085 co
999 3026 1103 3099 animo,
1126 3024 1197 3082 rnori
1213 3032 1246 3081 nt
1267 3023 1354 3080 alicui

142 3103 244 3180 prosis,
261 3105 340 3181 quod
362 3112 494 3181 respectu
517 3105 645 3164 omnium
666 3106 762 3164 locum
776 3107 890 3180 habeat,
906 3105 1054 3165 ueletiam
1069 3125 1121 3182 pro
1135 3125 1169 3162 eo
1184 3104 1264 3178 mori,
1281 3113 1313 3161 ut
1327 3103 1354 3160 oi

139 3203 242 3260 reapse
264 3185 366 3260 prosis,
389 3184 468 3261 quod
488 3185 525 3244 de
547 3186 660 3246 Ovibus
674 3195 787 3245 tantum
808 3186 950 3245 dicatur.”
993 3187 1067 3259 Quia
1090 3184 1203 3261 phrasis
1228 3183 1352 3242 animam

134 3265 325 3340 ponendipro
336 3266 430 3341 aliquo
441 3284 500 3323 non
510 3267 604 3342 magis
613 3267 751 3344 potested
764 3266 907 3324 fructuum
919 3267 1018 3325 mortis
1026 3265 1132 3324 Christi
1141 3265 1353 3340 perceptionem

143 3343 250 3420 referri,
267 3365 353 3420 quarn
368 3363 457 3421 quum
483 3345 589 3404 dicitur
617 3367 648 3405 ss
677 3346 791 3405 dedisse
818 3348 961 3427 ainshvrgor
984 3366 1036 3423 pro
1057 3345 1199 3417 omnibns,
1229 3363 1293 3420 quae
1318 3343 1353 3402 arl

140 3443 242 3482 omnes
264 3434 292 3484 ct
314 3424 446 3500 singulos
460 3424 637 3485 extenditur.
680 3427 742 3484 Nec
763 3426 823 3484 ulla
843 3436 887 3486 est
908 3428 989 3502 ratio,
1013 3447 1064 3484 cur
1084 3426 1134 3483 illa
1154 3425 1294 3484 reseratur
1317 3425 1355 3480 ad

142 3503 278 3563 affectum
299 3515 328 3564 ct
349 3503 482 3563 effectum
506 3505 601 3580 simul,
625 3506 681 3564 ista
712 3526 783 3564 vero
807 3505 844 3564 ad
867 3507 1000 3567 affectum
1029 3515 1150 3580 tentum,
1174 3514 1203 3564 ot
1227 3505 1354 3562 animum

139 3583 274 3662 juvandi.
318 3586 379 3643 Nec
391 3585 504 3662 concipi
518 3593 615 3662 potest
638 3585 708 3662 quid
731 3587 768 3644 sit
790 3587 965 3646 discriminis
987 3588 1062 3646 inter
1085 3589 1139 3646 ista
1162 3586 1229 3646 duo.
1279 3585 1354 3642 Nem

136 3665 192 3741 qui
207 3667 272 3724 vult
295 3665 461 3742 proaliquo
480 3665 563 3742 mori,
589 3673 622 3724 ut
635 3666 677 3723 illi
699 3666 798 3742 prosit,
812 3667 875 3725 vult
896 3687 930 3726 eo
944 3668 1007 3746 ipso
1028 3667 1071 3726 illi
1092 3667 1186 3744 reipsa
1208 3665 1353 3744 prodesse,

142 3754 172 3803 ct
186 3746 281 3822 reipsa
308 3746 352 3803 ssli
367 3744 495 3822 prodest,
511 3765 601 3823 quum
615 3755 719 3822 potest,
736 3746 807 3804 alias
822 3747 968 3806 reddenda
978 3748 1033 3806 erit
1053 3749 1134 3823 ratio,
1151 3767 1202 3805 cnr
1223 3745 1355 3805 Christus

139 3824 272 3883 obtineat
286 3825 405 3900 quidem
420 3825 499 3901 quod
515 3825 640 3884 intendit
662 3827 691 3882 in
713 3826 834 3899 Ovibus,
851 3827 902 3885 sed
923 3828 1039 3886 excidat
1060 3849 1112 3886 suo
1127 3847 1214 3903 scopo
1237 3828 1265 3882 in
1287 3823 1352 3882 reli-

139 3902 219 3976 quis.
260 3903 328 3978 Vel,
356 3907 374 3938 ‘²
390 3905 457 3963 Non
472 3907 600 3982 potuisse
614 3906 687 3964 mori
702 3925 754 3982 pro
766 3907 877 3966 Ovibus
891 3927 950 3983 qua
963 3908 1078 3980 talibus,
1094 3907 1163 3983 quia
1177 3907 1218 3963 sic
1232 3903 1355 3962 fuissent

144 3981 225 4038 Oves
239 3982 357 4058 Christi,
384 3991 538 4062 antequem
562 3995 693 4045 mortuus
707 3985 809 4045 fuisset
823 4006 874 4063 pro
889 3987 956 4060 illis,
972 3995 1001 4045 et
1028 4007 1077 4044 eas
1096 3995 1128 4044 ut
1153 4003 1219 4042 suas
1230 3982 1354 4057 aequisi-

144 4060 257 4134 visset3
281 4063 334 4120 sed
349 4071 461 4122 tantum
484 4085 543 4142 qua
565 4066 774 4144 peccatoribus,
801 4066 959 4143 quodcum
984 4085 1134 4124 commune
1163 4064 1200 4121 sit
1214 4062 1287 4135 aliis,
1303 4081 1355 4136 pro

144 4139 210 4198 aliis
226 4140 313 4198 etiam
329 4142 454 4202 animam
477 4146 638 4223 posuisse.”
682 4145 756 4220 Quia
779 4147 848 4204 licet
867 4166 926 4204 non
948 4153 1046 4203 essent
1068 4145 1162 4216 adhuc
1186 4145 1257 4202 Ores
1280 4149 1353 4215 octar,

145 4227 230 4279 erant
244 4229 343 4280 tamen
368 4225 558 4299 destinatione,
582 4247 641 4303 qua
656 4225 731 4284 datae
746 4226 861 4285 fumant
876 4225 990 4284 Christo
1013 4223 1189 4282 redimendes
1214 4231 1243 4280 et
1257 4222 1355 4297 ecqui-

145 4299 244 4358 rendae
263 4309 402 4378 tanquam
415 4304 493 4363 bono
508 4306 630 4381 Pastori,
644 4305 696 4382 qui
717 4307 833 4382 proprio
858 4306 997 4381 sanguine
1019 4303 1119 4362 debuit
1133 4321 1182 4362 eas
1204 4301 1354 4376 redimere,

144 4379 227 4458 prius
243 4399 315 4456 ergo
339 4383 415 4441 datae
438 4393 505 4444 sunt
524 4386 639 4444 Christo
663 4387 693 4444 in
719 4387 775 4444 Dei
794 4386 923 4459 consilio,
949 4403 1034 4460 quarn
1054 4381 1161 4441 suerint
1180 4381 1356 4440 inmanibus

145 4461 266 4536 Christi,
276 4462 298 4521 J
300 4463 347 4521 oh.
359 4462 432 4521 xvii.
447 4469 495 4524 24.
518 4466 581 4524 Imo
597 4466 704 4525 Christi
718 4465 809 4543 ipsius
820 4465 918 4523 missio
932 4463 1069 4522 fundatur
1082 4463 1112 4520 in
1128 4463 1178 4520 illa
1192 4461 1355 4534 donatione,

148 4543 166 4574 “
180 4539 254 4600 Haec
270 4549 315 4600 cst
330 4543 493 4620 voluntas,'’
513 4545 615 4622 inquit,
629 4547 732 4622 “Ejus
746 4547 796 4621 qni
811 4545 889 4603 misit
899 4565 954 4619 mo,
967 4556 998 4602 nt
1012 4542 1150 4619 quioquid
1164 4541 1233 4600 mihi
1244 4541 1357 4600 dederit

147 4641 209 4680 non
224 4623 344 4698 perdam
359 4641 396 4680 ex
408 4643 451 4700 en,
468 4625 518 4684 sed
539 4625 673 4685 suscitem
689 4625 762 4684 illud
786 4627 816 4682 in
830 4626 932 4684 ultimo
951 4625 1027 4697 die,’'
1051 4625 1122 4683 Joh.
1147 4624 1186 4680 vi.
1212 4624 1259 4695 39,
1286 4621 1357 4680 alies

145 4703 208 4762 nisi
229 4712 323 4765 cestus
337 4703 443 4781 uliquis
457 4706 660 4766 salvandorum
683 4707 854 4764 obversatus
879 4705 980 4764 suisset
997 4707 1058 4764 l'tco
1074 4704 1228 4763 destinanti
1243 4703 1356 4764 mittere
