3150 5206
244 361 303 419 212
422 383 429 396 ·
702 377 793 418 nocua
808 377 1008 418 nuonacnrrs.
1266 353 1448 437 [curantr.

247 519 408 592 moriemur,
431 517 497 592 quia
518 516 636 576 vidiant
654 519 756 577 Deam.
800 519 858 578 Sed
879 519 909 576 in
927 518 963 577 N.
978 519 1011 577 Τ.
1028 525 1072 576 est
1092 523 1206 594 tempus
1227 518 1370 593 libertatis,
1385 519 1452 596 quis

248 599 333 676 plene
347 597 492 656 revelatur
506 595 600 656 foedus
614 597 716 674 gratia
729 598 808 676 qnod
823 605 942 676 generat
955 598 992 656 ad
1006 598 1178 670 libertatem,
1194 597 1261 656 Gal.
1275 596 1316 655 iv.
1331 601 1380 657 26.
1415 597 1450 655 In

249 697 307 756 quo
321 677 522 754 promulgatur
534 697 586 756 per
599 677 759 737 Jubilaeum
774 679 984 754 Evangelicum
998 678 1118 736 libertas
1132 677 1264 754 captivis,
1281 677 1339 736 Isa.
1354 677 1406 736 lxi.
1422 683 1449 752 l,

249 761 277 832 2,
294 765 323 816 ct
336 758 459 834 Spiritus
472 777 530 816 non
544 755 668 834 amplius
683 757 831 818 servitutis
842 757 998 816 admotum
1010 758 1093 815 nobis
1104 757 1197 829 datur,
1213 757 1266 816 sad
1275 757 1450 833 Adoptionis,

249 837 379 914 adeoque
392 837 535 896 libertatis
545 835 582 896 ad
591 833 734 910 fiduciam,
750 857 801 914 per
814 857 899 914 quern
915 838 1071 896 clamamus
1083 837 1170 895 Abba
1185 837 1280 911 Peter,
1294 836 1379 895 Rom.
1390 837 1452 896 viii.

252 921 298 977 15.
324 917 413 978 “Ubi
428 917 554 994 Spiritus
569 917 695 994 Domini,
712 917 753 975 ibi
766 917 915 993 libertos,''
928 917 1074 976 acontii.
1088 920 1134 991 17,
1144 935 1203 975 ιιοιι
1213 925 1326 976 tantum
1336 917 1452 975 internae

249 997 468 1072 communionis,
480 1017 545 1074 quae
557 997 692 1055 Patribus
705 1017 764 1055 non
777 996 877 1071 defuit,
893 997 944 1054 sed
958 1005 988 1055 ct
1001 1006 1125 1054 extense
1138 995 1380 1073 dispensationis3
1396 1015 1453 1054 non

251 1085 362 1137 tantum
391 1077 509 1135 libertas
534 1077 701 1152 Filiotionrssr,
730 1097 795 1153 quac
823 1077 909 1135 etiem
937 1076 1096 1135 infantibus
1119 1076 1263 1150 convenit,
1290 1075 1343 1134 scd
1367 1075 1452 1134 etiam

251 1157 503 1233 Ernancz'potionis,
524 1175 589 1232 quae
603 1157 741 1233 competit
759 1163 871 1214 tantum
891 1155 1017 1232 adultis;
1039 1175 1098 1214 non
1112 1163 1224 1214 tantum
1238 1155 1337 1233 quoad
1349 1157 1404 1214 Jas
1425 1165 1454 1214 et

251 1257 330 1294 raum
342 1237 405 1312 ejus
414 1255 447 1294 ac
455 1257 564 1294 senecia
575 1237 732 1294 inchoatam
744 1244 772 1294 et
783 1237 972 1312 imperfectum
982 1260 994 1308 ,·
1010 1236 1061 1294 sed
1075 1236 1168 1294 totalis
1181 1243 1210 1294 et
1218 1239 1349 1312 perfecta
1359 1235 1455 1313 quoad

250 1335 360 1374 sensum
374 1323 403 1373 et
417 1335 496 1372 zoom
506 1319 630 1390 pierium,
645 1335 805 1392 perquam,
821 1324 854 1373 ut
867 1316 1021 1375 mittuntur
1034 1315 1064 1372 in
1078 1314 1288 1392 possessionem
1302 1315 1455 1388 bonorum,

252 1395 292 1453 ita
306 1394 421 1470 plenam
436 1413 534 1454 eorum
548 1395 680 1454 notitiam
694 1403 723 1454 ct
737 1411 858 1453 sensum·
868 1395 976 1454 habent
989 1395 1027 1452 ad
1047 1395 1093 1452 sui
1113 1395 1248 1454 solatium
1262 1403 1292 1454 et
1304 1393 1374 1454 fidei
1388 1409 1455 1458 πλη·
1551 1463 1552 1484 ,

250 1476 372 1553 esebi·

268 1617 290 1664 7.
305 1619 411 1665 Ratione
419 1620 478 1664 Am·

306 1678 435 1736 plitudinis
442 1693 448 1732 ;

556 1551 681 1612 XXIV.
703 1557 731 1613 7.
748 1552 871 1613 Ratione
880 1554 1079 1630 Amplitodinie
1087 1577 1099 1628 ;
1121 1553 1196 1628 Quia
1210 1554 1247 1613 V.
1263 1553 1297 1612 T.
1315 1553 1454 1612 adunam

515 1633 640 1693 Gentem
654 1634 890 1711 restringebatur,
905 1633 984 1692 salus
998 1643 1067 1693 tunc
1081 1643 1141 1692 erat
1151 1641 1264 1692 tantum
1274 1634 1454 1708 Judreorum,

516 1713 586 1774 Joh.
602 1713 641 1773 iv.
656 1718 704 1790 22,
720 1733 778 1772 non
794 1714 835 1773 sic
849 1713 956 1773 feceret
970 1713 1048 1772 omni
1071 1714 1160 1791 genti,
1177 1713 1254 1772 Psal.
1279 1713 1381 1772 cxlvii.
1407 1716 1454 1786 19,

254 1795 309 1872 20;
328 1794 386 1854 Sed
397 1793 512 1853 Novum
522 1793 772 1854 indiscriminatim
782 1794 821 1852 ad
834 1813 933 1852 omnes
944 1793 1118 1870 extenditur,
1133 1803 1166 1852 ut
1180 1794 1210 1851 in
1220 1793 1299 1851 omni
1310 1801 1398 1870 gente
1408 1812 1455 1851 ac-

253 1884 355 1951 ceptus
370 1876 407 1934 sit
421 1875 471 1952 qui
485 1893 550 1933 eum
565 1875 656 1950 timet,
672 1883 701 1934 ct
714 1894 830 1952 operam
844 1873 895 1933 dat
904 1873 1035 1951 justitiae,
1052 1873 1121 1932 Act.
1135 1893 1165 1931 x.
1180 1876 1228 1950 34,
1245 1875 1301 1947 35;
1316 1873 1406 1932 nullis
1420 1873 1454 1930 li-

253 1955 372 2013 mitibus
386 1962 556 2029 coarctatur,
568 1973 622 2013 nec
632 1955 756 2032 amplius
766 1963 844 2013 certo
858 1953 923 2012 loco
934 1953 1070 2029 alligatur
1082 1952 1137 2011 Dei
1152 1953 1255 2029 cultus,
1272 1952 1365 2012 sedin
1377 1953 1455 2011 omni

253 2034 326 2106 loco,
342 2035 428 2092 modo
443 2034 571 2092 sincerus
585 2041 614 2092 ct
627 2053 716 2110 purus
731 2034 776 2107 sit,
792 2033 835 2091 illi
848 2053 981 2110 peraeque
995 2041 1040 2092 est
1053 2041 1197 2109 acceptus.
1240 2033 1339 2091 Antea
1352 2041 1457 2110 gentes

254 2113 424 2172 dicebantur
439 2115 544 2188 procul
556 2133 621 2188 esse,
644 2121 673 2170 ct
686 2113 786 2172 alienia
799 2133 818 2170 a
830 2115 949 2187 soedere,
966 2113 1040 2189 Eph.
1055 2111 1085 2170 ii.
1103 2116 1149 2171 12.
1193 2112 1250 2171 Sed
1270 2133 1348 2172 nunc
1362 2113 1454 2172 disso-

253 2193 315 2252 luto
330 2193 438 2270 pariete
452 2191 628 2268 intergerino
641 2191 675 2250 fit
689 2191 861 2250 coadunatio
875 2192 1007 2266 duorum,
1022 2192 1043 2250 J
1045 2191 1193 2251 udaeorum
1207 2191 1317 2251 scilicet
1332 2199 1362 2251 et
1376 2193 1455 2252 Gen·

252 2272 348 2331 tilium
362 2272 392 2328 in
414 2289 502 2328 unum
517 2270 647 2348 Corpus;
669 2279 773 2330 utnon
795 2273 852 2330 sint
866 2271 989 2348 amplius
1004 2271 1070 2346 duo,
1086 2271 1138 2330 scd
1158 2291 1256 2348 unum,
1271 2292 1301 2331 v.
1319 2275 1366 2331 14.
1409 2273 1457 2332 Ita

253 2351 285 2408 in
299 2350 415 2410 Christo
434 2369 493 2408 non
514 2350 637 2428 amplius
650 2359 695 2408 est
717 2349 867 2410 “Judoeus
888 2360 938 2410 aut
953 2351 1081 2425 Graecus,
1106 2351 1216 2428 Scytha
1232 2359 1282 2410 aut
1297 2351 1455 2426 Barbarus,

256 2431 322 2488 Mas
336 2437 386 2488 aut
401 2429 542 2504 Foemina,
558 2429 610 2488 sed
624 2429 755 2490 Christus
770 2431 867 2489 omnia
880 2432 910 2488 in
924 2431 1087 2506 omnibus,”
1104 2431 1165 2490 Col.
1179 2431 1221 2490 iii.
1238 2435 1285 2490 ll.

558 2507 665 2568 XXV.
688 2511 715 2568 8.
742 2509 866 2568 Ratione
891 2511 1073 2583 Durationis,·
1093 2511 1168 2586 Quia
1187 2511 1284 2570 Vetus
1300 2510 1357 2570 fuit
1380 2511 1456 2570 anti-

516 2589 672 2664 quandum,
694 2597 724 2648 et
738 2589 840 2648 durare
854 2589 955 2650 debuit
974 2598 1087 2649 tantum
1100 2609 1192 2668 usque
1206 2591 1244 2650 ad
1265 2599 1380 2667 tempus
1393 2588 1457 2685 διας-

516 2669 612 2745 tolnae,
629 2669 705 2728 Heb.
721 2669 761 2728 ix.
778 2671 824 2745 10,
840 2669 902 2730 Jer.
917 2671 1001 2729 xxxi.
1016 2672 1064 2746 31,
1080 2669 1217 2746 quodvel
1240 2671 1337 2748 pelam
1348 2671 1457 2730 evincit

254 2747 389 2808 Judaioae
409 2747 533 2823 Reipub.
554 2751 674 2823 eversio,
696 2749 835 2808 Tribuum
858 2749 997 2825 confusio,
1018 2749 1140 2827 Templi,
1161 2751 1268 2828 inquo
1289 2751 1385 2809 cultus
1406 2751 1456 2808 ille

253 2828 437 2906 peragendus
451 2827 514 2906 fuit,
530 2829 723 2908 irreparabilis
737 2850 788 2907 per
802 2838 846 2890 tot
860 2830 957 2889 secula
970 2829 1137 2889 destructio.
1177 2829 1220 2890 At
1235 2831 1311 2888 Nor.
1320 2830 1399 2890 Test.
1412 2839 1457 2888 est

253 2908 431 2968 immutabile
446 2916 475 2966 et
493 2919 631 2988 perpetuo
651 2909 819 2970 duraturum
838 2909 879 2976 ira
893 2909 1028 2976 wiuari«
1042 2917 1086 2969 τοῦ
1104 2914 1194 2986 atim,
1209 2910 1247 2969 ad
1261 2911 1346 2988 cujus
1365 2907 1455 2968 adori-

180 3033 186 3044 .
253 2990 453 3049 nistrationcm
468 3009 533 3048 cum
547 2991 689 3068 pertineat
702 2991 848 3068 perfectio,
864 3011 922 3048 uon
936 2999 981 3050 est
995 2991 1097 3049 iterum
1110 2990 1290 3067 expectanda
1303 2991 1362 3048 alia
1374 3009 1454 3048 reve·

253 3069 332 3146 latio,
347 3089 401 3129 nec
415 3069 495 3129 aliud
514 3071 714 3148 sacerdotium,
730 3079 760 3131 ct
774 3070 954 3145 sacrificium,
969 3079 1074 3148 prester
1087 3069 1160 3129 illud
1175 3069 1291 3145 Christi,
1303 3069 1353 3147 qni
1364 3067 1459 3128 facus

254 3157 298 3209 est
314 3149 464 3225 Sacerdos,
479 3159 509 3209 et
518 3151 850 3228 jurejurandosaneitus
864 3171 902 3209 ex
916 3151 947 3208 vi
960 3149 1155 3210 indissolubilia
1165 3150 1235 3226 vitm,
1253 3149 1331 3208 Heb.
1344 3149 1395 3208 vii.
1408 3151 1457 3207 16.

255 3229 341 3288 Unda
356 3229 549 3306 Evangelium
565 3239 703 3288 aeternum
717 3241 846 3305 vocatur,
863 3229 958 3307 Apoc.
972 3231 1034 3288 xiv.

266 2575 293 2621 8.
309 2575 414 2622 Ratione
425 2574 473 2620 Du·

321 2633 430 2680 rationis.

718 3467 911 3540 QUAESTIO
933 3467 992 3526 IX.

605 3643 644 3682 DE
659 3643 805 3685 SPONSORE
820 3645 952 3687 FOEDERIS
966 3645 1097 3687 GRA'HAE.

253 3780 300 3838 Aa
314 3779 445 3840 Christus
456 3781 505 3840 aab
525 3784 557 3842 V.
570 3785 601 3842 T.
616 3783 744 3843 babuerit
765 3795 872 3845 tantam
885 3787 1023 3846 rationem
1038 3787 1188 3864 Sponsoris
1202 3791 1398 3867 Fidejusson's,
1413 3790 1459 3848 rin

455 3861 538 3922 etiam
553 3865 804 3942 Expromissorist
853 3866 900 3926 Pr.
917 3867 1001 3945 Neg,
1018 3868 1129 3928 Postcr.
1145 3867 1257 3928 Affirm.

294 4021 320 4079 I.
344 4021 386 4082 Ut
400 4022 511 4082 Natura
533 4023 665 4084 Foedcris
688 4023 796 4084 Gratiae
818 4025 933 4104 plenius
956 4037 1154 4104 cognoscatur,
1180 4037 1283 4087 notura
1305 4037 1335 4088 et
1356 4029 1457 4087 modus

255 4099 432 4178 Sponsionis,
449 4104 496 4162 oni
509 4103 649 4181 innititur,
665 4105 783 4182 propius
797 4106 987 4183 expendenda
1001 4115 1054 4166 est.
1096 4107 1163 4165 Non
1176 4115 1209 4166 ut
1229 4107 1409 4184 inquiramus
1427 4107 1456 4165 in

254 4179 384 4240 Officium
401 4183 508 4243 Christi
522 4183 735 4262 Mediatorium,
751 4185 788 4244 de
802 4205 860 4263 quo
874 4196 977 4264 agetur
990 4195 1091 4264 postea
1105 4207 1157 4246 suo
1171 4189 1244 4246 loco.
1275 4187 1334 4246 Sed
1347 4196 1456 4247 tantum
1546 4243 1547 4250 ,

252 4269 285 4320 ut
298 4261 402 4321 modus
419 4263 588 4340 Sponsionis
602 4263 639 4322 ab
659 4265 722 4342 ipso
736 4265 819 4324 laotae
834 4266 888 4325 sub
902 4267 1004 4327 Veteri
1018 4266 1203 4326 resumens
1224 4267 1351 4345 penitius
1373 4287 1457 4327 exou-
1546 4307 1547 4326 ι

251 4341 347 4418 tiator,
363 4341 400 4402 de
414 4363 472 4420 quo
486 4343 596 4404 moveri
609 4352 704 4422 potest
719 4345 856 4420 Qoaestio.

294 4421 336 4480 II.
359 4421 458 4500 Atque
472 4423 519 4482 hio
534 4424 564 4482 in
578 4432 758 4484 antecessum
772 4445 918 4485 recurrere
933 4426 1027 4502 debet,
1050 4427 1128 4504 quod
1149 4435 1215 4486 anta
1230 4427 1458 4498 observavimus,

253 4501 362 4560 Foedus
376 4503 432 4562 hoc
446 4504 564 4579 Gratias,
580 4504 658 4581 quod
672 4504 877 4566 instituebatur
891 4507 966 4566 inter
980 4508 1074 4565 Deum
1090 4505 1229 4566 offensum
1251 4515 1280 4565 ct
1302 4507 1456 4566 Hominem

251 4589 471 4657 paccatoremet
485 4603 574 4660 reum,
589 4604 648 4642 non
665 4585 794 4662 potuisse
815 4595 909 4646 ratum
930 4606 993 4646 esse
1014 4586 1070 4644 nisi
1091 4586 1255 4646 interventu
1278 4586 1458 4660 Mediatoris,
1545 4641 1546 4644 ,

252 4659 302 4736 qui
316 4669 412 4737 partes
426 4663 600 4723 dissidentes
613 4664 688 4724 inter
708 4684 739 4726 sc
760 4665 935 4742 conciliaret,
957 4675 987 4724 st
1009 4665 1162 4742 Sponsoris
1175 4666 1255 4725 vices
1277 4665 1380 4742 obiret,
1402 4683 1458 4725 non
