3146 5210
270 353 329 412 378
670 367 760 410 nosos
775 367 905 408 onerans
919 366 1066 416 ausuros.
1298 346 1443 430 [conss.
1460 371 1498 409 ιι

271 530 357 588 super
371 530 445 584 enm,
461 509 578 569 Jehova
592 509 659 567 feeit
674 518 705 567 nt
720 509 749 566 in
764 529 829 568 eum
851 511 1009 568 incurreret
1030 508 1198 586 iniquitas,”
1218 507 1261 567 id.
1276 529 1377 586 poenn
1391 511 1495 588 iniqui·

268 592 336 648 tatis
348 591 475 649 omniurn
489 597 636 663 nostrum,
647 599 676 647 et
697 609 757 647 ver.
775 589 820 664 10,
838 593 1018 666 “postquam
1033 589 1159 665 posuerit
1173 590 1305 648 animam
1321 611 1415 650 suam
1429 613 1495 648 :ns

268 671 417 729 victimam
431 690 483 746 pro
494 670 642 745 peccato,''
658 667 712 727 &a
755 669 826 742 Qnae
837 670 933 726 omnia
943 669 1167 728 satisfactionem
1177 670 1340 746 importare
1353 691 1398 730 ex
1407 673 1493 729 varis

269 751 424 827 colligitur,
443 753 468 808 l.
482 750 529 806 Ex
543 749 641 825 phrasi
650 751 928 825 portandipeccuta,
943 749 1077 825 quamvis
1090 749 1168 808 anim
1177 753 1206 808 τὶ
1212 753 1302 823 sem
1316 760 1350 809 et
1356 761 1491 827 portare,

270 830 425 906 aliquando
439 849 491 906 per
504 829 726 904 metonymieam
748 830 964 888 translationem
985 839 1108 906 ponatur
1127 849 1180 906 pro
1201 829 1317 889 auferre
1333 840 1368 889 et
1383 832 1491 890 condo-

269 930 338 969 nare
365 921 398 969 nt
420 909 515 968 Exod.
537 909 641 966 xxxiv.
664 912 691 983 7,
714 917 744 967 et
764 909 851 967 Num.
872 909 932 966 xiv.
958 912 1005 984 18,
1028 909 1094 968 Non
1115 909 1246 986 sequitur
1266 929 1304 968 eo
1327 931 1426 970 sensu
1448 912 1490 968 hia

269 991 396 1068 phrasim
411 991 496 1049 istam
511 988 679 1047 sumendam
691 1008 773 1064 esse;
796 988 988 1048 hnorationes
999 998 1067 1048 sunt
1080 989 1260 1065 gravissimae
1274 999 1406 1068 propter
1420 1012 1491 1068 qnae

269 1091 328 1129 non
343 1071 481 1130 debemus
495 1069 629 1127 recedere
643 1088 661 1125 a
674 1069 809 1145 primaria
823 1077 853 1128 et
866 1069 1056 1127 usitatissima
1075 1069 1296 1146 significatione,
1322 1073 1490 1129 secundnm

270 1171 357 1226 quam
379 1152 440 1227 ipsa
457 1150 580 1207 Socinus
600 1148 732 1224 agnoseit
748 1149 879 1208 Praeleet.
895 1167 956 1225 cap.
980 1152 1028 1224 21,
1040 1159 1160 1224 macuto
1175 1159 1299 1225 portare
1318 1150 1413 1210 idem
1428 1172 1490 1210 esse

269 1231 348 1306 quod
358 1238 539 1306 peccatorum
548 1249 649 1304 penus
659 1231 751 1303 serre,
767 1229 836 1305 quia
855 1249 913 1286 non
927 1237 1039 1286 tantum
1053 1229 1178 1288 occurrit
1190 1230 1314 1288 verbum
1330 1246 1398 1294 sas-s
1413 1232 1492 1308 qnod

269 1309 307 1368 ad
322 1309 480 1385 simplicem
501 1308 675 1368 ablationem
699 1309 810 1384 peceati
831 1308 986 1390 aliquando
1006 1309 1135 1385 refertur,
1158 1309 1210 1368 sed
1224 1318 1253 1368 et
1266 1310 1400 1370 verbum
1415 1315 1489 1382 icas,

269 1388 347 1464 quod
362 1389 457 1446 oneris
470 1389 596 1465 impositi
612 1389 802 1465 gestationem
822 1397 851 1447 et
872 1388 1078 1466 bajulationem
1092 1397 1181 1462 notat,
1198 1389 1280 1448 etsie
1294 1390 1377 1450 clare
1393 1411 1490 1468 poenae

269 1469 406 1526 lationem
421 1468 523 1526 innuit.
554 1472 581 1524 2.
598 1469 645 1524 Ex
659 1472 741 1526 modo
751 1470 899 1544 portandi,
914 1469 965 1544 qni
986 1468 1158 1528 describitur
1177 1489 1229 1546 per
1249 1469 1439 1530 attritionem
1462 1489 1490 1529 ar

269 1549 508 1622 vulnerationem,
523 1567 583 1606 ver.
599 1550 626 1622 5,
643 1551 670 1623 6,
686 1559 715 1607 et
726 1550 918 1624 conjectionem
933 1549 962 1606 in
976 1569 1046 1622 cum,
1056 1549 1135 1625 quod
1148 1548 1206 1608 diei
1228 1569 1287 1606 non
1301 1559 1419 1626 posset,
1432 1551 1490 1608 nisi
1545 1538 1550 1559 ¹

269 1649 384 1706 paenam
398 1628 510 1706 peceati
523 1628 552 1685 in
568 1647 598 1686 se
613 1630 786 1706 suscepisset
798 1651 804 1702 ;
828 1629 903 1687 Item
917 1627 995 1705 quod
1006 1627 1112 1687 dicitur
1125 1628 1203 1704 apud
1217 1629 1338 1688 Petrum
1347 1641 1489 1706 portasse

268 1712 298 1768 in
312 1729 431 1785 corpore
443 1729 493 1767 suo
507 1729 592 1785 super
606 1709 719 1784 liquam,
736 1708 846 1767 scilieet
859 1728 910 1784 per
923 1728 1016 1786 poeuae
1030 1709 1253 1785 perpessionem.
1290 1712 1317 1768 3.
1337 1711 1367 1768 A
1380 1711 1485 1786 simili,

269 1789 338 1866 quia
352 1811 386 1848 eo
400 1789 486 1847 modo
501 1797 631 1866 portasse
645 1788 758 1863 dieitur,
776 1808 834 1864 quo
855 1789 989 1847 Victima
1010 1796 1128 1864 peecata
1148 1789 1310 1865 portabant,
1328 1791 1488 1868 siquidem

270 1870 401 1946 posuisse
422 1869 547 1928 animam
568 1887 650 1927 susm
663 1877 731 1925 nata
746 1868 894 1926 victimam
915 1889 967 1945 pro
988 1877 1115 1944 peceato,
1139 1887 1200 1926 ver.
1224 1872 1270 1943 10,
1294 1870 1413 1929 seilicet
1435 1892 1489 1949 per

167 1943 172 1954 '
269 1950 370 2008 mortis
397 1950 611 2026 perpessionem
626 1957 655 2006 et
669 1948 818 2024 sanguinis
835 1949 977 2006 fusionem
996 1948 1062 2005 loeo
1084 1958 1278 2024 peccatorum.
1319 1952 1350 2008 4.
1375 1950 1486 2010 Omnia
1545 1991 1552 2014 ι

267 2049 333 2106 quae
347 2049 445 2088 veram
457 2028 680 2087 satisfactionem
691 2028 820 2088 indicant
833 2028 880 2089 hie
895 2037 1065 2087 occurrunt:
1083 2029 1179 2088 Causa
1192 2030 1341 2104 inpubium
1352 2038 1384 2088 et
1395 2032 1484 2090 mera·-

269 2111 351 2184 torr'u,
367 2119 486 2186 peccata
499 2109 633 2166 nimirum
648 2116 754 2182 nostra,
770 2129 828 2166 non
842 2128 902 2182 sua,
918 2108 1034 2166 attritus
1045 2119 1089 2167 est
1103 2128 1120 2166 a
1133 2107 1345 2168 defectionibus
1360 2113 1482 2186 noemia,

267 2209 327 2246 ver.
343 2193 370 2261 4,
387 2191 414 2262 5,
431 2192 458 2264 6,
480 2196 509 2245 et
526 2209 678 2262 penarum
693 2189 768 2263 lotio,
785 2189 852 2265 quia
867 2189 981 2246 dolores
995 2197 1109 2246 nostros
1130 2190 1264 2264 portavit,
1281 2209 1342 2247 var.
1358 2195 1397 2266 43
1424 2194 1486 2250 Dei

259 2269 365 2342 judicis
379 2267 533 2342 imputatis,
549 2267 666 2326 Jehova
686 2267 755 2326 feeit
776 2269 807 2326 in
831 2289 897 2326 eum
918 2269 1062 2327 incurrere
1083 2268 1250 2345 iniquitates
1264 2269 1396 2328 omnium
1411 2291 1482 2330 nos·

267 2357 352 2418 trum,
376 2366 437 2404 ver.
452 2350 490 2419 63
518 2347 625 2404 Chresti
647 2348 734 2404 Vadis
756 2349 918 2406 voluntaria
939 2350 1082 2424 susceptio,
1106 2349 1174 2425 quia
1197 2347 1321 2408 afflictus
1343 2350 1401 2410 fuit
1426 2373 1482 2411 nso
1546 2412 1549 2431 ,

266 2423 378 2502 aperuit
392 2445 425 2483 os
440 2443 531 2498 suum,
548 2423 611 2500 dee,
625 2445 684 2484 ver.
696 2428 715 2484 8
725 2448 733 2501 ;
744 2424 862 2485 Peccati
874 2429 1006 2504 expiatio,
1029 2437 1059 2487 et
1073 2427 1163 2487 debiti
1176 2429 1262 2506 plena
1276 2431 1395 2503 solutio,
1409 2433 1482 2508 quia

266 2505 391 2563 animam
412 2504 509 2582 posuit
529 2524 581 2580 pro
602 2505 716 2580 delicte,
733 2515 762 2564 et
782 2527 820 2564 ex
837 2507 949 2583 judicio
970 2517 1000 2566 et
1020 2509 1211 2567 coarctatione
1233 2521 1402 2587 assumptus
1424 2522 1480 2588 cst,

267 2605 327 2644 ver.
340 2589 367 2660 tt,
386 2587 432 2644 10.
475 2583 619 2658 Quorsum
632 2604 701 2643 vero
716 2586 772 2645 isto
786 2587 882 2646 omnia
896 2586 1067 2663 dicerentur,
1097 2588 1122 2648 si
1136 2589 1282 2665 patientiae
1299 2600 1330 2650 et
1350 2591 1479 2650 charita-

266 2667 304 2726 tis
318 2667 484 2745 exemplum
504 2672 617 2724 tantum
635 2665 719 2724 nobis
733 2667 764 2724 in
778 2686 813 2725 ec
827 2667 1005 2744 praebuisset,
1026 2687 1086 2726 non
1099 2688 1169 2727 vero
1183 2669 1392 2730 satisfactionis
1413 2693 1479 2749 pre·

265 2748 360 2808 tium?

307 2828 367 2886 XI.
391 2827 473 2888 Licet
483 2846 562 2902 vero,
578 2827 683 2885 Matth.
699 2826 988 2902 viii.17,0rneulum
1004 2828 1090 2886 isaia
1101 2827 1251 2905 impletum
1260 2828 1376 2888 dicatur
1386 2850 1477 2908 qnnm
1551 2841 1552 2862 ¹

266 2909 397 2967 Christus
410 2908 526 2967 morbos
549 2927 701 2984 corporeos
726 2907 854 2981 sanabat,
870 2927 942 2983 quos
966 2927 1024 2965 non
1049 2908 1166 2983 ferebat,
1183 2909 1234 2967 scd
1248 2909 1399 2970 auferebat
1412 2920 1474 2970 tan-

265 2997 335 3065 tum,
363 2989 428 3047 Non
443 2989 580 3066 sequitur,
594 2989 671 3047 idem
685 2995 715 3046 et
735 2987 771 3046 de
785 2987 893 3046 morbis
914 2987 1002 3044 animi
1025 3007 1075 3046 seu
1089 2989 1215 3064 peccatis
1229 2989 1384 3048 dicendum
1400 3011 1475 3062 esse,

265 3071 334 3147 quia
347 3070 404 3128 alia
427 3079 472 3129 est
486 3069 558 3127 ratio
583 3077 778 3144 utrorumque.
820 3069 895 3126 Nam
910 3067 946 3126 ad
962 3067 1075 3126 illorum
1091 3069 1268 3128 sanationem
1282 3089 1342 3128 non
1355 3090 1475 3130 neeesse

265 3158 327 3209 crat
349 3151 494 3208 Christum
509 3150 603 3227 ipsum
618 3157 766 3225 aegrotare,
782 3148 844 3206 sola
866 3148 973 3206 Christi
987 3148 1115 3223 potentia
1128 3149 1348 3225 postulabatur;
1369 3153 1423 3210 aad
1436 3153 1475 3210 ad

265 3229 337 3288 istos
351 3229 493 3288 curandos
503 3229 702 3304 requirebatur
714 3228 832 3304 insuper
849 3228 971 3303 justitia,
987 3228 1087 3286 debuit
1101 3247 1151 3286 eos
1165 3230 1244 3305 prins
1258 3230 1341 3304 ferre,
1354 3241 1383 3290 et
1397 3232 1427 3290 in
1442 3251 1473 3291 se

264 3309 400 3384 racipere,
415 3318 448 3366 ut
462 3327 511 3366 eos
526 3329 544 3365 a
557 3307 641 3365 nobis
652 3307 784 3366 auferret.
808 3307 894 3366 Unde
906 3307 1053 3367 inducitur
1066 3328 1083 3366 a
1099 3308 1243 3386 Propheta
1257 3320 1290 3370 ut
1303 3311 1473 3372 vulneratus

265 3395 294 3445 et
308 3387 432 3460 attritus,
447 3386 526 3462 quod
553 3387 591 3444 ad
605 3387 782 3444 sanationem
807 3387 971 3446 morborum
989 3389 1116 3464 eorporis
1130 3409 1187 3448 non
1202 3409 1320 3450 necesse
1334 3401 1405 3466 erat,
1421 3391 1472 3451 sed

259 3473 372 3524 tantum
381 3465 418 3522 ad
432 3466 597 3523 morborum
611 3465 700 3522 animi
712 3465 858 3524 lationem.
881 3467 979 3542 Atque
992 3469 1059 3527 hine
1070 3487 1127 3526 non
1139 3469 1254 3529 difficile
1263 3478 1308 3530 est
1322 3473 1469 3550 colligare,

262 3544 333 3621 quid
348 3545 506 3620 respexerit
519 3545 643 3620 Spiritus
659 3545 783 3602 Sanctus
796 3545 826 3603 in
840 3546 896 3604 hoe
908 3550 1039 3624 oraculo,
1053 3556 1082 3608 et
1092 3549 1236 3625 quomodo
1247 3551 1400 3628 impletum
1414 3553 1470 3611 diei

262 3623 363 3700 possit,
379 3643 467 3698 quum
479 3624 595 3680 morbos
606 3623 732 3700 corporis
744 3626 872 3684 curabat.
896 3627 1038 3686 Nimirum
1047 3629 1108 3706 agit
1119 3630 1254 3705 primario
1268 3640 1298 3689 et
1312 3631 1420 3692 directe
1435 3633 1469 3691 de

262 3703 452 3779 languoribus
475 3711 505 3760 et
527 3703 636 3761 morbis
658 3703 855 3779 spiritualibus
874 3725 924 3764 seu
950 3709 1083 3784 peccatis,
1110 3730 1232 3786 quorum
1246 3731 1340 3788 poenae
1355 3713 1467 3772 Christo

263 3783 379 3842 lirerunt
393 3782 542 3858 imposita,
558 3791 590 3840 ut
604 3801 652 3840 ees
666 3783 758 3842 lucret
769 3784 833 3842 loco
847 3795 946 3846 nostro
960 3809 967 3862 ;
989 3789 1040 3846 sed
1054 3790 1123 3865 quia
1133 3791 1226 3848 morbi
1240 3792 1369 3868 corporei
1384 3793 1466 3870 perti·

262 3871 332 3922 nent
346 3863 383 3922 ad
395 3881 493 3940 poenas
508 3871 698 3939 peccatorum,
716 3864 884 3924 secundario
899 3875 928 3925 et
940 3867 1124 3929 subordinate
1139 3871 1176 3928 ad
1188 3871 1266 3948 ipsos
1280 3873 1367 3930 etiam
1390 3893 1466 3951 spec-

261 3945 343 4020 tavit,
367 3944 436 4021 quia
453 3943 504 4021 jus
527 3943 652 4001 habebat
674 3964 723 4002 eos
746 3946 875 4005 satiandi.
919 3949 1021 4025 ltaque
1044 3951 1121 4026 quod
1147 3952 1292 4028 Propheta
1313 3953 1427 4014 dixerat
1440 3955 1466 4012 in

262 4045 366 4102 genere
381 4025 417 4082 de
431 4024 609 4101 quibuslibet
619 4025 736 4100 morbis,
750 4023 853 4084 Petrus
867 4029 904 4086 ad
916 4031 1031 4088 morbos
1045 4031 1133 4088 aniani
1148 4031 1178 4089 in
1192 4032 1296 4109 specie,
1313 4034 1465 4094 llatthsans

262 4106 388 4182 applicat
410 4103 448 4162 ad
472 4106 587 4164 morbos
612 4106 747 4182 corporis,
765 4107 814 4165 ubi
837 4129 896 4167 non
921 4111 1058 4185 excludit,
1075 4110 1125 4168 sed
1140 4111 1263 4172 includit
1276 4114 1373 4190 potius
1387 4135 1463 4174 cura·

260 4185 368 4243 tionem
383 4185 547 4244 morborum
559 4186 654 4261 animi,
681 4195 713 4246 ut
736 4187 849 4248 sublata
864 4211 950 4248 eausa
974 4190 1106 4249 effoetum
1123 4193 1184 4250 tolli
1199 4193 1386 4268 demonstret,
1401 4195 1464 4271 quia

261 4265 317 4324 ista
331 4285 361 4324 se
377 4265 501 4324 invicem
516 4275 635 4344 ponunt,
659 4269 751 4327 morbi
777 4269 864 4328 enimi
889 4280 955 4347 post
978 4291 1008 4329 se
1024 4271 1141 4330 trahunt
1154 4273 1271 4331 morbos
1286 4275 1421 4351 corporis,
1436 4284 1463 4334 at

260 4346 352 4403 morbi
372 4347 500 4422 eorporis
524 4358 690 4425 supponunt
713 4350 829 4408 morbos
852 4351 948 4408 animi.
982 4351 1029 4408 lta
1053 4351 1185 4410 Christos
1207 4361 1344 4430 utrosque
1367 4355 1462 4412 tulisse

259 4425 371 4501 dicitur,
388 4427 440 4484 sed
454 4427 647 4487 diversimode
658 4450 709 4507 pro
724 4431 839 4488 diversa
849 4438 952 4487 natura
967 4431 1098 4508 subjecti,
1109 4432 1174 4490 illos
1184 4433 1301 4509 quidem
1312 4434 1462 4492 auferendo
1553 4475 1554 4500 ι

258 4513 370 4564 tantum
395 4527 447 4583 per
469 4507 632 4584 efficaciam,
659 4530 716 4569 non
740 4509 856 4567 ferendo
881 4529 932 4584 par
954 4511 1139 4587 passionem,
1170 4514 1222 4570 sed
1246 4514 1317 4573 istos
1345 4525 1462 4592 utroque

259 4585 353 4658 modo,
370 4596 399 4646 at
413 4587 531 4646 ferendo
555 4598 585 4648 et
598 4589 762 4648 auferendo.
805 4589 905 4646 Nessi
932 4590 1090 4650 Matthaeus
1105 4593 1175 4652 dicit
1190 4593 1335 4653 Christum
1351 4615 1461 4654 sanasse

260 4666 375 4723 morbos
404 4668 540 4744 eorporis,
569 4677 602 4726 ut
629 4670 796 4746 impleretur
824 4669 976 4746 Prophetae
1006 4673 1206 4749 Vaticinium3
1242 4675 1310 4734 inde
1338 4675 1460 4752 legitime
