3146 5210
105 379 224 430 eumer.
240 351 319 435 xia]
482 373 521 412 aa
537 373 654 416 orrrcro
668 375 787 416 errnrsrr
802 377 998 417 uunrsronro
1267 361 1327 416 413

110 533 162 581 tur
178 518 304 588 Christo,
321 534 386 573 cum
398 512 545 574 destinata
554 524 599 573 cst
612 515 784 595 impetratio,
801 539 888 595 quam
902 539 953 596 per
973 525 1094 576 mortem
1110 517 1203 577 iacere
1218 517 1327 577 debuit.

109 601 202 660 Adde
217 597 305 674 qued,
315 595 363 652 vel
372 594 514 670 omnibus,
525 596 631 673 quibus
645 598 797 674 impetrata
808 611 853 658 est
864 599 942 658 salus
951 619 1002 676 per
1016 599 1093 656 viam
1107 597 1329 672 satisfactionis,

111 683 268 758 impetrata
282 685 326 734 est
335 674 406 732 fides
417 695 468 750 per
481 677 559 734 viam
571 696 665 735 causae
675 677 781 754 finalis,
794 680 842 736 vel
857 699 925 738 non.
969 679 1000 737 Si
1014 680 1102 755 prius,
1119 698 1219 736 omnes
1234 679 1328 735 salva·

111 764 243 834 buntur;
266 756 290 814 si
318 755 470 832 posterius,
496 757 543 814 cui
565 756 642 814 beno
670 758 824 835 impetrata
835 768 879 818 est
902 759 980 818 salus
995 759 1053 816 illis
1077 779 1129 836 per
1142 759 1221 816 viam
1239 759 1328 816 Satis-

110 839 257 912 factionis,
273 837 378 914 quibus
393 854 450 892 non
464 837 658 912 estacquisita
672 839 813 914 perviam
828 859 922 897 causa
933 839 1029 897 finalis
1042 839 1123 913 fides,
1140 839 1201 897 sinc
1216 859 1273 914 qua
1285 859 1330 896 sa-

111 924 161 980 lus
172 939 231 978 non
244 927 340 995 potest
350 913 495 974 obtineri?
510 917 623 975 Rursus
632 918 679 975 vel
687 917 774 976 fidem
783 919 862 976 illam
873 919 1039 996 impetravit
1050 919 1183 976 omnibus
1193 917 1331 996 perviam

114 1021 212 1060 causae
227 997 331 1072 finalis,
348 995 395 1052 vel
410 994 519 1054 illectis
530 1004 662 1072 tantum;
680 999 712 1057 si
727 999 869 1075 omnibus,
894 1019 993 1058 omnes
1008 1019 1078 1076 crgo
1100 998 1247 1057 debebunt
1266 1019 1330 1056 eam

116 1079 275 1155 consequi:
298 1077 323 1134 si
337 1075 457 1148 Eleous,
474 1075 606 1136 Christus
621 1076 753 1136 debuerit
767 1078 916 1138 moriendo
931 1079 1042 1155 aliquid
1056 1081 1180 1156 amplius
1194 1087 1332 1156 praestare

114 1181 169 1241 pro
183 1161 229 1216 his
243 1176 330 1234 qnam
344 1174 396 1232 pro
411 1154 478 1229 illis,
494 1176 559 1214 cum
574 1159 716 1215 tamenin
729 1169 875 1218 momento
892 1161 1008 1218 Decreti
1025 1159 1061 1216 de
1076 1167 1167 1218 morte
1183 1159 1333 1235 aqualiter

116 1260 219 1301 omnes
233 1235 402 1313 respexerit.
446 1235 495 1293 Sic
509 1256 680 1313 quoeunque
695 1237 782 1296 medo
806 1259 852 1297 res
867 1247 1020 1316 spectetur,
1036 1239 1130 1297 nodus
1145 1259 1258 1316 semper
1271 1259 1331 1296 ma·

116 1331 169 1380 net
189 1319 242 1376 vix
264 1315 404 1390 solubilis,
428 1316 578 1389 Quomodo
599 1317 673 1375 fides
693 1317 846 1395 impetrata
873 1319 911 1378 sit
939 1319 1072 1376 omnibus
1092 1328 1121 1377 et
1144 1319 1267 1396 singulis
1295 1339 1332 1376 ex

119 1419 212 1478 reque,
228 1417 316 1476 quam
330 1405 427 1453 tamen
440 1415 541 1454 omnes
555 1397 662 1472 pariter
675 1417 734 1454 non
748 1405 981 1475 consequuntur:
998 1398 1055 1456 Vel
1069 1400 1094 1456 si
1108 1419 1167 1456 non
1181 1399 1334 1476 impetrata

120 1495 175 1556 cst,
191 1476 336 1556 quomedo
351 1495 409 1533 non
423 1495 500 1533 vana
514 1477 551 1534 sit
566 1485 594 1534 et
608 1476 739 1534 illusoria
760 1478 923 1555 impetratio
938 1478 1049 1553 salutis,
1066 1499 1130 1554 quae
1144 1479 1177 1537 fit
1192 1479 1246 1537 sub
1265 1498 1333 1536 eon·

121 1562 231 1619 ditione
245 1557 323 1630 fidei,
339 1575 427 1631 quam
441 1564 538 1613 tamen
549 1557 631 1614 nevit
646 1557 812 1634 impetrans,
824 1558 933 1616 homini
950 1558 1010 1616 sine
1023 1577 1075 1616 sua
1089 1558 1183 1634 gratia
1196 1577 1255 1616 non
1269 1577 1334 1616 esse

121 1637 325 1718 praestabilem,
341 1645 370 1693 ct
384 1655 470 1711 quarn
488 1636 559 1712 ipse,
575 1635 625 1712 qui
636 1637 715 1695 solus
730 1647 833 1714 potest,
849 1638 979 1696 decrevit
992 1657 1050 1695 nen
1062 1637 1139 1698 dare.
1183 1639 1285 1714 ltaque
1300 1657 1336 1694 co

124 1717 337 1778 deveniendum
351 1725 404 1789 est,
420 1723 452 1773 ut
467 1716 515 1773 vel
529 1715 601 1774 fides
616 1715 729 1774 dicatur
744 1738 807 1776 esse
816 1719 846 1776 in
857 1726 956 1776 nostra
964 1725 1115 1794 potestate,
1128 1717 1207 1794 quod
1217 1717 1336 1775 volebat

125 1799 273 1875 Pelagius,
289 1795 338 1854 vel
351 1803 384 1853 ut
398 1795 510 1853 dicatur
523 1797 677 1873 impetrata
690 1815 707 1854 a
722 1797 845 1873 Christo,
861 1807 894 1856 ut
908 1798 992 1856 uobis
1006 1797 1123 1856 daretur
1136 1817 1153 1855 e
1169 1797 1263 1855 Patre.

169 1877 332 1936 XXXIII.
355 1875 416 1933 Nec
427 1876 514 1952 javat
527 1875 701 1952 exemplum,
711 1878 789 1954 qued
800 1878 838 1936 ad
853 1877 1024 1936 solvendum
1034 1877 1142 1935 nedum
1156 1877 1335 1955 propositum

126 1960 253 2033 affertur,
270 1955 413 2031 Principis
428 1955 539 2013 scilicet
566 1975 618 2033 pro
633 1957 767 2016 omnibus
783 1958 913 2036 Captivis
928 1957 1015 2038 uirga
1029 1957 1178 2032 solventis,
1194 1957 1263 2014 licet
1276 1977 1335 2016 non

126 2039 238 2112 efficiat,
255 2044 286 2095 ut
297 2054 396 2093 ornnes
410 2036 577 2113 captivitate
588 2036 703 2095 liberari
717 2038 819 2096 velint.
835 2039 909 2095 Nam
924 2038 1017 2096 simile
1031 2057 1089 2094 non
1101 2057 1158 2094 ane
1169 2037 1241 2113 pede
1257 2037 1336 2094 clau·

127 2121 223 2194 dicat;
246 2119 318 2175 Cum
333 2124 445 2173 constet
461 2116 632 2193 Principem,
648 2117 702 2174 etsi
717 2117 843 2176 maxime
858 2118 955 2192 vellet,
971 2137 1028 2175 non
1043 2137 1127 2194 pesse
1149 2118 1271 2194 Captiva
1285 2137 1337 2174 vo-

126 2201 266 2258 luntatem
282 2197 350 2254 dare
365 2193 452 2274 abrec
466 2195 521 2252 sibi
536 2196 708 2272 applicandi,
724 2197 801 2274 quod
816 2207 912 2275 potest
923 2198 1064 2256 Christus.
1109 2196 1167 2256 Sed
1182 2198 1207 2254 si
1221 2196 1339 2255 daretur

129 2279 276 2354 Princeps,
292 2275 414 2354 quinon
427 2275 513 2332 modo
528 2284 626 2352 posset
641 2274 726 2357 airaga
741 2277 862 2353 solvere,
879 2277 930 2336 sed
954 2285 983 2336 et
997 2278 1176 2335 voluntatem
1192 2297 1225 2335 ee
1236 2276 1338 2335 utendi

129 2358 259 2436 Captivis
274 2357 351 2430 dare,
369 2356 432 2412 Irae
442 2355 491 2432 qui
505 2364 605 2414 nosset
616 2359 754 2433 Captivos
768 2357 855 2417 talem
870 2357 1049 2416 veluntatem
1060 2357 1166 2415 habere
1181 2376 1238 2414 non
1253 2375 1338 2433 posse

130 2459 182 2497 suo
197 2438 282 2510 dono,
298 2455 351 2494 uec
366 2435 455 2494 vellet
469 2445 584 2510 tamen;
607 2435 678 2510 Quis
690 2437 796 2496 dixerit
810 2457 875 2497 eum
891 2438 965 2496 serio
974 2437 1102 2496 voluisse
1115 2438 1252 2513 Captivos
1267 2438 1339 2494 istos

129 2517 255 2592 liberari,
271 2527 300 2574 et
313 2515 427 2573 dedisse
443 2514 528 2594 ι’ντςοι
539 2536 573 2574 ca
587 2516 745 2576 intentione
760 2527 789 2577 et
800 2518 921 2576 consilio
935 2525 968 2576 ut
981 2517 1194 2575 liberarentur?
1216 2517 1338 2592 Rursus,

130 2599 155 2657 si
169 2597 262 2656 simile
276 2605 404 2671 urgetur,
420 2594 503 2653 facile
517 2605 613 2673 potest
625 2598 794 2675 retorqueri.
836 2599 912 2656 Nam
925 2605 959 2656 ut
978 2597 1015 2654 ad
1025 2597 1223 2655 liberationem
1239 2615 1338 2673 corpo-

130 2699 208 2737 ream
224 2677 347 2754 Captivi‚
363 2695 422 2732 non
437 2675 541 2734 sufficit
555 2674 642 2757 uirga
657 2678 788 2753 solvere;
811 2677 863 2736 sed
877 2685 990 2754 oportet
1001 2678 1089 2735 etiam
1103 2676 1220 2733 vincula
1234 2676 1340 2752 quibus

130 2761 288 2817 incarcere
310 2754 500 2831 obstringitur
520 2756 698 2835 abrumpere,
720 2756 829 2834 absque
851 2777 908 2834 quo
930 2776 1006 2814 vana
1020 2764 1097 2815 esset
1117 2755 1202 2832 pretii
1224 2755 1339 2812 solutio.

131 2839 178 2898 Ita
192 2837 230 2896 ad
243 2835 442 2895 liberationem
470 2835 628 2894 animarum
657 2857 695 2896 ex
709 2837 876 2914 captivitate
891 2836 1033 2914 spirituali
1055 2834 1174 2913 peceati,
1200 2834 1341 2892 nonsatis

133 2926 177 2977 est
191 2918 303 2976 solvere
319 2913 406 2995 uirga
412 2915 533 2991 justitiae
550 2917 613 2994 Dei,
631 2918 682 2976 sed
697 2917 836 2974 solvenda
858 2917 944 2974 etiam
960 2924 1034 2990 sunt,
1061 2923 1090 2972 et
1103 2913 1263 2990 rumpenda
1276 2914 1340 2970 viu·

133 2998 198 3058 cula
211 2997 321 3073 peccati
336 3005 365 3054 ct
380 2994 597 3070 incredulitatis,
620 2997 725 3074 quibus
739 2996 989 3074 praepediebantur
1007 3015 1042 3052 ne
1056 3013 1184 3070 unquam
1208 2992 1341 3050 libertate

134 3087 215 3155 parta
228 3085 346 3154 possent
359 3075 407 3132 vel
422 3075 530 3133 vellent
552 3076 616 3134 frui.

436 3154 597 3213 XXXIV.
621 3157 714 3230 Nono,
733 3156 763 3214 Si
778 3175 830 3232 pro
845 3155 978 3212 omnibus
992 3161 1122 3212 mortuns
1144 3161 1188 3210 cst
1200 3151 1341 3226 Christus,

134 3277 150 3322 9
176 3277 213 3322 E,
238 3277 376 3333 expiatione
398 3253 496 3292 corum
510 3245 628 3311 peccata
639 3237 735 3294 omnia
749 3235 898 3311 expiavit3
920 3234 1049 3310 adeoque
1064 3233 1164 3291 debuit
1178 3232 1343 3290 satisfacere

150 3311 377 3439 'acerra-a
398 3315 720 3454 partiretur
741 3313 1159 3452 ..tuam
1180 3311 1344 3450 aaut

164 3453 305 3561 ξζζξξζῖῗΒ
313 3464 376 3495 Μ’
397 3413 1095 3552 dbsairiiadiuiinapqiddbiucocliariccbdbum
1106 3413 1200 3550 posili
1214 3413 1344 3531 satisfai-

399 3554 477 3612 tione
491 3573 543 3630 pre
554 3574 596 3630 ea,
613 3555 736 3632 supponi
750 3555 854 3614 debeat
868 3553 1037 3612 condonata.
1061 3553 1121 3612 Nec
1135 3553 1235 3631 reponi
1248 3560 1345 3629 potest

139 3639 156 3670 “
166 3635 341 3714 applicatum
361 3633 396 3691 iri
410 3634 590 3710 beneficium,
608 3636 632 3693 si
646 3644 798 3712 praestetur
812 3655 846 3692 ca
860 3635 995 3705 conditio,
1012 3653 1069 3710 qna
1079 3633 1239 3710 redemptio
1254 3633 1343 3709 appli-

136 3717 228 3776 canda
242 3716 315 3773 est.”
359 3713 434 3786 Quia
447 3713 576 3791 implicat
586 3715 842 3773 contradictionem
858 3735 920 3772 eam
935 3713 1130 3772 conditionem
1141 3713 1278 3790 praestari,
1295 3712 1345 3770 ubi

137 3795 322 3854 incredulitas
333 3803 363 3851 et
381 3794 591 3870 impoenitentia
615 3795 710 3852 finalis
735 3794 913 3871 supponitur.
957 3795 996 3851 Et
1010 3793 1052 3851 sic
1074 3793 1198 3852 absurde
1214 3792 1346 3850 Christus

138 3874 257 3950 fingitur
270 3881 401 3932 mortuus
414 3873 451 3930 ad
461 3873 634 3950 expiandam
645 3873 875 3932 incredulitatem
884 3873 1018 3946 hominis,
1030 3873 1118 3930 mode
1132 3891 1189 3929 non
1202 3871 1239 3927 sit
1253 3871 1343 3928 inerc-

62 3951 67 3958 '
140 3953 234 4024 dulus,
250 3951 301 4009 sed
315 3953 420 4026 credat,
437 3963 468 4011 ut
483 3955 507 4010 si
521 3953 616 4012 dicam
629 3975 675 4012 me
690 3973 766 4011 caece
776 3953 822 4010 vel
841 3954 955 4030 leproso
970 3952 1127 4010 remedium
1143 3949 1293 4007 infallibile
1309 3949 1346 4006 ad

141 4031 320 4090 sanationem
334 4033 531 4108 acquisivisse,
555 4053 589 4092 ea
608 4035 674 4110 lege
689 4032 900 4110 applicandum,
917 4033 942 4089 si
967 4049 1060 4089 caecus
1074 4031 1123 4086 vel
1136 4030 1267 4106 leprosus
1288 4048 1346 4085 non

140 4111 236 4170 fuerit.
278 4109 364 4168 Adde
378 4112 456 4188 quod
470 4112 599 4172 defectus
610 4112 784 4172 conditionis
794 4132 852 4170 non
866 4119 962 4188 potest
975 4109 1113 4185 impedire
1126 4107 1346 4184 applicationem

139 4188 346 4264 redemptionis
359 4189 388 4246 in
402 4191 567 4266 incredulis,
583 4213 648 4251 cum
668 4200 846 4270 supponatur
860 4191 990 4249 Christus
1010 4187 1158 4245 moriendo
1174 4186 1347 4244 satisfecisse

140 4291 193 4350 pro
208 4269 259 4326 illa
273 4267 480 4344 incredulitate,
497 4281 582 4348 atque
597 4274 669 4331 adeo
684 4273 827 4330 desectum
840 4271 920 4328 illum
936 4269 1077 4345 expiasse.
1121 4268 1190 4322 Cum
1209 4285 1277 4322 vero
1291 4267 1347 4324 hee

140 4369 226 4409 neme
246 4367 305 4405 non
318 4347 416 4406 videat
430 4349 466 4407 da
486 4353 615 4428 reprobis
636 4352 693 4411 diei
714 4371 772 4409 nen
792 4369 886 4428 posse,
903 4369 939 4408 ex
963 4368 997 4406 ee
1019 4346 1110 4405 solide
1138 4345 1348 4422 colligitnrpro

140 4432 200 4490 illis
215 4428 361 4487 Christum
375 4437 518 4488 mortuum
533 4449 590 4488 non
609 4451 691 4490 esse.v

350 4567 355 4578 ,
444 4511 585 4570 XXXV.
609 4512 750 4588 Denique,
769 4510 800 4569 Si
815 4509 946 4567 Christus
967 4527 1018 4584 pro
1034 4505 1167 4565 omnibus
1182 4513 1210 4562 et
1225 4504 1348 4580 siugulis

150 4565 370 4670 romqaqppnrdrs
400 4599 530 4648 mortuus
554 4600 606 4666 est,
627 4593 774 4669 sequitur:
802 4595 827 4646 l.
850 4588 934 4662 Quod
957 4587 1088 4646 Christus
1103 4587 1349 4660 sitmortuuspro

405 4670 561 4728 innumeris
589 4673 701 4748 ealcge
716 4681 749 4729 ut
776 4669 903 4740 credant,
930 4668 1034 4742 quibus
1059 4687 1111 4726 nec
1140 4664 1280 4738 Christus,
1297 4683 1348 4722 nec
