<?xml version="1.0" encoding="UTF-8"?>
<!DOCTYPE html PUBLIC "-//W3C//DTD XHTML 1.0 Transitional//EN"
    "http://www.w3.org/TR/xhtml1/DTD/xhtml1-transitional.dtd">
<html xmlns="http://www.w3.org/1999/xhtml" xml:lang="en" lang="en">
 <head>
  <title>
</title>
<meta http-equiv="Content-Type" content="text/html;charset=utf-8" />
  <meta name='ocr-system' content='tesseract 3.04.00' />
  <meta name='ocr-capabilities' content='ocr_page ocr_carea ocr_par ocr_line ocrx_word'/>
</head>
<body>
  <div class='ocr_page' id='page_1' title='image "./francisciturret00pictgoog_0595.png"; bbox 0 0 3186 5210; ppageno 0'>
   <div class='ocr_carea' id='block_1_1' title="bbox 215 325 1430 410">
    <p class='ocr_par' dir='ltr' id='par_1_1' title="bbox 215 325 1430 410">
     <span class='ocr_line' id='line_1_1' title="bbox 215 325 1430 410; baseline -0.003 -17"><span class='ocrx_word' id='word_1_1' title='bbox 215 333 273 394; x_wconf 75' lang='lat'><strong>564</strong></span> <span class='ocrx_word' id='word_1_2' title='bbox 610 350 701 393; x_wconf 76' lang='lat' dir='ltr'><strong>Locus</strong></span> <span class='ocrx_word' id='word_1_3' title='bbox 715 351 845 396; x_wconf 82' lang='lat' dir='ltr'><strong>uncinus</strong></span> <span class='ocrx_word' id='word_1_4' title='bbox 860 348 981 392; x_wconf 75' lang='lat' dir='ltr'><strong>saxeus.</strong></span> <span class='ocrx_word' id='word_1_5' title='bbox 1253 325 1380 410; x_wconf 65' lang='lat' dir='ltr'><strong>[coesse.</strong></span> <span class='ocrx_word' id='word_1_6' title='bbox 1395 346 1430 389; x_wconf 83' lang='grc' dir='ltr'><strong>ιι.</strong></span> 
     </span>
    </p>
   </div>
   <div class='ocr_carea' id='block_1_2' title="bbox 220 489 1440 4736">
    <p class='ocr_par' dir='ltr' id='par_1_2' title="bbox 220 489 1440 4736">
     <span class='ocr_line' id='line_1_2' title="bbox 522 489 1430 572; baseline -0.003 -21"><span class='ocrx_word' id='word_1_7' title='bbox 522 493 582 552; x_wconf 87' lang='lat' dir='ltr'><strong>XI.</strong></span> <span class='ocrx_word' id='word_1_8' title='bbox 613 493 698 568; x_wconf 86' lang='lat' dir='ltr'><strong>Quod</strong></span> <span class='ocrx_word' id='word_1_9' title='bbox 721 493 752 552; x_wconf 89' lang='lat' dir='ltr'><strong>in</strong></span> <span class='ocrx_word' id='word_1_10' title='bbox 781 493 878 572; x_wconf 88' lang='lat' dir='ltr'><strong>specie</strong></span> <span class='ocrx_word' id='word_1_11' title='bbox 899 489 1120 565; x_wconf 87' lang='lat' dir='ltr'><strong>demonstratur,</strong></span> <span class='ocrx_word' id='word_1_12' title='bbox 1149 493 1175 548; x_wconf 96' lang='grc'><strong>1.</strong></span> <span class='ocrx_word' id='word_1_13' title='bbox 1196 489 1298 564; x_wconf 85' lang='lat' dir='ltr'><strong>Quoad</strong></span> <span class='ocrx_word' id='word_1_14' title='bbox 1329 491 1430 566; x_wconf 85' lang='lat' dir='ltr'><strong>Opera</strong></span> 
     </span>
     <span class='ocr_line' id='line_1_3' title="bbox 240 549 1430 654; baseline -0.005 -20"><span class='ocrx_word' id='word_1_15' title='bbox 240 549 449 654; x_wconf 59' lang='lat'><strong>⁹²¹¹¹„,}³,·?⁰¹¹²⁰·</strong></span> <span class='ocrx_word' id='word_1_16' title='bbox 481 574 708 634; x_wconf 66' lang='lat' dir='ltr'><strong>ceremonialia.</strong></span> <span class='ocrx_word' id='word_1_17' title='bbox 772 575 846 632; x_wconf 75' lang='lat' dir='ltr'><strong>iiam</strong></span> <span class='ocrx_word' id='word_1_18' title='bbox 874 573 925 630; x_wconf 74' lang='lat' dir='ltr'><strong>ina</strong></span> <span class='ocrx_word' id='word_1_19' title='bbox 953 572 1017 630; x_wconf 71' lang='lat' dir='ltr'><strong>Lei</strong></span> <span class='ocrx_word' id='word_1_20' title='bbox 1042 570 1216 648; x_wconf 70' lang='lat' dir='ltr'><strong>intelligitur</strong></span> <span class='ocrx_word' id='word_1_21' title='bbox 1242 570 1361 628; x_wconf 60' lang='lat' dir='ltr'><strong>sicinii</strong></span> <span class='ocrx_word' id='word_1_22' title='bbox 1389 571 1430 628; x_wconf 73' lang='lat' dir='ltr'><strong>aa</strong></span> 
     </span>
     <span class='ocr_line' id='line_1_4' title="bbox 482 650 1428 732; baseline -0.004 -20"><span class='ocrx_word' id='word_1_23' title='bbox 482 654 625 732; x_wconf 84' lang='lat' dir='ltr'><strong>Apostolo</strong></span> <span class='ocrx_word' id='word_1_24' title='bbox 640 674 704 713; x_wconf 91' lang='lat' dir='ltr'><strong>cum</strong></span> <span class='ocrx_word' id='word_1_25' title='bbox 720 654 785 732; x_wconf 86' lang='lat' dir='ltr'><strong>ejus</strong></span> <span class='ocrx_word' id='word_1_26' title='bbox 799 653 942 731; x_wconf 83' lang='lat' dir='ltr'><strong>operibus,</strong></span> <span class='ocrx_word' id='word_1_27' title='bbox 957 671 1009 729; x_wconf 91' lang='lat' dir='ltr'><strong>per</strong></span> <span class='ocrx_word' id='word_1_28' title='bbox 1023 670 1109 727; x_wconf 91' lang='lat' dir='ltr'><strong>quam</strong></span> <span class='ocrx_word' id='word_1_29' title='bbox 1124 658 1169 710; x_wconf 85' lang='lat' dir='ltr'><strong>est</strong></span> <span class='ocrx_word' id='word_1_30' title='bbox 1182 650 1292 727; x_wconf 80' lang='lat' dir='ltr'><strong>agnitio</strong></span> <span class='ocrx_word' id='word_1_31' title='bbox 1306 651 1428 726; x_wconf 88' lang='lat' dir='ltr'><strong>peccati,</strong></span> 
     </span>
     <span class='ocr_line' id='line_1_5' title="bbox 220 729 1429 809; baseline -0.003 -17"><span class='ocrx_word' id='word_1_32' title='bbox 220 735 304 793; x_wconf 89' lang='lat' dir='ltr'><strong>Rom.</strong></span> <span class='ocrx_word' id='word_1_33' title='bbox 317 733 356 792; x_wconf 88' lang='lat' dir='ltr'><strong>iii.</strong></span> <span class='ocrx_word' id='word_1_34' title='bbox 372 735 420 809; x_wconf 78' lang='lat'><strong>20,</strong></span> <span class='ocrx_word' id='word_1_35' title='bbox 436 743 465 794; x_wconf 90' lang='lat' dir='ltr'><strong>et</strong></span> <span class='ocrx_word' id='word_1_36' title='bbox 480 735 623 794; x_wconf 86' lang='lat' dir='ltr'><strong>obnoxius</strong></span> <span class='ocrx_word' id='word_1_37' title='bbox 644 733 677 792; x_wconf 88' lang='lat' dir='ltr'><strong>fit</strong></span> <span class='ocrx_word' id='word_1_38' title='bbox 691 743 770 793; x_wconf 88' lang='lat' dir='ltr'><strong>totus</strong></span> <span class='ocrx_word' id='word_1_39' title='bbox 784 733 909 792; x_wconf 89' lang='lat' dir='ltr'><strong>mundus</strong></span> <span class='ocrx_word' id='word_1_40' title='bbox 923 731 1164 806; x_wconf 74' lang='lat' dir='ltr'><strong>condemnationi,</strong></span> <span class='ocrx_word' id='word_1_41' title='bbox 1179 750 1240 788; x_wconf 83' lang='lat' dir='ltr'><strong>uer.</strong></span> <span class='ocrx_word' id='word_1_42' title='bbox 1258 731 1303 804; x_wconf 83' lang='lat'><strong>19,</strong></span> <span class='ocrx_word' id='word_1_43' title='bbox 1320 729 1356 788; x_wconf 93' lang='lat' dir='ltr'><strong>de</strong></span> <span class='ocrx_word' id='word_1_44' title='bbox 1371 750 1429 807; x_wconf 88' lang='lat' dir='ltr'><strong>qua</strong></span> 
     </span>
     <span class='ocr_line' id='line_1_6' title="bbox 223 811 1432 890; baseline -0.003 -17"><span class='ocrx_word' id='word_1_45' title='bbox 223 815 342 890; x_wconf 88' lang='lat' dir='ltr'><strong>dictum,</strong></span> <span class='ocrx_word' id='word_1_46' title='bbox 373 813 430 888; x_wconf 82' lang='lat' dir='ltr'><strong>Qui</strong></span> <span class='ocrx_word' id='word_1_47' title='bbox 452 815 552 874; x_wconf 81' lang='lat' dir='ltr'><strong>fecerit</strong></span> <span class='ocrx_word' id='word_1_48' title='bbox 574 815 636 872; x_wconf 81' lang='lat' dir='ltr'><strong>baec</strong></span> <span class='ocrx_word' id='word_1_49' title='bbox 650 815 732 872; x_wconf 83' lang='lat' dir='ltr'><strong>uiuet</strong></span> <span class='ocrx_word' id='word_1_50' title='bbox 753 814 784 871; x_wconf 91' lang='lat' dir='ltr'><strong>in</strong></span> <span class='ocrx_word' id='word_1_51' title='bbox 803 814 848 889; x_wconf 89' lang='lat' dir='ltr'><strong>iis,</strong></span> <span class='ocrx_word' id='word_1_52' title='bbox 866 811 931 872; x_wconf 88' lang='lat' dir='ltr'><strong>Gal.</strong></span> <span class='ocrx_word' id='word_1_53' title='bbox 947 811 987 870; x_wconf 90' lang='lat' dir='ltr'><strong>iii.</strong></span> <span class='ocrx_word' id='word_1_54' title='bbox 1005 814 1050 885; x_wconf 81' lang='lat' dir='ltr'><strong>ia,</strong></span> <span class='ocrx_word' id='word_1_55' title='bbox 1067 820 1096 870; x_wconf 89' lang='lat' dir='ltr'><strong>et</strong></span> <span class='ocrx_word' id='word_1_56' title='bbox 1110 831 1127 869; x_wconf 97' lang='lat' dir='ltr'><strong>a</strong></span> <span class='ocrx_word' id='word_1_57' title='bbox 1141 811 1225 887; x_wconf 89' lang='lat' dir='ltr'><strong>cujus</strong></span> <span class='ocrx_word' id='word_1_58' title='bbox 1246 811 1432 869; x_wconf 76' lang='lat' dir='ltr'><strong>execratione</strong></span> 
     </span>
     <span class='ocr_line' id='line_1_7' title="bbox 221 889 1433 970; baseline -0.003 -16"><span class='ocrx_word' id='word_1_59' title='bbox 221 895 353 954; x_wconf 85' lang='lat' dir='ltr'><strong>Christus</strong></span> <span class='ocrx_word' id='word_1_60' title='bbox 372 915 426 954; x_wconf 91' lang='lat' dir='ltr'><strong>nos</strong></span> <span class='ocrx_word' id='word_1_61' title='bbox 446 895 575 968; x_wconf 82' lang='lat' dir='ltr'><strong>redemit,</strong></span> <span class='ocrx_word' id='word_1_62' title='bbox 598 913 657 951; x_wconf 88' lang='lat' dir='ltr'><strong>ver.</strong></span> <span class='ocrx_word' id='word_1_63' title='bbox 683 896 739 968; x_wconf 87' lang='lat'><strong>13;</strong></span> <span class='ocrx_word' id='word_1_64' title='bbox 764 893 842 970; x_wconf 91' lang='lat' dir='ltr'><strong>quod</strong></span> <span class='ocrx_word' id='word_1_65' title='bbox 863 892 900 951; x_wconf 89' lang='lat' dir='ltr'><strong>de</strong></span> <span class='ocrx_word' id='word_1_66' title='bbox 914 900 975 950; x_wconf 90' lang='lat' dir='ltr'><strong>tota</strong></span> <span class='ocrx_word' id='word_1_67' title='bbox 997 891 1076 969; x_wconf 87' lang='lat' dir='ltr'><strong>Lege</strong></span> <span class='ocrx_word' id='word_1_68' title='bbox 1097 889 1318 967; x_wconf 87' lang='lat' dir='ltr'><strong>intelligendum</strong></span> <span class='ocrx_word' id='word_1_69' title='bbox 1332 899 1384 965; x_wconf 88' lang='lat' dir='ltr'><strong>cst,</strong></span> <span class='ocrx_word' id='word_1_70' title='bbox 1401 901 1433 950; x_wconf 89' lang='lat' dir='ltr'><strong>et</strong></span> 
     </span>
     <span class='ocr_line' id='line_1_8' title="bbox 221 971 1430 1054; baseline -0.004 -19"><span class='ocrx_word' id='word_1_71' title='bbox 221 975 364 1054; x_wconf 74' lang='lat' dir='ltr'><strong>praecipue</strong></span> <span class='ocrx_word' id='word_1_72' title='bbox 378 975 488 1048; x_wconf 89' lang='lat' dir='ltr'><strong>morali,</strong></span> <span class='ocrx_word' id='word_1_73' title='bbox 504 993 562 1032; x_wconf 93' lang='lat' dir='ltr'><strong>non</strong></span> <span class='ocrx_word' id='word_1_74' title='bbox 573 973 773 1032; x_wconf 84' lang='lat' dir='ltr'><strong>caeremoniali.</strong></span> <span class='ocrx_word' id='word_1_75' title='bbox 806 977 834 1032; x_wconf 80' lang='lat'><strong>2.</strong></span> <span class='ocrx_word' id='word_1_76' title='bbox 852 973 882 1032; x_wconf 82' lang='lat' dir='ltr'><strong>Si</strong></span> <span class='ocrx_word' id='word_1_77' title='bbox 905 972 967 1030; x_wconf 87' lang='lat' dir='ltr'><strong>Lex</strong></span> <span class='ocrx_word' id='word_1_78' title='bbox 982 971 1189 1030; x_wconf 80' lang='lat' dir='ltr'><strong>caeremonialis</strong></span> <span class='ocrx_word' id='word_1_79' title='bbox 1203 979 1315 1029; x_wconf 82' lang='lat' dir='ltr'><strong>tontum</strong></span> <span class='ocrx_word' id='word_1_80' title='bbox 1329 971 1430 1030; x_wconf 87' lang='lat' dir='ltr'><strong>excla-</strong></span> 
     </span>
     <span class='ocr_line' id='line_1_9' title="bbox 222 1050 1430 1131; baseline -0.003 -17"><span class='ocrx_word' id='word_1_81' title='bbox 222 1057 345 1129; x_wconf 89' lang='lat' dir='ltr'><strong>deretur,</strong></span> <span class='ocrx_word' id='word_1_82' title='bbox 368 1074 426 1112; x_wconf 90' lang='lat' dir='ltr'><strong>non</strong></span> <span class='ocrx_word' id='word_1_83' title='bbox 450 1054 575 1128; x_wconf 88' lang='lat' dir='ltr'><strong>moralis,</strong></span> <span class='ocrx_word' id='word_1_84' title='bbox 604 1071 670 1112; x_wconf 86' lang='lat' dir='ltr'><strong>cum</strong></span> <span class='ocrx_word' id='word_1_85' title='bbox 692 1073 758 1131; x_wconf 84' lang='lat' dir='ltr'><strong>pers</strong></span> <span class='ocrx_word' id='word_1_86' title='bbox 779 1053 817 1112; x_wconf 89' lang='lat' dir='ltr'><strong>sit</strong></span> <span class='ocrx_word' id='word_1_87' title='bbox 837 1053 933 1112; x_wconf 88' lang='lat' dir='ltr'><strong>minus</strong></span> <span class='ocrx_word' id='word_1_88' title='bbox 953 1052 1119 1130; x_wconf 87' lang='lat' dir='ltr'><strong>principalis</strong></span> <span class='ocrx_word' id='word_1_89' title='bbox 1134 1051 1231 1128; x_wconf 89' lang='lat' dir='ltr'><strong>Legis,</strong></span> <span class='ocrx_word' id='word_1_90' title='bbox 1257 1050 1430 1128; x_wconf 85' lang='lat' dir='ltr'><strong>justificatio</strong></span> 
     </span>
     <span class='ocr_line' id='line_1_10' title="bbox 222 1131 1427 1213; baseline -0.005 -19"><span class='ocrx_word' id='word_1_91' title='bbox 222 1135 296 1212; x_wconf 85' lang='lat' dir='ltr'><strong>Legi</strong></span> <span class='ocrx_word' id='word_1_92' title='bbox 307 1134 402 1213; x_wconf 90' lang='lat' dir='ltr'><strong>potius</strong></span> <span class='ocrx_word' id='word_1_93' title='bbox 413 1133 567 1192; x_wconf 84' lang='lat' dir='ltr'><strong>tribuenda</strong></span> <span class='ocrx_word' id='word_1_94' title='bbox 587 1143 672 1210; x_wconf 90' lang='lat' dir='ltr'><strong>esset,</strong></span> <span class='ocrx_word' id='word_1_95' title='bbox 688 1153 774 1212; x_wconf 84' lang='lat' dir='ltr'><strong>quom</strong></span> <span class='ocrx_word' id='word_1_96' title='bbox 789 1133 974 1208; x_wconf 77' lang='lat' dir='ltr'><strong>detrahendo,</strong></span> <span class='ocrx_word' id='word_1_97' title='bbox 989 1133 1100 1192; x_wconf 88' lang='lat' dir='ltr'><strong>ratione</strong></span> <span class='ocrx_word' id='word_1_98' title='bbox 1115 1133 1204 1210; x_wconf 86' lang='lat' dir='ltr'><strong>Legis</strong></span> <span class='ocrx_word' id='word_1_99' title='bbox 1218 1131 1344 1204; x_wconf 75' lang='lat' dir='ltr'><strong>moralis,</strong></span> <span class='ocrx_word' id='word_1_100' title='bbox 1360 1151 1427 1208; x_wconf 80' lang='lat' dir='ltr'><strong>quae</strong></span> 
     </span>
     <span class='ocr_line' id='line_1_11' title="bbox 221 1211 1430 1292; baseline -0.002 -20"><span class='ocrx_word' id='word_1_101' title='bbox 221 1215 309 1292; x_wconf 90' lang='lat' dir='ltr'><strong>longe</strong></span> <span class='ocrx_word' id='word_1_102' title='bbox 319 1213 398 1290; x_wconf 92' lang='lat' dir='ltr'><strong>prior</strong></span> <span class='ocrx_word' id='word_1_103' title='bbox 408 1221 461 1272; x_wconf 89' lang='lat' dir='ltr'><strong>est.</strong></span> <span class='ocrx_word' id='word_1_104' title='bbox 477 1217 505 1274; x_wconf 89' lang='lat'><strong>3.</strong></span> <span class='ocrx_word' id='word_1_105' title='bbox 522 1213 594 1272; x_wconf 84' lang='lat' dir='ltr'><strong>Haec</strong></span> <span class='ocrx_word' id='word_1_106' title='bbox 603 1215 736 1292; x_wconf 86' lang='lat' dir='ltr'><strong>exceptio</strong></span> <span class='ocrx_word' id='word_1_107' title='bbox 749 1215 879 1292; x_wconf 81' lang='lat' dir='ltr'><strong>rejicitur</strong></span> <span class='ocrx_word' id='word_1_108' title='bbox 889 1233 906 1271; x_wconf 88' lang='lat' dir='ltr'><strong>a</strong></span> <span class='ocrx_word' id='word_1_109' title='bbox 916 1215 1062 1292; x_wconf 88' lang='lat' dir='ltr'><strong>plerisque</strong></span> <span class='ocrx_word' id='word_1_110' title='bbox 1072 1211 1240 1288; x_wconf 88' lang='lat' dir='ltr'><strong>Pontificiis,</strong></span> <span class='ocrx_word' id='word_1_111' title='bbox 1256 1213 1430 1288; x_wconf 82' lang='lat' dir='ltr'><strong>Lembordo,</strong></span> 
     </span>
     <span class='ocr_line' id='line_1_12' title="bbox 225 1291 1429 1371; baseline -0.003 -17"><span class='ocrx_word' id='word_1_112' title='bbox 225 1297 341 1369; x_wconf 81' lang='lat' dir='ltr'><strong>Thema,</strong></span> <span class='ocrx_word' id='word_1_113' title='bbox 359 1295 462 1370; x_wconf 82' lang='lat' dir='ltr'><strong>Toleto,</strong></span> <span class='ocrx_word' id='word_1_114' title='bbox 478 1295 604 1370; x_wconf 83' lang='lat' dir='ltr'><strong>Pererio,</strong></span> <span class='ocrx_word' id='word_1_115' title='bbox 619 1295 790 1369; x_wconf 68' lang='lat' dir='ltr'><strong>castiniaco,</strong></span> <span class='ocrx_word' id='word_1_116' title='bbox 806 1295 978 1371; x_wconf 80' lang='lat' dir='ltr'><strong>Salmerone,</strong></span> <span class='ocrx_word' id='word_1_117' title='bbox 991 1302 1020 1353; x_wconf 90' lang='lat' dir='ltr'><strong>et</strong></span> <span class='ocrx_word' id='word_1_118' title='bbox 1034 1294 1107 1370; x_wconf 88' lang='lat' dir='ltr'><strong>aliis,</strong></span> <span class='ocrx_word' id='word_1_119' title='bbox 1122 1301 1262 1352; x_wconf 90' lang='lat' dir='ltr'><strong>uteorum</strong></span> <span class='ocrx_word' id='word_1_120' title='bbox 1278 1291 1429 1350; x_wconf 87' lang='lat' dir='ltr'><strong>Commen-</strong></span> 
     </span>
     <span class='ocr_line' id='line_1_13' title="bbox 224 1372 1429 1453; baseline -0.003 -19"><span class='ocrx_word' id='word_1_121' title='bbox 224 1375 313 1434; x_wconf 87' lang='lat' dir='ltr'><strong>tarios</strong></span> <span class='ocrx_word' id='word_1_122' title='bbox 326 1375 436 1452; x_wconf 90' lang='lat' dir='ltr'><strong>legenti</strong></span> <span class='ocrx_word' id='word_1_123' title='bbox 449 1383 538 1453; x_wconf 88' lang='lat' dir='ltr'><strong>patet.</strong></span> <span class='ocrx_word' id='word_1_124' title='bbox 562 1374 717 1434; x_wconf 87' lang='lat' dir='ltr'><strong>Lombard.</strong></span> <span class='ocrx_word' id='word_1_125' title='bbox 733 1374 762 1432; x_wconf 91' lang='lat' dir='ltr'><strong>in</strong></span> <span class='ocrx_word' id='word_1_126' title='bbox 775 1374 814 1432; x_wconf 93' lang='lat' dir='ltr'><strong>iii.</strong></span> <span class='ocrx_word' id='word_1_127' title='bbox 831 1374 925 1448; x_wconf 77' lang='lat' dir='ltr'><strong>Rom,</strong></span> <span class='ocrx_word' id='word_1_128' title='bbox 943 1375 960 1406; x_wconf 86' lang='lat'><strong>“</strong></span> <span class='ocrx_word' id='word_1_129' title='bbox 972 1373 1041 1433; x_wconf 86' lang='lat' dir='ltr'><strong>Sine</strong></span> <span class='ocrx_word' id='word_1_130' title='bbox 1057 1373 1192 1451; x_wconf 89' lang='lat' dir='ltr'><strong>operibus</strong></span> <span class='ocrx_word' id='word_1_131' title='bbox 1207 1372 1295 1450; x_wconf 84' lang='lat' dir='ltr'><strong>Legis</strong></span> <span class='ocrx_word' id='word_1_132' title='bbox 1310 1373 1429 1448; x_wconf 88' lang='lat' dir='ltr'><strong>quibus-</strong></span> 
     </span>
     <span class='ocr_line' id='line_1_14' title="bbox 223 1452 1429 1531; baseline -0.004 -17"><span class='ocrx_word' id='word_1_133' title='bbox 223 1455 294 1514; x_wconf 86' lang='lat' dir='ltr'><strong>libet</strong></span> <span class='ocrx_word' id='word_1_134' title='bbox 317 1455 403 1514; x_wconf 91' lang='lat' dir='ltr'><strong>etiam</strong></span> <span class='ocrx_word' id='word_1_135' title='bbox 427 1455 614 1514; x_wconf 87' lang='lat' dir='ltr'><strong>moralibus.”</strong></span> <span class='ocrx_word' id='word_1_136' title='bbox 657 1455 759 1514; x_wconf 83' lang='lat' dir='ltr'><strong>Thom.</strong></span> <span class='ocrx_word' id='word_1_137' title='bbox 781 1454 860 1513; x_wconf 91' lang='lat' dir='ltr'><strong>Lect.</strong></span> <span class='ocrx_word' id='word_1_138' title='bbox 876 1457 904 1512; x_wconf 83' lang='lat'><strong>4.</strong></span> <span class='ocrx_word' id='word_1_139' title='bbox 920 1455 949 1512; x_wconf 92' lang='lat' dir='ltr'><strong>in</strong></span> <span class='ocrx_word' id='word_1_140' title='bbox 963 1455 993 1512; x_wconf 95' lang='lat' dir='ltr'><strong>h.</strong></span> <span class='ocrx_word' id='word_1_141' title='bbox 1006 1454 1037 1530; x_wconf 89' lang='grc'><strong>1.,</strong></span> <span class='ocrx_word' id='word_1_142' title='bbox 1067 1457 1085 1488; x_wconf 87' lang='grc'>“</span> <span class='ocrx_word' id='word_1_143' title='bbox 1098 1455 1166 1514; x_wconf 85' lang='lat' dir='ltr'><strong>Sine</strong></span> <span class='ocrx_word' id='word_1_144' title='bbox 1181 1453 1316 1531; x_wconf 90' lang='lat' dir='ltr'><strong>operibus</strong></span> <span class='ocrx_word' id='word_1_145' title='bbox 1339 1452 1429 1530; x_wconf 84' lang='lat' dir='ltr'><strong>Legis</strong></span> 
     </span>
     <span class='ocr_line' id='line_1_15' title="bbox 223 1532 1431 1613; baseline -0.002 -19"><span class='ocrx_word' id='word_1_146' title='bbox 223 1551 283 1595; x_wconf 84' lang='lat' dir='ltr'><strong>non</strong></span> <span class='ocrx_word' id='word_1_147' title='bbox 307 1535 400 1596; x_wconf 91' lang='lat' dir='ltr'><strong>solum</strong></span> <span class='ocrx_word' id='word_1_148' title='bbox 415 1535 671 1611; x_wconf 71' lang='lat' dir='ltr'><strong>caeremonialibus,</strong></span> <span class='ocrx_word' id='word_1_149' title='bbox 696 1555 760 1613; x_wconf 82' lang='lat' dir='ltr'><strong>quae</strong></span> <span class='ocrx_word' id='word_1_150' title='bbox 783 1535 905 1612; x_wconf 82' lang='lat' dir='ltr'><strong>gretIam</strong></span> <span class='ocrx_word' id='word_1_151' title='bbox 927 1554 986 1593; x_wconf 90' lang='lat' dir='ltr'><strong>non</strong></span> <span class='ocrx_word' id='word_1_152' title='bbox 1008 1533 1201 1608; x_wconf 86' lang='lat' dir='ltr'><strong>conferebant,</strong></span> <span class='ocrx_word' id='word_1_153' title='bbox 1218 1532 1269 1591; x_wconf 89' lang='lat' dir='ltr'><strong>sad</strong></span> <span class='ocrx_word' id='word_1_154' title='bbox 1283 1532 1431 1609; x_wconf 87' lang='lat' dir='ltr'><strong>significa·</strong></span> 
     </span>
     <span class='ocr_line' id='line_1_16' title="bbox 223 1612 1431 1693; baseline -0.005 -17"><span class='ocrx_word' id='word_1_155' title='bbox 223 1615 303 1692; x_wconf 92' lang='lat' dir='ltr'><strong>bant,</strong></span> <span class='ocrx_word' id='word_1_156' title='bbox 329 1616 382 1676; x_wconf 93' lang='lat' dir='ltr'><strong>sed</strong></span> <span class='ocrx_word' id='word_1_157' title='bbox 404 1617 491 1675; x_wconf 85' lang='lat' dir='ltr'><strong>etiam</strong></span> <span class='ocrx_word' id='word_1_158' title='bbox 511 1617 572 1674; x_wconf 83' lang='lat' dir='ltr'><strong>siue</strong></span> <span class='ocrx_word' id='word_1_159' title='bbox 595 1615 730 1693; x_wconf 90' lang='lat' dir='ltr'><strong>operibus</strong></span> <span class='ocrx_word' id='word_1_160' title='bbox 751 1615 904 1673; x_wconf 88' lang='lat' dir='ltr'><strong>moralium</strong></span> <span class='ocrx_word' id='word_1_161' title='bbox 930 1623 1138 1693; x_wconf 84' lang='lat' dir='ltr'><strong>praeceptorum</strong></span> <span class='ocrx_word' id='word_1_162' title='bbox 1167 1613 1325 1672; x_wconf 91' lang='lat' dir='ltr'><strong>secundum</strong></span> <span class='ocrx_word' id='word_1_163' title='bbox 1345 1612 1431 1688; x_wconf 87' lang='lat' dir='ltr'><strong>illud,</strong></span> 
     </span>
     <span class='ocr_line' id='line_1_17' title="bbox 225 1693 1433 1774; baseline -0.003 -18"><span class='ocrx_word' id='word_1_164' title='bbox 225 1697 282 1756; x_wconf 89' lang='lat' dir='ltr'><strong>Tit.</strong></span> <span class='ocrx_word' id='word_1_165' title='bbox 297 1697 337 1757; x_wconf 88' lang='lat' dir='ltr'><strong>iii.</strong></span> <span class='ocrx_word' id='word_1_166' title='bbox 353 1699 380 1772; x_wconf 80' lang='lat'><strong>5,</strong></span> <span class='ocrx_word' id='word_1_167' title='bbox 410 1696 477 1755; x_wconf 89' lang='lat' dir='ltr'><strong>Non</strong></span> <span class='ocrx_word' id='word_1_168' title='bbox 491 1717 529 1755; x_wconf 89' lang='lat' dir='ltr'><strong>ex</strong></span> <span class='ocrx_word' id='word_1_169' title='bbox 545 1696 681 1774; x_wconf 89' lang='lat' dir='ltr'><strong>operibus</strong></span> <span class='ocrx_word' id='word_1_170' title='bbox 705 1695 827 1773; x_wconf 84' lang='lat' dir='ltr'><strong>justitiae</strong></span> <span class='ocrx_word' id='word_1_171' title='bbox 852 1715 916 1773; x_wconf 78' lang='lat' dir='ltr'><strong>quae</strong></span> <span class='ocrx_word' id='word_1_172' title='bbox 945 1693 1097 1755; x_wconf 75' lang='lat' dir='ltr'><strong>fecerimus</strong></span> <span class='ocrx_word' id='word_1_173' title='bbox 1117 1695 1200 1752; x_wconf 87' lang='lat' dir='ltr'><strong>nos.&#39;’</strong></span> <span class='ocrx_word' id='word_1_174' title='bbox 1244 1693 1433 1770; x_wconf 82' lang='lat' dir='ltr'><strong>Augustinus</strong></span> 
     </span>
     <span class='ocr_line' id='line_1_18' title="bbox 227 1773 1436 1856; baseline -0.003 -20"><span class='ocrx_word' id='word_1_175' title='bbox 227 1796 364 1856; x_wconf 90' lang='lat' dir='ltr'><strong>expresse</strong></span> <span class='ocrx_word' id='word_1_176' title='bbox 379 1775 464 1836; x_wconf 90' lang='lat' dir='ltr'><strong>docet</strong></span> <span class='ocrx_word' id='word_1_177' title='bbox 479 1775 542 1856; x_wconf 92' lang='lat' dir='ltr'><strong>(lib.</strong></span> <span class='ocrx_word' id='word_1_178' title='bbox 558 1775 594 1835; x_wconf 88' lang='lat' dir='ltr'><strong>de</strong></span> <span class='ocrx_word' id='word_1_179' title='bbox 611 1775 721 1853; x_wconf 85' lang='lat' dir='ltr'><strong>Spiritu</strong></span> <span class='ocrx_word' id='word_1_180' title='bbox 735 1783 764 1834; x_wconf 89' lang='lat' dir='ltr'><strong>et</strong></span> <span class='ocrx_word' id='word_1_181' title='bbox 780 1775 885 1850; x_wconf 88' lang='lat' dir='ltr'><strong>Litera,</strong></span> <span class='ocrx_word' id='word_1_182' title='bbox 902 1795 964 1852; x_wconf 86' lang='lat' dir='ltr'><strong>cap.</strong></span> <span class='ocrx_word' id='word_1_183' title='bbox 978 1774 1054 1856; x_wconf 82' lang='lat' dir='ltr'><strong>viii.)</strong></span> <span class='ocrx_word' id='word_1_184' title='bbox 1087 1775 1212 1834; x_wconf 83' lang='lat' dir='ltr'><strong>Paulum</strong></span> <span class='ocrx_word' id='word_1_185' title='bbox 1225 1773 1305 1850; x_wconf 89' lang='lat' dir='ltr'><strong>loqui</strong></span> <span class='ocrx_word' id='word_1_186' title='bbox 1320 1773 1357 1831; x_wconf 92' lang='lat' dir='ltr'><strong>de</strong></span> <span class='ocrx_word' id='word_1_187' title='bbox 1371 1781 1436 1832; x_wconf 86' lang='lat' dir='ltr'><strong>tota</strong></span> 
     </span>
     <span class='ocr_line' id='line_1_19' title="bbox 226 1853 1435 1934; baseline -0.002 -18"><span class='ocrx_word' id='word_1_188' title='bbox 226 1857 315 1934; x_wconf 89' lang='lat' dir='ltr'><strong>Lego.</strong></span> <span class='ocrx_word' id='word_1_189' title='bbox 359 1857 419 1916; x_wconf 88' lang='lat' dir='ltr'><strong>Nec</strong></span> <span class='ocrx_word' id='word_1_190' title='bbox 442 1857 467 1916; x_wconf 91' lang='lat' dir='ltr'><strong>si</strong></span> <span class='ocrx_word' id='word_1_191' title='bbox 481 1855 676 1915; x_wconf 86' lang='lat' dir='ltr'><strong>controversia</strong></span> <span class='ocrx_word' id='word_1_192' title='bbox 696 1876 761 1934; x_wconf 82' lang='lat' dir='ltr'><strong>quae</strong></span> <span class='ocrx_word' id='word_1_193' title='bbox 776 1856 937 1914; x_wconf 84' lang='lat' dir='ltr'><strong>intercessit</strong></span> <span class='ocrx_word' id='word_1_194' title='bbox 952 1856 1043 1916; x_wconf 87' lang='lat' dir='ltr'><strong>Paulo</strong></span> <span class='ocrx_word' id='word_1_195' title='bbox 1057 1876 1123 1916; x_wconf 88' lang='lat' dir='ltr'><strong>cum</strong></span> <span class='ocrx_word' id='word_1_196' title='bbox 1148 1853 1435 1930; x_wconf 86' lang='lat' dir='ltr'><strong>Pseudo-Apostolis</strong></span> 
     </span>
     <span class='ocr_line' id='line_1_20' title="bbox 225 1933 1434 2013; baseline -0.002 -17"><span class='ocrx_word' id='word_1_197' title='bbox 225 1937 340 1997; x_wconf 89' lang='lat' dir='ltr'><strong>initium</strong></span> <span class='ocrx_word' id='word_1_198' title='bbox 354 1937 439 1996; x_wconf 87' lang='lat' dir='ltr'><strong>duxit</strong></span> <span class='ocrx_word' id='word_1_199' title='bbox 459 1957 477 1996; x_wconf 86' lang='lat' dir='ltr'><strong>a</strong></span> <span class='ocrx_word' id='word_1_200' title='bbox 498 1936 730 1996; x_wconf 76' lang='lat' dir='ltr'><strong>circumcisionis</strong></span> <span class='ocrx_word' id='word_1_201' title='bbox 743 1955 807 2011; x_wconf 89' lang='lat' dir='ltr'><strong>usu,</strong></span> <span class='ocrx_word' id='word_1_202' title='bbox 828 1944 857 1995; x_wconf 90' lang='lat' dir='ltr'><strong>et</strong></span> <span class='ocrx_word' id='word_1_203' title='bbox 881 1935 970 2013; x_wconf 90' lang='lat' dir='ltr'><strong>Legis</strong></span> <span class='ocrx_word' id='word_1_204' title='bbox 991 1935 1196 1995; x_wconf 87' lang='lat' dir='ltr'><strong>caeremonialis</strong></span> <span class='ocrx_word' id='word_1_205' title='bbox 1219 1933 1434 2010; x_wconf 86' lang='lat' dir='ltr'><strong>obseruatione,</strong></span> 
     </span>
     <span class='ocr_line' id='line_1_21' title="bbox 226 2013 1437 2095; baseline -0.003 -19"><span class='ocrx_word' id='word_1_206' title='bbox 226 2037 312 2094; x_wconf 91' lang='lat' dir='ltr'><strong>quam</strong></span> <span class='ocrx_word' id='word_1_207' title='bbox 326 2016 370 2076; x_wconf 93' lang='lat' dir='ltr'><strong>illi</strong></span> <span class='ocrx_word' id='word_1_208' title='bbox 383 2017 526 2095; x_wconf 87' lang='lat' dir='ltr'><strong>urgebant</strong></span> <span class='ocrx_word' id='word_1_209' title='bbox 540 2025 573 2076; x_wconf 90' lang='lat' dir='ltr'><strong>ut</strong></span> <span class='ocrx_word' id='word_1_210' title='bbox 587 2017 778 2076; x_wconf 85' lang='lat' dir='ltr'><strong>necessariam</strong></span> <span class='ocrx_word' id='word_1_211' title='bbox 794 2016 831 2074; x_wconf 89' lang='lat' dir='ltr'><strong>ad</strong></span> <span class='ocrx_word' id='word_1_212' title='bbox 838 2015 1075 2093; x_wconf 87' lang='lat' dir='ltr'><strong>justificationem</strong></span> <span class='ocrx_word' id='word_1_213' title='bbox 1087 2037 1094 2086; x_wconf 90' lang='grc'><strong>;</strong></span> <span class='ocrx_word' id='word_1_214' title='bbox 1127 2015 1256 2092; x_wconf 87' lang='lat' dir='ltr'><strong>sequitur</strong></span> <span class='ocrx_word' id='word_1_215' title='bbox 1269 2013 1305 2072; x_wconf 92' lang='lat' dir='ltr'><strong>de</strong></span> <span class='ocrx_word' id='word_1_216' title='bbox 1320 2031 1355 2072; x_wconf 89' lang='lat' dir='ltr'><strong>ca</strong></span> <span class='ocrx_word' id='word_1_217' title='bbox 1370 2015 1437 2073; x_wconf 85' lang='lat' dir='ltr'><strong>sols</strong></span> 
     </span>
     <span class='ocr_line' id='line_1_22' title="bbox 225 2095 1435 2176; baseline -0.002 -20"><span class='ocrx_word' id='word_1_218' title='bbox 225 2098 307 2175; x_wconf 91' lang='lat' dir='ltr'><strong>loqui</strong></span> <span class='ocrx_word' id='word_1_219' title='bbox 330 2097 514 2176; x_wconf 76' lang='lat' dir='ltr'><strong>Apostolum,</strong></span> <span class='ocrx_word' id='word_1_220' title='bbox 538 2117 628 2175; x_wconf 91' lang='lat' dir='ltr'><strong>quum</strong></span> <span class='ocrx_word' id='word_1_221' title='bbox 643 2096 772 2156; x_wconf 83' lang='lat' dir='ltr'><strong>excludit</strong></span> <span class='ocrx_word' id='word_1_222' title='bbox 796 2115 883 2174; x_wconf 86' lang='lat' dir='ltr'><strong>opera</strong></span> <span class='ocrx_word' id='word_1_223' title='bbox 905 2096 993 2174; x_wconf 89' lang='lat' dir='ltr'><strong>Legis</strong></span> <span class='ocrx_word' id='word_1_224' title='bbox 1014 2096 1050 2155; x_wconf 88' lang='lat' dir='ltr'><strong>ab</strong></span> <span class='ocrx_word' id='word_1_225' title='bbox 1072 2116 1115 2155; x_wconf 89' lang='lat' dir='ltr'><strong>ea.</strong></span> <span class='ocrx_word' id='word_1_226' title='bbox 1158 2095 1233 2171; x_wconf 83' lang='lat' dir='ltr'><strong>Quia</strong></span> <span class='ocrx_word' id='word_1_227' title='bbox 1253 2115 1270 2152; x_wconf 94' lang='lat' dir='ltr'><strong>a</strong></span> <span class='ocrx_word' id='word_1_228' title='bbox 1289 2102 1371 2171; x_wconf 88' lang='lat' dir='ltr'><strong>parte</strong></span> <span class='ocrx_word' id='word_1_229' title='bbox 1394 2095 1435 2153; x_wconf 91' lang='lat' dir='ltr'><strong>ad</strong></span> 
     </span>
     <span class='ocr_line' id='line_1_23' title="bbox 225 2174 1434 2255; baseline -0.004 -18"><span class='ocrx_word' id='word_1_230' title='bbox 225 2185 319 2238; x_wconf 90' lang='lat' dir='ltr'><strong>totum</strong></span> <span class='ocrx_word' id='word_1_231' title='bbox 346 2177 457 2252; x_wconf 78' lang='lat' dir='ltr'><strong>transit,</strong></span> <span class='ocrx_word' id='word_1_232' title='bbox 486 2178 541 2237; x_wconf 85' lang='lat' dir='ltr'><strong>hec</strong></span> <span class='ocrx_word' id='word_1_233' title='bbox 564 2175 901 2255; x_wconf 88' lang='lat' dir='ltr'><strong>Pseudo-Apostolorum</strong></span> <span class='ocrx_word' id='word_1_234' title='bbox 929 2175 1084 2254; x_wconf 87' lang='lat' dir='ltr'><strong>hypothesi</strong></span> <span class='ocrx_word' id='word_1_235' title='bbox 1110 2176 1200 2235; x_wconf 90' lang='lat' dir='ltr'><strong>totius</strong></span> <span class='ocrx_word' id='word_1_236' title='bbox 1228 2174 1316 2252; x_wconf 90' lang='lat' dir='ltr'><strong>Legis</strong></span> <span class='ocrx_word' id='word_1_237' title='bbox 1331 2174 1434 2233; x_wconf 88' lang='lat' dir='ltr'><strong>obser-</strong></span> 
     </span>
     <span class='ocr_line' id='line_1_24' title="bbox 225 2253 1435 2333; baseline -0.002 -18"><span class='ocrx_word' id='word_1_238' title='bbox 225 2257 329 2315; x_wconf 83' lang='lat' dir='ltr'><strong>uandae</strong></span> <span class='ocrx_word' id='word_1_239' title='bbox 357 2258 559 2317; x_wconf 88' lang='lat' dir='ltr'><strong>necessitatem</strong></span> <span class='ocrx_word' id='word_1_240' title='bbox 583 2258 723 2333; x_wconf 86' lang='lat' dir='ltr'><strong>trahente,</strong></span> <span class='ocrx_word' id='word_1_241' title='bbox 753 2263 786 2316; x_wconf 91' lang='lat' dir='ltr'><strong>ut</strong></span> <span class='ocrx_word' id='word_1_242' title='bbox 812 2257 936 2316; x_wconf 89' lang='lat' dir='ltr'><strong>babetur</strong></span> <span class='ocrx_word' id='word_1_243' title='bbox 958 2257 1025 2316; x_wconf 87' lang='lat' dir='ltr'><strong>Act.</strong></span> <span class='ocrx_word' id='word_1_244' title='bbox 1053 2276 1103 2315; x_wconf 89' lang='lat' dir='ltr'><strong>xv.</strong></span> <span class='ocrx_word' id='word_1_245' title='bbox 1128 2259 1155 2332; x_wconf 85' lang='grc'>5,</span> <span class='ocrx_word' id='word_1_246' title='bbox 1181 2264 1211 2315; x_wconf 91' lang='lat' dir='ltr'><strong>ct</strong></span> <span class='ocrx_word' id='word_1_247' title='bbox 1236 2253 1344 2313; x_wconf 90' lang='lat' dir='ltr'><strong>Paulus</strong></span> <span class='ocrx_word' id='word_1_248' title='bbox 1368 2254 1435 2332; x_wconf 87' lang='lat' dir='ltr'><strong>ipse</strong></span> 
     </span>
     <span class='ocr_line' id='line_1_25' title="bbox 226 2334 1436 2414; baseline -0.003 -18"><span class='ocrx_word' id='word_1_249' title='bbox 226 2343 356 2411; x_wconf 88' lang='lat' dir='ltr'><strong>testatur,</strong></span> <span class='ocrx_word' id='word_1_250' title='bbox 373 2336 438 2394; x_wconf 87' lang='lat' dir='ltr'><strong>Gal.</strong></span> <span class='ocrx_word' id='word_1_251' title='bbox 454 2355 483 2394; x_wconf 87' lang='lat' dir='ltr'><strong>v.</strong></span> <span class='ocrx_word' id='word_1_252' title='bbox 499 2339 528 2407; x_wconf 87' lang='grc'><strong>3,</strong></span> <span class='ocrx_word' id='word_1_253' title='bbox 543 2337 612 2395; x_wconf 89' lang='lat' dir='ltr'><strong>dum</strong></span> <span class='ocrx_word' id='word_1_254' title='bbox 627 2338 667 2396; x_wconf 89' lang='lat' dir='ltr'><strong>ait</strong></span> <span class='ocrx_word' id='word_1_255' title='bbox 682 2357 756 2412; x_wconf 92' lang='lat' dir='ltr'><strong>eum,</strong></span> <span class='ocrx_word' id='word_1_256' title='bbox 769 2336 818 2414; x_wconf 86' lang='lat' dir='ltr'><strong>qni</strong></span> <span class='ocrx_word' id='word_1_257' title='bbox 830 2337 1077 2396; x_wconf 87' lang='lat' dir='ltr'><strong>circumcisionem</strong></span> <span class='ocrx_word' id='word_1_258' title='bbox 1087 2343 1172 2413; x_wconf 87' lang='lat' dir='ltr'><strong>urget</strong></span> <span class='ocrx_word' id='word_1_259' title='bbox 1185 2343 1218 2395; x_wconf 90' lang='lat' dir='ltr'><strong>ut</strong></span> <span class='ocrx_word' id='word_1_260' title='bbox 1227 2334 1436 2409; x_wconf 86' lang='lat' dir='ltr'><strong>necessariam,</strong></span> 
     </span>
     <span class='ocr_line' id='line_1_26' title="bbox 226 2413 1433 2493; baseline -0.002 -17"><span class='ocrx_word' id='word_1_261' title='bbox 226 2415 376 2476; x_wconf 74' lang='lat' dir='ltr'><strong>debitorem</strong></span> <span class='ocrx_word' id='word_1_262' title='bbox 398 2433 455 2472; x_wconf 81' lang='lat' dir='ltr'><strong>esee</strong></span> <span class='ocrx_word' id='word_1_263' title='bbox 480 2417 561 2473; x_wconf 82' lang='lat' dir='ltr'><strong>totius</strong></span> <span class='ocrx_word' id='word_1_264' title='bbox 584 2417 670 2492; x_wconf 71' lang='lat' dir='ltr'><strong>Lepre</strong></span> <span class='ocrx_word' id='word_1_265' title='bbox 694 2417 857 2491; x_wconf 65' lang='lat' dir='ltr'><strong>Servanda,</strong></span> <span class='ocrx_word' id='word_1_266' title='bbox 873 2417 942 2493; x_wconf 90' lang='lat' dir='ltr'><strong>quia</strong></span> <span class='ocrx_word' id='word_1_267' title='bbox 966 2416 1030 2475; x_wconf 89' lang='lat' dir='ltr'><strong>Lex</strong></span> <span class='ocrx_word' id='word_1_268' title='bbox 1043 2436 1101 2476; x_wconf 92' lang='lat' dir='ltr'><strong>non</strong></span> <span class='ocrx_word' id='word_1_269' title='bbox 1116 2416 1275 2493; x_wconf 87' lang='lat' dir='ltr'><strong>partialem,</strong></span> <span class='ocrx_word' id='word_1_270' title='bbox 1291 2413 1342 2474; x_wconf 86' lang='lat' dir='ltr'><strong>sed</strong></span> <span class='ocrx_word' id='word_1_271' title='bbox 1365 2435 1433 2492; x_wconf 91' lang='lat' dir='ltr'><strong>per·</strong></span> 
     </span>
     <span class='ocr_line' id='line_1_27' title="bbox 225 2493 1437 2573; baseline -0.001 -18"><span class='ocrx_word' id='word_1_272' title='bbox 225 2496 330 2555; x_wconf 86' lang='lat' dir='ltr'><strong>factam</strong></span> <span class='ocrx_word' id='word_1_273' title='bbox 350 2493 478 2572; x_wconf 89' lang='lat' dir='ltr'><strong>postulat</strong></span> <span class='ocrx_word' id='word_1_274' title='bbox 501 2493 532 2551; x_wconf 87' lang='lat' dir='ltr'><strong>in</strong></span> <span class='ocrx_word' id='word_1_275' title='bbox 556 2496 690 2554; x_wconf 89' lang='lat' dir='ltr'><strong>omnibus</strong></span> <span class='ocrx_word' id='word_1_276' title='bbox 714 2495 917 2554; x_wconf 87' lang='lat' dir='ltr'><strong>obedientiam.</strong></span> <span class='ocrx_word' id='word_1_277' title='bbox 969 2496 1055 2556; x_wconf 90' lang='lat' dir='ltr'><strong>Unde</strong></span> <span class='ocrx_word' id='word_1_278' title='bbox 1074 2499 1142 2573; x_wconf 87' lang='lat' dir='ltr'><strong>quia</strong></span> <span class='ocrx_word' id='word_1_279' title='bbox 1165 2495 1240 2554; x_wconf 81' lang='lat' dir='ltr'><strong>vidit</strong></span> <span class='ocrx_word' id='word_1_280' title='bbox 1261 2495 1302 2553; x_wconf 90' lang='lat' dir='ltr'><strong>sic</strong></span> <span class='ocrx_word' id='word_1_281' title='bbox 1329 2494 1437 2554; x_wconf 88' lang='lat' dir='ltr'><strong>fideles</strong></span> 
     </span>
     <span class='ocr_line' id='line_1_28' title="bbox 225 2573 1435 2652; baseline -0.002 -16"><span class='ocrx_word' id='word_1_282' title='bbox 225 2574 317 2636; x_wconf 88' lang='lat' dir='ltr'><strong>relabi</strong></span> <span class='ocrx_word' id='word_1_283' title='bbox 331 2574 369 2633; x_wconf 89' lang='lat' dir='ltr'><strong>ad</strong></span> <span class='ocrx_word' id='word_1_284' title='bbox 382 2574 477 2633; x_wconf 89' lang='lat' dir='ltr'><strong>Vetus</strong></span> <span class='ocrx_word' id='word_1_285' title='bbox 492 2574 609 2650; x_wconf 83' lang='lat' dir='ltr'><strong>Foedus,</strong></span> <span class='ocrx_word' id='word_1_286' title='bbox 625 2584 655 2633; x_wconf 86' lang='lat' dir='ltr'><strong>et</strong></span> <span class='ocrx_word' id='word_1_287' title='bbox 665 2573 825 2634; x_wconf 80' lang='lat' dir='ltr'><strong>excideres</strong></span> <span class='ocrx_word' id='word_1_288' title='bbox 839 2575 867 2632; x_wconf 90' lang='lat' dir='ltr'>N</span> <span class='ocrx_word' id='word_1_289' title='bbox 868 2595 933 2652; x_wconf 91' lang='lat' dir='ltr'><strong>ovo,</strong></span> <span class='ocrx_word' id='word_1_290' title='bbox 949 2583 1030 2635; x_wconf 88' lang='lat' dir='ltr'><strong>tanto</strong></span> <span class='ocrx_word' id='word_1_291' title='bbox 1047 2575 1159 2637; x_wconf 84' lang='lat' dir='ltr'><strong>feruore</strong></span> <span class='ocrx_word' id='word_1_292' title='bbox 1173 2575 1203 2635; x_wconf 87' lang='lat' dir='ltr'><strong>ia</strong></span> <span class='ocrx_word' id='word_1_293' title='bbox 1216 2575 1293 2635; x_wconf 89' lang='lat' dir='ltr'><strong>hunc</strong></span> <span class='ocrx_word' id='word_1_294' title='bbox 1304 2593 1435 2634; x_wconf 87' lang='lat' dir='ltr'><strong>errorem</strong></span> 
     </span>
     <span class='ocr_line' id='line_1_29' title="bbox 227 2653 711 2734; baseline -0.004 -18"><span class='ocrx_word' id='word_1_295' title='bbox 227 2665 261 2716; x_wconf 87' lang='lat' dir='ltr'><strong>ut</strong></span> <span class='ocrx_word' id='word_1_296' title='bbox 275 2653 543 2734; x_wconf 88' lang='lat' dir='ltr'><strong>pestilentissimum</strong></span> <span class='ocrx_word' id='word_1_297' title='bbox 557 2655 711 2716; x_wconf 87' lang='lat' dir='ltr'><strong>invehitur.</strong></span> 
     </span>
     <span class='ocr_line' id='line_1_30' title="bbox 528 2735 1436 2816; baseline -0.001 -20"><span class='ocrx_word' id='word_1_298' title='bbox 528 2737 606 2798; x_wconf 88' lang='lat' dir='ltr'><strong>XII.</strong></span> <span class='ocrx_word' id='word_1_299' title='bbox 628 2737 695 2797; x_wconf 88' lang='lat' dir='ltr'><strong>Non</strong></span> <span class='ocrx_word' id='word_1_300' title='bbox 708 2737 811 2796; x_wconf 88' lang='lat' dir='ltr'><strong>melius</strong></span> <span class='ocrx_word' id='word_1_301' title='bbox 826 2735 876 2795; x_wconf 88' lang='lat' dir='ltr'><strong>alii</strong></span> <span class='ocrx_word' id='word_1_302' title='bbox 888 2737 1072 2816; x_wconf 85' lang='lat' dir='ltr'><strong>respondent,</strong></span> <span class='ocrx_word' id='word_1_303' title='bbox 1087 2738 1135 2816; x_wconf 90' lang='lat' dir='ltr'><strong>agi</strong></span> <span class='ocrx_word' id='word_1_304' title='bbox 1150 2737 1186 2798; x_wconf 89' lang='lat' dir='ltr'><strong>de</strong></span> <span class='ocrx_word' id='word_1_305' title='bbox 1205 2735 1295 2814; x_wconf 86' lang='lat' dir='ltr'><strong>Legis</strong></span> <span class='ocrx_word' id='word_1_306' title='bbox 1313 2735 1436 2795; x_wconf 87' lang='lat' dir='ltr'><strong>moralis</strong></span> 
     </span>
     <span class='ocr_line' id='line_1_31' title="bbox 226 2793 1440 2912; baseline -0.002 -33"><span class='ocrx_word' id='word_1_307' title='bbox 226 2793 401 2912; x_wconf 49' lang='lat' dir='ltr'><strong>numppppplssa</strong></span> <span class='ocrx_word' id='word_1_308' title='bbox 409 2797 466 2851; x_wconf 54' lang='lat'><strong>9⁰⁸⁸</strong></span> <span class='ocrx_word' id='word_1_309' title='bbox 490 2819 625 2896; x_wconf 82' lang='lat' dir='ltr'><strong>Operibus</strong></span> <span class='ocrx_word' id='word_1_310' title='bbox 645 2827 710 2878; x_wconf 81' lang='lat' dir='ltr'><strong>ante</strong></span> <span class='ocrx_word' id='word_1_311' title='bbox 723 2819 813 2892; x_wconf 67' lang='lat' dir='ltr'><strong>fidem</strong></span> <span class='ocrx_word' id='word_1_312' title='bbox 836 2826 864 2877; x_wconf 87' lang='lat' dir='ltr'><strong>et</strong></span> <span class='ocrx_word' id='word_1_313' title='bbox 879 2819 1005 2896; x_wconf 71' lang='lat' dir='ltr'><strong>gratiam</strong></span> <span class='ocrx_word' id='word_1_314' title='bbox 1019 2819 1118 2895; x_wconf 79' lang='lat' dir='ltr'><strong>sactis.</strong></span> <span class='ocrx_word' id='word_1_315' title='bbox 1175 2822 1201 2876; x_wconf 93' lang='lat'><strong>1.</strong></span> <span class='ocrx_word' id='word_1_316' title='bbox 1222 2816 1297 2892; x_wconf 86' lang='lat' dir='ltr'><strong>Quia</strong></span> <span class='ocrx_word' id='word_1_317' title='bbox 1324 2816 1440 2876; x_wconf 82' lang='lat' dir='ltr'><strong>Paulus</strong></span> 
     </span>
     <span class='ocr_line' id='line_1_32' title="bbox 490 2896 1437 2976; baseline -0.004 -18"><span class='ocrx_word' id='word_1_318' title='bbox 490 2899 619 2959; x_wconf 84' lang='lat' dir='ltr'><strong>excludit</strong></span> <span class='ocrx_word' id='word_1_319' title='bbox 641 2899 738 2958; x_wconf 86' lang='lat' dir='ltr'><strong>omnis</strong></span> <span class='ocrx_word' id='word_1_320' title='bbox 758 2918 846 2976; x_wconf 87' lang='lat' dir='ltr'><strong>opera</strong></span> <span class='ocrx_word' id='word_1_321' title='bbox 866 2919 930 2976; x_wconf 84' lang='lat' dir='ltr'><strong>quae</strong></span> <span class='ocrx_word' id='word_1_322' title='bbox 951 2898 1020 2958; x_wconf 89' lang='lat' dir='ltr'><strong>fidei</strong></span> <span class='ocrx_word' id='word_1_323' title='bbox 1040 2905 1240 2976; x_wconf 89' lang='lat' dir='ltr'><strong>opponuntur;</strong></span> <span class='ocrx_word' id='word_1_324' title='bbox 1266 2896 1309 2955; x_wconf 92' lang='lat' dir='ltr'><strong>At</strong></span> <span class='ocrx_word' id='word_1_325' title='bbox 1335 2897 1437 2956; x_wconf 88' lang='lat' dir='ltr'><strong>omnia</strong></span> 
     </span>
     <span class='ocr_line' id='line_1_33' title="bbox 226 2977 1433 3057; baseline -0.003 -19"><span class='ocrx_word' id='word_1_326' title='bbox 226 2997 314 3057; x_wconf 84' lang='lat' dir='ltr'><strong>opere</strong></span> <span class='ocrx_word' id='word_1_327' title='bbox 341 2979 413 3039; x_wconf 87' lang='lat' dir='ltr'><strong>citra</strong></span> <span class='ocrx_word' id='word_1_328' title='bbox 440 2978 655 3039; x_wconf 80' lang='lat' dir='ltr'><strong>distinctionem</strong></span> <span class='ocrx_word' id='word_1_329' title='bbox 684 2978 752 3038; x_wconf 89' lang='lat' dir='ltr'><strong>fidei</strong></span> <span class='ocrx_word' id='word_1_330' title='bbox 779 2979 826 3036; x_wconf 93' lang='lat' dir='ltr'><strong>hic</strong></span> <span class='ocrx_word' id='word_1_331' title='bbox 848 2985 1038 3057; x_wconf 83' lang='lat' dir='ltr'><strong>opponuntur,</strong></span> <span class='ocrx_word' id='word_1_332' title='bbox 1061 2987 1095 3038; x_wconf 90' lang='lat' dir='ltr'><strong>ut</strong></span> <span class='ocrx_word' id='word_1_333' title='bbox 1114 2997 1237 3056; x_wconf 89' lang='lat' dir='ltr'><strong>operans</strong></span> <span class='ocrx_word' id='word_1_334' title='bbox 1257 2985 1287 3036; x_wconf 91' lang='lat' dir='ltr'><strong>et</strong></span> <span class='ocrx_word' id='word_1_335' title='bbox 1300 2977 1433 3050; x_wconf 87' lang='lat' dir='ltr'><strong>credens,</strong></span> 
     </span>
     <span class='ocr_line' id='line_1_34' title="bbox 228 3057 1436 3151; baseline -0.003 -33"><span class='ocrx_word' id='word_1_336' title='bbox 228 3059 312 3119; x_wconf 85' lang='lat' dir='ltr'><strong>Rom.</strong></span> <span class='ocrx_word' id='word_1_337' title='bbox 328 3059 367 3119; x_wconf 86' lang='lat' dir='ltr'><strong>iv.</strong></span> <span class='ocrx_word' id='word_1_338' title='bbox 383 3061 411 3118; x_wconf 87' lang='grc'><strong>5.</strong></span> <span class='ocrx_word' id='word_1_339' title='bbox 448 3063 476 3119; x_wconf 76' lang='lat'><strong>2.</strong></span> <span class='ocrx_word' id='word_1_340' title='bbox 502 3059 583 3118; x_wconf 86' lang='lat' dir='ltr'><strong>Nihil</strong></span> <span class='ocrx_word' id='word_1_341' title='bbox 599 3079 719 3120; x_wconf 87' lang='lat' dir='ltr'><strong>necesse</strong></span> <span class='ocrx_word' id='word_1_342' title='bbox 732 3058 788 3118; x_wconf 83' lang='lat' dir='ltr'><strong>fuit</strong></span> <span class='ocrx_word' id='word_1_343' title='bbox 810 3078 897 3151; x_wconf 84' lang='lat' dir='ltr'><strong>opera</strong></span> <span class='ocrx_word' id='word_1_344' title='bbox 911 3059 1131 3136; x_wconf 86' lang='lat' dir='ltr'><strong>irregenitorum</strong></span> <span class='ocrx_word' id='word_1_345' title='bbox 1145 3057 1307 3132; x_wconf 82' lang='lat' dir='ltr'><strong>excludere,</strong></span> <span class='ocrx_word' id='word_1_346' title='bbox 1323 3077 1390 3115; x_wconf 87' lang='lat' dir='ltr'><strong>cnm</strong></span> <span class='ocrx_word' id='word_1_347' title='bbox 1405 3057 1436 3114; x_wconf 92' lang='lat' dir='ltr'><strong>in</strong></span> 
     </span>
     <span class='ocr_line' id='line_1_35' title="bbox 226 3137 1435 3218; baseline -0.003 -20"><span class='ocrx_word' id='word_1_348' title='bbox 226 3139 359 3200; x_wconf 85' lang='lat' dir='ltr'><strong>confesso</strong></span> <span class='ocrx_word' id='word_1_349' title='bbox 383 3148 460 3200; x_wconf 89' lang='lat' dir='ltr'><strong>esset</strong></span> <span class='ocrx_word' id='word_1_350' title='bbox 481 3149 600 3218; x_wconf 88' lang='lat' dir='ltr'><strong>peccata</strong></span> <span class='ocrx_word' id='word_1_351' title='bbox 613 3159 685 3216; x_wconf 90' lang='lat' dir='ltr'><strong>esse,</strong></span> <span class='ocrx_word' id='word_1_352' title='bbox 705 3146 804 3217; x_wconf 88' lang='lat' dir='ltr'><strong>utpote</strong></span> <span class='ocrx_word' id='word_1_353' title='bbox 819 3158 881 3198; x_wconf 81' lang='lat' dir='ltr'><strong>sine</strong></span> <span class='ocrx_word' id='word_1_354' title='bbox 894 3138 951 3198; x_wconf 88' lang='lat' dir='ltr'><strong>fide</strong></span> <span class='ocrx_word' id='word_1_355' title='bbox 962 3139 1046 3214; x_wconf 81' lang='lat' dir='ltr'><strong>facte,</strong></span> <span class='ocrx_word' id='word_1_356' title='bbox 1062 3139 1147 3198; x_wconf 88' lang='lat' dir='ltr'><strong>Rom.</strong></span> <span class='ocrx_word' id='word_1_357' title='bbox 1159 3140 1220 3198; x_wconf 86' lang='lat' dir='ltr'><strong>xlv.</strong></span> <span class='ocrx_word' id='word_1_358' title='bbox 1236 3140 1283 3196; x_wconf 78' lang='lat'><strong>23.</strong></span> <span class='ocrx_word' id='word_1_359' title='bbox 1326 3139 1355 3196; x_wconf 89' lang='lat'><strong>3.</strong></span> <span class='ocrx_word' id='word_1_360' title='bbox 1372 3137 1435 3194; x_wconf 86' lang='lat' dir='ltr'><strong>Ex-</strong></span> 
     </span>
     <span class='ocr_line' id='line_1_36' title="bbox 226 3217 1434 3298; baseline -0.002 -19"><span class='ocrx_word' id='word_1_361' title='bbox 226 3220 322 3298; x_wconf 89' lang='lat' dir='ltr'><strong>empla</strong></span> <span class='ocrx_word' id='word_1_362' title='bbox 336 3219 496 3278; x_wconf 85' lang='lat' dir='ltr'><strong>Abrabami</strong></span> <span class='ocrx_word' id='word_1_363' title='bbox 518 3228 548 3280; x_wconf 92' lang='lat' dir='ltr'><strong>et</strong></span> <span class='ocrx_word' id='word_1_364' title='bbox 563 3219 695 3296; x_wconf 79' lang='lat' dir='ltr'><strong>Doridis,</strong></span> <span class='ocrx_word' id='word_1_365' title='bbox 711 3238 775 3298; x_wconf 81' lang='lat' dir='ltr'><strong>quae</strong></span> <span class='ocrx_word' id='word_1_366' title='bbox 800 3217 986 3279; x_wconf 84' lang='lat' dir='ltr'><strong>affemntura</strong></span> <span class='ocrx_word' id='word_1_367' title='bbox 1001 3219 1101 3295; x_wconf 92' lang='lat' dir='ltr'><strong>Paulo,</strong></span> <span class='ocrx_word' id='word_1_368' title='bbox 1121 3219 1206 3278; x_wconf 88' lang='lat' dir='ltr'><strong>Rom.</strong></span> <span class='ocrx_word' id='word_1_369' title='bbox 1221 3219 1270 3292; x_wconf 82' lang='lat' dir='ltr'><strong>iv,</strong></span> <span class='ocrx_word' id='word_1_370' title='bbox 1287 3224 1434 3294; x_wconf 89' lang='lat' dir='ltr'><strong>quatenus</strong></span> 
     </span>
     <span class='ocr_line' id='line_1_37' title="bbox 221 3295 1434 3377; baseline -0.002 -19"><span class='ocrx_word' id='word_1_371' title='bbox 221 3299 284 3376; x_wconf 83' lang='lat' dir='ltr'><strong>jam</strong></span> <span class='ocrx_word' id='word_1_372' title='bbox 308 3307 390 3359; x_wconf 85' lang='lat' dir='ltr'><strong>erant</strong></span> <span class='ocrx_word' id='word_1_373' title='bbox 411 3301 543 3360; x_wconf 88' lang='lat' dir='ltr'><strong>conversi</strong></span> <span class='ocrx_word' id='word_1_374' title='bbox 564 3309 593 3360; x_wconf 91' lang='lat' dir='ltr'><strong>et</strong></span> <span class='ocrx_word' id='word_1_375' title='bbox 613 3298 722 3376; x_wconf 86' lang='lat' dir='ltr'><strong>fideles,</strong></span> <span class='ocrx_word' id='word_1_376' title='bbox 744 3298 882 3358; x_wconf 85' lang='lat' dir='ltr'><strong>evincunt</strong></span> <span class='ocrx_word' id='word_1_377' title='bbox 906 3298 1023 3360; x_wconf 86' lang='lat' dir='ltr'><strong>excludi</strong></span> <span class='ocrx_word' id='word_1_378' title='bbox 1043 3319 1130 3377; x_wconf 90' lang='lat' dir='ltr'><strong>opera</strong></span> <span class='ocrx_word' id='word_1_379' title='bbox 1151 3299 1237 3358; x_wconf 86' lang='lat' dir='ltr'><strong>etiam</strong></span> <span class='ocrx_word' id='word_1_380' title='bbox 1259 3305 1325 3374; x_wconf 90' lang='lat' dir='ltr'><strong>post</strong></span> <span class='ocrx_word' id='word_1_381' title='bbox 1345 3295 1434 3356; x_wconf 89' lang='lat' dir='ltr'><strong>fidem</strong></span> 
     </span>
     <span class='ocr_line' id='line_1_38' title="bbox 225 3376 1434 3458; baseline 0 -22"><span class='ocrx_word' id='word_1_382' title='bbox 225 3379 318 3455; x_wconf 85' lang='lat' dir='ltr'><strong>facta;</strong></span> <span class='ocrx_word' id='word_1_383' title='bbox 339 3387 372 3438; x_wconf 89' lang='lat' dir='ltr'><strong>ut</strong></span> <span class='ocrx_word' id='word_1_384' title='bbox 394 3377 554 3458; x_wconf 87' lang='lat' dir='ltr'><strong>Apostolus</strong></span> <span class='ocrx_word' id='word_1_385' title='bbox 575 3380 611 3439; x_wconf 92' lang='lat' dir='ltr'><strong>de</strong></span> <span class='ocrx_word' id='word_1_386' title='bbox 633 3380 727 3458; x_wconf 88' lang='lat' dir='ltr'><strong>seipso</strong></span> <span class='ocrx_word' id='word_1_387' title='bbox 745 3381 807 3458; x_wconf 83' lang='lat' dir='ltr'><strong>jam</strong></span> <span class='ocrx_word' id='word_1_388' title='bbox 828 3379 906 3439; x_wconf 91' lang='lat' dir='ltr'><strong>fideli</strong></span> <span class='ocrx_word' id='word_1_389' title='bbox 926 3380 1057 3456; x_wconf 90' lang='lat' dir='ltr'><strong>loquens,</strong></span> <span class='ocrx_word' id='word_1_390' title='bbox 1077 3383 1092 3438; x_wconf 94' lang='lat'>1</span> <span class='ocrx_word' id='word_1_391' title='bbox 1110 3379 1174 3438; x_wconf 85' lang='lat' dir='ltr'><strong>Cor.</strong></span> <span class='ocrx_word' id='word_1_392' title='bbox 1190 3379 1230 3436; x_wconf 87' lang='lat' dir='ltr'><strong>iv.</strong></span> <span class='ocrx_word' id='word_1_393' title='bbox 1251 3380 1278 3452; x_wconf 83' lang='lat'><strong>4,</strong></span> <span class='ocrx_word' id='word_1_394' title='bbox 1305 3376 1376 3435; x_wconf 88' lang='lat' dir='ltr'><strong>dicit</strong></span> <span class='ocrx_word' id='word_1_395' title='bbox 1401 3397 1434 3436; x_wconf 89' lang='lat' dir='ltr'><strong>se</strong></span> 
     </span>
     <span class='ocr_line' id='line_1_39' title="bbox 226 3456 1432 3537; baseline -0.001 -21"><span class='ocrx_word' id='word_1_396' title='bbox 226 3459 328 3516; x_wconf 67' lang='lat' dir='ltr'><strong>naidas</strong></span> <span class='ocrx_word' id='word_1_397' title='bbox 348 3459 393 3516; x_wconf 79' lang='lat' dir='ltr'><strong>rei</strong></span> <span class='ocrx_word' id='word_1_398' title='bbox 411 3459 464 3518; x_wconf 82' lang='lat' dir='ltr'><strong>sibi</strong></span> <span class='ocrx_word' id='word_1_399' title='bbox 482 3461 621 3519; x_wconf 81' lang='lat' dir='ltr'><strong>conscium</strong></span> <span class='ocrx_word' id='word_1_400' title='bbox 634 3481 698 3534; x_wconf 82' lang='lat' dir='ltr'><strong>esse,</strong></span> <span class='ocrx_word' id='word_1_401' title='bbox 720 3461 772 3518; x_wconf 85' lang='lat' dir='ltr'><strong>sed</strong></span> <span class='ocrx_word' id='word_1_402' title='bbox 783 3479 840 3518; x_wconf 82' lang='lat' dir='ltr'><strong>non</strong></span> <span class='ocrx_word' id='word_1_403' title='bbox 850 3469 1004 3536; x_wconf 83' lang='lat' dir='ltr'><strong>propterea</strong></span> <span class='ocrx_word' id='word_1_404' title='bbox 1021 3460 1179 3537; x_wconf 67' lang='lat' dir='ltr'><strong>justificari.</strong></span> <span class='ocrx_word' id='word_1_405' title='bbox 1221 3461 1249 3515; x_wconf 84' lang='lat'><strong>4.</strong></span> <span class='ocrx_word' id='word_1_406' title='bbox 1266 3456 1322 3515; x_wconf 87' lang='lat' dir='ltr'><strong>Illa</strong></span> <span class='ocrx_word' id='word_1_407' title='bbox 1342 3476 1432 3534; x_wconf 87' lang='lat' dir='ltr'><strong>opera</strong></span> 
     </span>
     <span class='ocr_line' id='line_1_40' title="bbox 227 3531 1437 3619; baseline 0.001 -24"><span class='ocrx_word' id='word_1_408' title='bbox 227 3536 323 3595; x_wconf 85' lang='lat' dir='ltr'><strong>omnia</strong></span> <span class='ocrx_word' id='word_1_409' title='bbox 346 3536 549 3612; x_wconf 86' lang='lat' dir='ltr'><strong>excluduntur,</strong></span> <span class='ocrx_word' id='word_1_410' title='bbox 572 3559 636 3616; x_wconf 84' lang='lat' dir='ltr'><strong>quae</strong></span> <span class='ocrx_word' id='word_1_411' title='bbox 661 3531 842 3617; x_wconf 80' lang='lat' dir='ltr'><strong>gloiistionis</strong></span> <span class='ocrx_word' id='word_1_412' title='bbox 862 3539 988 3619; x_wconf 90' lang='lat' dir='ltr'><strong>aliquam</strong></span> <span class='ocrx_word' id='word_1_413' title='bbox 1002 3559 1118 3598; x_wconf 88' lang='lat' dir='ltr'><strong>causam</strong></span> <span class='ocrx_word' id='word_1_414' title='bbox 1132 3539 1293 3615; x_wconf 87' lang='lat' dir='ltr'><strong>relinquare</strong></span> <span class='ocrx_word' id='word_1_415' title='bbox 1314 3547 1437 3614; x_wconf 88' lang='lat' dir='ltr'><strong>possent</strong></span> 
     </span>
     <span class='ocr_line' id='line_1_41' title="bbox 226 3615 1435 3698; baseline 0.002 -24"><span class='ocrx_word' id='word_1_416' title='bbox 226 3615 345 3690; x_wconf 88' lang='lat' dir='ltr'><strong>homini,</strong></span> <span class='ocrx_word' id='word_1_417' title='bbox 362 3615 447 3676; x_wconf 86' lang='lat' dir='ltr'><strong>Rom.</strong></span> <span class='ocrx_word' id='word_1_418' title='bbox 472 3617 513 3676; x_wconf 89' lang='lat' dir='ltr'><strong>iii.</strong></span> <span class='ocrx_word' id='word_1_419' title='bbox 529 3621 578 3676; x_wconf 80' lang='grc'><strong>27.</strong></span> <span class='ocrx_word' id='word_1_420' title='bbox 635 3619 677 3677; x_wconf 92' lang='lat' dir='ltr'><strong>At</strong></span> <span class='ocrx_word' id='word_1_421' title='bbox 690 3619 761 3678; x_wconf 86' lang='lat' dir='ltr'><strong>talia</strong></span> <span class='ocrx_word' id='word_1_422' title='bbox 772 3629 839 3679; x_wconf 91' lang='lat' dir='ltr'><strong>sunt</strong></span> <span class='ocrx_word' id='word_1_423' title='bbox 854 3639 941 3698; x_wconf 86' lang='lat' dir='ltr'><strong>opera</strong></span> <span class='ocrx_word' id='word_1_424' title='bbox 951 3619 1026 3679; x_wconf 82' lang='lat' dir='ltr'><strong>facta</strong></span> <span class='ocrx_word' id='word_1_425' title='bbox 1040 3639 1078 3678; x_wconf 85' lang='lat' dir='ltr'><strong>ex</strong></span> <span class='ocrx_word' id='word_1_426' title='bbox 1091 3618 1157 3695; x_wconf 91' lang='lat' dir='ltr'><strong>fide,</strong></span> <span class='ocrx_word' id='word_1_427' title='bbox 1173 3639 1238 3696; x_wconf 71' lang='lat' dir='ltr'><strong>quc</strong></span> <span class='ocrx_word' id='word_1_428' title='bbox 1252 3617 1356 3676; x_wconf 86' lang='lat' dir='ltr'><strong>volunt</strong></span> <span class='ocrx_word' id='word_1_429' title='bbox 1369 3635 1435 3676; x_wconf 87' lang='lat' dir='ltr'><strong>esse</strong></span> 
     </span>
     <span class='ocr_line' id='line_1_42' title="bbox 227 3695 1434 3778; baseline 0 -24"><span class='ocrx_word' id='word_1_430' title='bbox 227 3695 383 3755; x_wconf 81' lang='lat' dir='ltr'><strong>meritoria.</strong></span> <span class='ocrx_word' id='word_1_431' title='bbox 426 3698 454 3756; x_wconf 88' lang='lat'><strong>5.</strong></span> <span class='ocrx_word' id='word_1_432' title='bbox 470 3695 565 3773; x_wconf 87' lang='lat' dir='ltr'><strong>Opera</strong></span> <span class='ocrx_word' id='word_1_433' title='bbox 579 3697 710 3756; x_wconf 88' lang='lat' dir='ltr'><strong>fidelium</strong></span> <span class='ocrx_word' id='word_1_434' title='bbox 724 3707 792 3757; x_wconf 88' lang='lat' dir='ltr'><strong>sunt</strong></span> <span class='ocrx_word' id='word_1_435' title='bbox 806 3699 916 3774; x_wconf 82' lang='lat' dir='ltr'><strong>effecta,</strong></span> <span class='ocrx_word' id='word_1_436' title='bbox 927 3718 992 3777; x_wconf 88' lang='lat' dir='ltr'><strong>quae</strong></span> <span class='ocrx_word' id='word_1_437' title='bbox 1007 3707 1166 3778; x_wconf 89' lang='lat' dir='ltr'><strong>sequuntur</strong></span> <span class='ocrx_word' id='word_1_438' title='bbox 1185 3697 1434 3776; x_wconf 82' lang='lat' dir='ltr'><strong>justificationem,</strong></span> 
     </span>
     <span class='ocr_line' id='line_1_43' title="bbox 226 3777 1436 3857; baseline -0.002 -21"><span class='ocrx_word' id='word_1_439' title='bbox 226 3797 285 3837; x_wconf 88' lang='lat' dir='ltr'><strong>non</strong></span> <span class='ocrx_word' id='word_1_440' title='bbox 299 3797 394 3837; x_wconf 76' lang='lat' dir='ltr'><strong>caussa</strong></span> <span class='ocrx_word' id='word_1_441' title='bbox 408 3795 473 3854; x_wconf 81' lang='lat' dir='ltr'><strong>quae</strong></span> <span class='ocrx_word' id='word_1_442' title='bbox 487 3796 550 3836; x_wconf 89' lang='lat' dir='ltr'><strong>eam</strong></span> <span class='ocrx_word' id='word_1_443' title='bbox 564 3777 741 3856; x_wconf 74' lang='lat' dir='ltr'><strong>precedunt.</strong></span> <span class='ocrx_word' id='word_1_444' title='bbox 765 3781 793 3836; x_wconf 88' lang='lat'><strong>6.</strong></span> <span class='ocrx_word' id='word_1_445' title='bbox 812 3780 923 3857; x_wconf 82' lang='lat' dir='ltr'><strong>Scopas</strong></span> <span class='ocrx_word' id='word_1_446' title='bbox 938 3779 1074 3856; x_wconf 83' lang='lat' dir='ltr'><strong>Apostoli</strong></span> <span class='ocrx_word' id='word_1_447' title='bbox 1087 3779 1118 3836; x_wconf 90' lang='lat' dir='ltr'><strong>in</strong></span> <span class='ocrx_word' id='word_1_448' title='bbox 1132 3779 1244 3857; x_wconf 85' lang='lat' dir='ltr'><strong>Episto.</strong></span> <span class='ocrx_word' id='word_1_449' title='bbox 1259 3777 1297 3835; x_wconf 88' lang='lat' dir='ltr'><strong>ad</strong></span> <span class='ocrx_word' id='word_1_450' title='bbox 1312 3777 1436 3836; x_wconf 79' lang='lat' dir='ltr'><strong>Galatas</strong></span> 
     </span>
     <span class='ocr_line' id='line_1_44' title="bbox 225 3856 1435 3937; baseline -0.003 -19"><span class='ocrx_word' id='word_1_451' title='bbox 225 3858 280 3918; x_wconf 88' lang='lat' dir='ltr'><strong>fuit</strong></span> <span class='ocrx_word' id='word_1_452' title='bbox 307 3857 453 3936; x_wconf 79' lang='lat' dir='ltr'><strong>disputare</strong></span> <span class='ocrx_word' id='word_1_453' title='bbox 481 3865 581 3917; x_wconf 89' lang='lat' dir='ltr'><strong>contra</strong></span> <span class='ocrx_word' id='word_1_454' title='bbox 605 3856 902 3936; x_wconf 88' lang='lat' dir='ltr'><strong>Pseudo-Apostolos,</strong></span> <span class='ocrx_word' id='word_1_455' title='bbox 931 3859 981 3937; x_wconf 92' lang='lat' dir='ltr'><strong>qui</strong></span> <span class='ocrx_word' id='word_1_456' title='bbox 1015 3859 1102 3918; x_wconf 88' lang='lat' dir='ltr'><strong>tidem</strong></span> <span class='ocrx_word' id='word_1_457' title='bbox 1129 3867 1159 3918; x_wconf 90' lang='lat' dir='ltr'><strong>et</strong></span> <span class='ocrx_word' id='word_1_458' title='bbox 1186 3877 1281 3936; x_wconf 86' lang='lat' dir='ltr'><strong>opera,</strong></span> <span class='ocrx_word' id='word_1_459' title='bbox 1311 3856 1435 3934; x_wconf 82' lang='lat' dir='ltr'><strong>gretiam</strong></span> 
     </span>
     <span class='ocr_line' id='line_1_45' title="bbox 228 3937 1435 4017; baseline -0.003 -19"><span class='ocrx_word' id='word_1_460' title='bbox 228 3938 337 3998; x_wconf 80' lang='lat' dir='ltr'><strong>Christi</strong></span> <span class='ocrx_word' id='word_1_461' title='bbox 347 3946 376 3997; x_wconf 89' lang='lat' dir='ltr'><strong>et</strong></span> <span class='ocrx_word' id='word_1_462' title='bbox 389 3938 491 4000; x_wconf 87' lang='lat' dir='ltr'><strong>merita</strong></span> <span class='ocrx_word' id='word_1_463' title='bbox 505 3957 565 4014; x_wconf 89' lang='lat' dir='ltr'><strong>sua,</strong></span> <span class='ocrx_word' id='word_1_464' title='bbox 589 3937 620 3996; x_wconf 91' lang='lat' dir='ltr'><strong>in</strong></span> <span class='ocrx_word' id='word_1_465' title='bbox 636 3937 844 4017; x_wconf 85' lang='lat' dir='ltr'><strong>justificatione</strong></span> <span class='ocrx_word' id='word_1_466' title='bbox 867 3939 1091 4017; x_wconf 88' lang='lat' dir='ltr'><strong>conjungebant.</strong></span> <span class='ocrx_word' id='word_1_467' title='bbox 1134 3942 1161 3997; x_wconf 80' lang='lat'><strong>7.</strong></span> <span class='ocrx_word' id='word_1_468' title='bbox 1175 3939 1207 3998; x_wconf 89' lang='lat' dir='ltr'><strong>Si</strong></span> <span class='ocrx_word' id='word_1_469' title='bbox 1221 3957 1308 4016; x_wconf 88' lang='lat' dir='ltr'><strong>opera</strong></span> <span class='ocrx_word' id='word_1_470' title='bbox 1321 3945 1435 3995; x_wconf 81' lang='lat' dir='ltr'><strong>naturae</strong></span> 
     </span>
     <span class='ocr_line' id='line_1_46' title="bbox 225 4015 1434 4097; baseline -0.003 -19"><span class='ocrx_word' id='word_1_471' title='bbox 225 4026 347 4094; x_wconf 83' lang='lat' dir='ltr'><strong>tentum,</strong></span> <span class='ocrx_word' id='word_1_472' title='bbox 364 4027 393 4078; x_wconf 90' lang='lat' dir='ltr'><strong>et</strong></span> <span class='ocrx_word' id='word_1_473' title='bbox 413 4039 472 4079; x_wconf 91' lang='lat' dir='ltr'><strong>non</strong></span> <span class='ocrx_word' id='word_1_474' title='bbox 493 4020 602 4097; x_wconf 78' lang='lat' dir='ltr'><strong>gratiae,</strong></span> <span class='ocrx_word' id='word_1_475' title='bbox 625 4017 780 4078; x_wconf 83' lang='lat' dir='ltr'><strong>excludere</strong></span> <span class='ocrx_word' id='word_1_476' title='bbox 800 4019 959 4097; x_wconf 75' lang='lat' dir='ltr'><strong>voluisset,</strong></span> <span class='ocrx_word' id='word_1_477' title='bbox 986 4019 1044 4078; x_wconf 81' lang='lat' dir='ltr'><strong>Gur</strong></span> <span class='ocrx_word' id='word_1_478' title='bbox 1071 4019 1156 4078; x_wconf 90' lang='lat' dir='ltr'><strong>toties</strong></span> <span class='ocrx_word' id='word_1_479' title='bbox 1171 4026 1200 4077; x_wconf 91' lang='lat' dir='ltr'><strong>et</strong></span> <span class='ocrx_word' id='word_1_480' title='bbox 1226 4027 1287 4077; x_wconf 86' lang='lat' dir='ltr'><strong>tam</strong></span> <span class='ocrx_word' id='word_1_481' title='bbox 1309 4015 1434 4076; x_wconf 88' lang='lat' dir='ltr'><strong>sollicite</strong></span> 
     </span>
     <span class='ocr_line' id='line_1_47' title="bbox 226 4097 1434 4178; baseline -0.004 -20"><span class='ocrx_word' id='word_1_482' title='bbox 226 4117 315 4176; x_wconf 89' lang='lat' dir='ltr'><strong>opera</strong></span> <span class='ocrx_word' id='word_1_483' title='bbox 342 4099 411 4159; x_wconf 89' lang='lat' dir='ltr'><strong>fidei</strong></span> <span class='ocrx_word' id='word_1_484' title='bbox 437 4099 557 4178; x_wconf 92' lang='lat' dir='ltr'><strong>opponit</strong></span> <span class='ocrx_word' id='word_1_485' title='bbox 581 4099 735 4159; x_wconf 82' lang='lat' dir='ltr'><strong>absolute?</strong></span> <span class='ocrx_word' id='word_1_486' title='bbox 756 4101 814 4159; x_wconf 83' lang='lat' dir='ltr'><strong>Cur</strong></span> <span class='ocrx_word' id='word_1_487' title='bbox 835 4119 982 4178; x_wconf 87' lang='lat' dir='ltr'><strong>nunquam</strong></span> <span class='ocrx_word' id='word_1_488' title='bbox 1007 4119 1094 4178; x_wconf 90' lang='lat' dir='ltr'><strong>opera</strong></span> <span class='ocrx_word' id='word_1_489' title='bbox 1107 4107 1217 4157; x_wconf 73' lang='lat' dir='ltr'><strong>nature</strong></span> <span class='ocrx_word' id='word_1_490' title='bbox 1232 4097 1352 4176; x_wconf 89' lang='lat' dir='ltr'><strong>opponit</strong></span> <span class='ocrx_word' id='word_1_491' title='bbox 1366 4117 1434 4174; x_wconf 88' lang='lat' dir='ltr'><strong>ope-</strong></span> 
     </span>
     <span class='ocr_line' id='line_1_48' title="bbox 227 4176 1434 4258; baseline -0.003 -20"><span class='ocrx_word' id='word_1_492' title='bbox 227 4179 307 4238; x_wconf 90' lang='lat' dir='ltr'><strong>ribus</strong></span> <span class='ocrx_word' id='word_1_493' title='bbox 321 4180 430 4256; x_wconf 69' lang='lat' dir='ltr'><strong>gratie,</strong></span> <span class='ocrx_word' id='word_1_494' title='bbox 444 4181 522 4258; x_wconf 92' lang='lat' dir='ltr'><strong>quod</strong></span> <span class='ocrx_word' id='word_1_495' title='bbox 542 4180 682 4258; x_wconf 90' lang='lat' dir='ltr'><strong>imprimis</strong></span> <span class='ocrx_word' id='word_1_496' title='bbox 703 4179 828 4239; x_wconf 86' lang='lat' dir='ltr'><strong>faciebat</strong></span> <span class='ocrx_word' id='word_1_497' title='bbox 841 4179 879 4238; x_wconf 89' lang='lat' dir='ltr'><strong>ad</strong></span> <span class='ocrx_word' id='word_1_498' title='bbox 893 4178 1100 4238; x_wconf 90' lang='lat' dir='ltr'><strong>retundendam</strong></span> <span class='ocrx_word' id='word_1_499' title='bbox 1122 4179 1295 4239; x_wconf 86' lang='lat' dir='ltr'><strong>calumniam</strong></span> <span class='ocrx_word' id='word_1_500' title='bbox 1317 4176 1434 4235; x_wconf 85' lang='lat' dir='ltr'><strong>Adver-</strong></span> 
     </span>
     <span class='ocr_line' id='line_1_49' title="bbox 227 4259 1436 4338; baseline -0.003 -20"><span class='ocrx_word' id='word_1_501' title='bbox 227 4259 375 4334; x_wconf 87' lang='lat' dir='ltr'><strong>sariorum,</strong></span> <span class='ocrx_word' id='word_1_502' title='bbox 401 4277 459 4337; x_wconf 87' lang='lat' dir='ltr'><strong>qua</strong></span> <span class='ocrx_word' id='word_1_503' title='bbox 493 4259 655 4338; x_wconf 83' lang='lat' dir='ltr'><strong>gravabant</strong></span> <span class='ocrx_word' id='word_1_504' title='bbox 688 4261 753 4338; x_wconf 90' lang='lat' dir='ltr'><strong>ejus</strong></span> <span class='ocrx_word' id='word_1_505' title='bbox 781 4259 948 4334; x_wconf 83' lang='lat' dir='ltr'><strong>doctrinam,</strong></span> <span class='ocrx_word' id='word_1_506' title='bbox 977 4260 1061 4336; x_wconf 89' lang='lat' dir='ltr'><strong>quasi</strong></span> <span class='ocrx_word' id='word_1_507' title='bbox 1088 4259 1271 4318; x_wconf 90' lang='lat' dir='ltr'><strong>excludendo</strong></span> <span class='ocrx_word' id='word_1_508' title='bbox 1302 4277 1390 4335; x_wconf 86' lang='lat' dir='ltr'><strong>opera</strong></span> <span class='ocrx_word' id='word_1_509' title='bbox 1418 4277 1436 4315; x_wconf 85' lang='lat' dir='ltr'><strong>a</strong></span> 
     </span>
     <span class='ocr_line' id='line_1_50' title="bbox 223 4337 1436 4418; baseline -0.004 -19"><span class='ocrx_word' id='word_1_510' title='bbox 223 4337 432 4418; x_wconf 85' lang='lat' dir='ltr'><strong>justificatione</strong></span> <span class='ocrx_word' id='word_1_511' title='bbox 446 4340 572 4416; x_wconf 82' lang='lat' dir='ltr'><strong>operiret</strong></span> <span class='ocrx_word' id='word_1_512' title='bbox 587 4341 707 4416; x_wconf 89' lang='lat' dir='ltr'><strong>januam</strong></span> <span class='ocrx_word' id='word_1_513' title='bbox 728 4349 856 4418; x_wconf 89' lang='lat' dir='ltr'><strong>peccato,</strong></span> <span class='ocrx_word' id='word_1_514' title='bbox 872 4339 957 4398; x_wconf 88' lang='lat' dir='ltr'><strong>Rom.</strong></span> <span class='ocrx_word' id='word_1_515' title='bbox 972 4339 1012 4398; x_wconf 88' lang='lat' dir='ltr'><strong>vi.</strong></span> <span class='ocrx_word' id='word_1_516' title='bbox 1025 4343 1050 4414; x_wconf 95' lang='lat'><strong>1,</strong></span> <span class='ocrx_word' id='word_1_517' title='bbox 1075 4342 1092 4374; x_wconf 80' lang='lat'><strong>‘⁸</strong></span> <span class='ocrx_word' id='word_1_518' title='bbox 1105 4339 1381 4398; x_wconf 83' lang='lat' dir='ltr'><strong>Permanebimusne</strong></span> <span class='ocrx_word' id='word_1_519' title='bbox 1404 4337 1436 4394; x_wconf 90' lang='lat' dir='ltr'><strong>in</strong></span> 
     </span>
     <span class='ocr_line' id='line_1_51' title="bbox 226 4417 1435 4497; baseline -0.003 -19"><span class='ocrx_word' id='word_1_520' title='bbox 226 4425 354 4496; x_wconf 89' lang='lat' dir='ltr'><strong>peccato,</strong></span> <span class='ocrx_word' id='word_1_521' title='bbox 370 4425 403 4477; x_wconf 91' lang='lat' dir='ltr'><strong>ut</strong></span> <span class='ocrx_word' id='word_1_522' title='bbox 416 4421 511 4496; x_wconf 85' lang='lat' dir='ltr'><strong>gratis</strong></span> <span class='ocrx_word' id='word_1_523' title='bbox 524 4419 692 4479; x_wconf 83' lang='lat' dir='ltr'><strong>abundet?”</strong></span> <span class='ocrx_word' id='word_1_524' title='bbox 738 4417 778 4477; x_wconf 83' lang='lat' dir='ltr'><strong>At</strong></span> <span class='ocrx_word' id='word_1_525' title='bbox 790 4419 871 4478; x_wconf 89' lang='lat' dir='ltr'><strong>nullo</strong></span> <span class='ocrx_word' id='word_1_526' title='bbox 885 4437 1002 4497; x_wconf 89' lang='lat' dir='ltr'><strong>prorsus</strong></span> <span class='ocrx_word' id='word_1_527' title='bbox 1023 4419 1210 4480; x_wconf 84' lang='lat' dir='ltr'><strong>fundamento</strong></span> <span class='ocrx_word' id='word_1_528' title='bbox 1224 4419 1364 4477; x_wconf 89' lang='lat' dir='ltr'><strong>niteretur</strong></span> <span class='ocrx_word' id='word_1_529' title='bbox 1378 4417 1435 4475; x_wconf 84' lang='lat' dir='ltr'><strong>ista</strong></span> 
     </span>
     <span class='ocr_line' id='line_1_52' title="bbox 226 4495 1433 4578; baseline -0.002 -22"><span class='ocrx_word' id='word_1_530' title='bbox 226 4499 327 4572; x_wconf 90' lang='lat' dir='ltr'><strong>illatio,</strong></span> <span class='ocrx_word' id='word_1_531' title='bbox 350 4497 376 4556; x_wconf 91' lang='lat' dir='ltr'><strong>si</strong></span> <span class='ocrx_word' id='word_1_532' title='bbox 404 4497 513 4558; x_wconf 88' lang='lat' dir='ltr'><strong>Paulus</strong></span> <span class='ocrx_word' id='word_1_533' title='bbox 540 4499 695 4558; x_wconf 85' lang='lat' dir='ltr'><strong>excludere</strong></span> <span class='ocrx_word' id='word_1_534' title='bbox 716 4499 857 4558; x_wconf 88' lang='lat' dir='ltr'><strong>voluisset</strong></span> <span class='ocrx_word' id='word_1_535' title='bbox 884 4507 997 4559; x_wconf 83' lang='lat' dir='ltr'><strong>tantum</strong></span> <span class='ocrx_word' id='word_1_536' title='bbox 1021 4519 1108 4578; x_wconf 89' lang='lat' dir='ltr'><strong>opera</strong></span> <span class='ocrx_word' id='word_1_537' title='bbox 1135 4507 1201 4558; x_wconf 89' lang='lat' dir='ltr'><strong>ante</strong></span> <span class='ocrx_word' id='word_1_538' title='bbox 1225 4499 1313 4557; x_wconf 87' lang='lat' dir='ltr'><strong>fidem</strong></span> <span class='ocrx_word' id='word_1_539' title='bbox 1336 4495 1433 4572; x_wconf 84' lang='lat' dir='ltr'><strong>fecta;</strong></span> 
     </span>
     <span class='ocr_line' id='line_1_53' title="bbox 227 4576 1431 4656; baseline -0.002 -22"><span class='ocrx_word' id='word_1_540' title='bbox 227 4577 299 4648; x_wconf 86' lang='lat' dir='ltr'><strong>Quis</strong></span> <span class='ocrx_word' id='word_1_541' title='bbox 314 4576 392 4634; x_wconf 90' lang='lat' dir='ltr'><strong>enim</strong></span> <span class='ocrx_word' id='word_1_542' title='bbox 406 4577 514 4653; x_wconf 86' lang='lat' dir='ltr'><strong>alioqui</strong></span> <span class='ocrx_word' id='word_1_543' title='bbox 522 4577 672 4654; x_wconf 86' lang='lat' dir='ltr'><strong>colligeret</strong></span> <span class='ocrx_word' id='word_1_544' title='bbox 686 4577 751 4637; x_wconf 91' lang='lat' dir='ltr'><strong>ideo</strong></span> <span class='ocrx_word' id='word_1_545' title='bbox 760 4577 920 4656; x_wconf 88' lang='lat' dir='ltr'><strong>postfidem</strong></span> <span class='ocrx_word' id='word_1_546' title='bbox 934 4587 1052 4656; x_wconf 86' lang='lat' dir='ltr'><strong>peccato</strong></span> <span class='ocrx_word' id='word_1_547' title='bbox 1061 4599 1119 4639; x_wconf 91' lang='lat' dir='ltr'><strong>non</strong></span> <span class='ocrx_word' id='word_1_548' title='bbox 1134 4599 1197 4640; x_wconf 89' lang='lat' dir='ltr'><strong>esse</strong></span> <span class='ocrx_word' id='word_1_549' title='bbox 1210 4577 1431 4656; x_wconf 87' lang='lat' dir='ltr'><strong>indulgendum,</strong></span> 
     </span>
     <span class='ocr_line' id='line_1_54' title="bbox 228 4653 1435 4736; baseline 0.004 -27"><span class='ocrx_word' id='word_1_550' title='bbox 228 4653 297 4728; x_wconf 87' lang='lat' dir='ltr'><strong>quia</strong></span> <span class='ocrx_word' id='word_1_551' title='bbox 321 4673 408 4730; x_wconf 88' lang='lat' dir='ltr'><strong>opera</strong></span> <span class='ocrx_word' id='word_1_552' title='bbox 428 4655 514 4714; x_wconf 86' lang='lat' dir='ltr'><strong>fidem</strong></span> <span class='ocrx_word' id='word_1_553' title='bbox 534 4655 734 4716; x_wconf 87' lang='lat' dir='ltr'><strong>antecedentia</strong></span> <span class='ocrx_word' id='word_1_554' title='bbox 753 4657 870 4717; x_wconf 89' lang='lat' dir='ltr'><strong>minime</strong></span> <span class='ocrx_word' id='word_1_555' title='bbox 886 4659 1074 4736; x_wconf 85' lang='lat' dir='ltr'><strong>justificent?</strong></span> <span class='ocrx_word' id='word_1_556' title='bbox 1114 4659 1158 4719; x_wconf 88' lang='lat' dir='ltr'><strong>At</strong></span> <span class='ocrx_word' id='word_1_557' title='bbox 1178 4659 1298 4718; x_wconf 90' lang='lat' dir='ltr'><strong>excluso</strong></span> <span class='ocrx_word' id='word_1_558' title='bbox 1312 4666 1435 4734; x_wconf 90' lang='lat' dir='ltr'><strong>utroque</strong></span> 
     </span>
    </p>
   </div>
   <div class='ocr_carea' id='block_1_3' title="bbox 0 0 1607 5210">
    <p class='ocr_par' dir='ltr' id='par_1_3' title="bbox 0 0 1607 5210">
     <span class='ocr_line' id='line_1_55' title="bbox 0 0 1607 5210; baseline 0 0"><span class='ocrx_word' id='word_1_559' title='bbox 0 0 1607 5210; x_wconf 95' lang='lat' dir='ltr'><strong> </strong></span> 
     </span>
    </p>
   </div>
  </div>
 </body>
</html>
