3192 5206
199 318 312 366 Quesr.
329 297 405 378 xrs]
570 317 609 355 nu
627 317 757 356 emisena
774 319 809 356 nr
825 318 917 359 sraru
933 319 1060 360 crrrrrsrr.
1347 309 1405 364 317

199 458 377 517 infidelitatis
392 477 451 516 suae
465 476 565 535 poenas
579 458 672 532 luunt,
688 459 794 534 quippe
809 459 858 534 qui
874 458 900 515 N
903 461 936 517 eii
949 468 1028 519 reeta
1042 460 1180 536 monenti,
1197 469 1225 520 et
1239 482 1334 521 arcam
1350 464 1405 523 Dei

193 539 280 616 jussu
295 539 480 612 construenti,
496 537 580 594 fidem
596 538 702 595 habere
718 558 864 614 nunquam
879 540 1061 598 voluerunt.'’

240 619 336 676 XIII.
360 618 391 676 Si
403 618 533 676 Christus
545 617 657 690 dicitur,
675 617 742 675 Act.
752 618 781 674 ii.
798 621 845 692 24,
861 638 912 694 per
921 619 1156 678 resurrectionem
1170 625 1309 680 exsolutus
1323 644 1343 680 a
1357 625 1405 682 do·

198 698 302 756 loribus
316 698 433 764 mortis,-
456 697 521 754 Non
543 697 672 773 sequitur
693 697 862 755 sustinuisse
883 697 998 756 dolores
1014 720 1104 776 usque
1119 699 1156 756 ed
1172 710 1348 760 momentum
1362 723 1406 761 re-

198 777 392 850 surrectionis,
409 789 437 834 ct
452 777 574 833 animam
591 777 652 852 ejus
668 776 772 835 abiisse
783 777 814 833 in
828 777 942 852 inferos,
958 777 1009 836 ubi
1024 779 1130 836 talibus
1145 779 1294 838 doloribus
1306 791 1407 858 posset

198 856 281 915 affici.
324 856 487 930 Quielocus
499 865 594 931 potest
605 855 735 913 bifariam
747 857 888 933 intelligi:
902 862 928 915 l.
941 857 981 916 Ut
995 861 1105 916 dotores
1120 860 1216 916 mortis
1225 861 1406 936 perfiguram

198 936 414 1014 grammaticam
436 933 458 993 ἐἰ
480 932 601 1008 Actionis,
626 944 770 1012 ponantur
779 957 831 1012 pro
840 945 931 995 morte
954 937 1111 1010 dolorifica,
1127 947 1160 996 ut
1176 939 1281 997 Metth.
1297 940 1337 997 iii.
1358 944 1404 1016 11,

199 1015 330 1074 ChrIstus
344 1015 535 1092 baptizaturus
549 1015 655 1072 dicitur
668 1016 778 1090 Spiritu
800 1025 826 1074 et
846 1016 915 1092 ipae,
945 1017 984 1074 id.
1008 1018 1076 1093 igne
1104 1017 1255 1093 spirituali,
1270 1028 1299 1077 et
1323 1019 1406 1098 Virg.

198 1095 318 1154 AEneid.
343 1098 368 1166 1,
391 1097 483 1153 Arma
503 1096 648 1170 uirumque
669 1116 748 1168 cano,
771 1095 810 1152 id.
832 1095 925 1154 virum
948 1107 1108 1169 annatum;
1131 1095 1205 1170 Quia
1228 1109 1338 1157 certum
1363 1109 1408 1159 est

197 1184 319 1233 mortem
348 1175 455 1232 Christi
483 1176 666 1251 conjunctam
691 1175 779 1232 fuisse
804 1195 869 1234 cunr
899 1175 1046 1234 doloribus
1075 1177 1322 1252 exquisitissimis,
1353 1200 1406 1238 nec

197 1254 286 1312 fuisse
315 1263 435 1312 mortem
463 1254 542 1311 illam
571 1254 694 1312 solutam
729 1255 784 1311 nisi
812 1263 958 1313 momento
981 1256 1207 1314 resurrectionis.
1252 1263 1279 1315 2.
1310 1259 1406 1316 Locus

198 1333 334 1410 adquam
358 1334 460 1392 Petrus
482 1333 593 1406 alludit,
615 1334 692 1392 Psal.
715 1334 797 1392 xviii.
821 1337 847 1408 5,
870 1335 988 1393 adhibet
999 1356 1100 1394 vocem
1115 1358 1174 1398 τῆνα
1185 1343 1247 1398 *bru
1261 1357 1326 1413 quae
1340 1359 1406 1414 pro·

196 1415 258 1491 prie
272 1416 446 1486 notatfimes
460 1423 489 1472 et
499 1415 617 1487 articula,
633 1413 738 1489 quibus
752 1414 838 1472 homo
853 1414 998 1473 detinetur
1011 1415 1102 1474 veluti
1114 1417 1247 1493 captivus
1261 1417 1290 1474 in
1306 1427 1406 1494 morte,

198 1494 335 1570 aquibus
350 1494 473 1551 solvitur
487 1513 538 1570 per
551 1493 796 1568 resurrectionem,
818 1494 890 1551 nihil
914 1503 946 1552 ut
971 1515 1043 1571 opus
1068 1495 1105 1553 sit
1127 1497 1236 1572 fingere
1257 1505 1408 1573 propterca

197 1573 360 1650 passionem
375 1573 501 1649 aliquam
512 1572 615 1630 animae
625 1583 692 1648 post
702 1581 832 1631 mortem.
884 1574 986 1632 Petms
997 1583 1093 1632 tamen
1108 1585 1224 1634 secutus
1240 1577 1287 1648 70,
1303 1578 1408 1636 retInet

197 1673 300 1710 vocem
315 1649 413 1726 ditum
436 1673 500 1728 qnae
515 1661 669 1726 utrumque
683 1661 778 1728 potest
792 1661 955 1726 connotare,
971 1663 1000 1712 et
1015 1654 1158 1712 cruciatus
1175 1674 1247 1730 quos
1269 1655 1299 1712 in
1313 1665 1406 1714 morte

197 1751 299 1810 passus
314 1742 366 1806 est,
379 1742 408 1790 et
419 1732 536 1790 vincula
549 1731 658 1805 mortis,
674 1731 779 1807 quibus
793 1732 823 1788 in
837 1733 989 1808 sepulchro
1004 1733 1216 1808 quodammodo
1229 1735 1338 1811 ligatus
1352 1743 1405 1811 est,

198 1822 232 1872 ut
246 1831 347 1870 sensus
362 1811 408 1886 sit,
427 1813 524 1884 Quem,
540 1829 642 1886 nempe
665 1811 819 1885 Christum,
834 1813 975 1870 suscitavit
988 1815 1075 1886 Deua,
1091 1815 1221 1872 soluendo
1236 1814 1333 1872 mortis
1346 1815 1405 1873 uia·

198 1895 271 1965 cula,
287 1912 348 1949 cum
358 1913 414 1949 aaa
424 1901 519 1966 posset
531 1896 671 1970 spartiatas
685 1892 804 1948 detineri
815 1912 924 1966 semper
938 1893 1028 1948 instar
1041 1893 1146 1967 captiui
1157 1895 1193 1950 ab
1207 1893 1278 1968 ipsa.

239 1971 329 2028 XIV.
353 1972 475 2029 Carmen
497 1970 691 2046 Triumphale,
708 1970 786 2046 quod
811 1972 928 2044 Paulus,
946 1975 960 2028 l
979 1971 1043 2028 Cor.
1058 1991 1109 2029 xv,
1126 1974 1173 2046 54,
1189 1975 1237 2048 55,
1253 1981 1320 2049 post
1343 1973 1404 2031 Ho-

199 2070 275 2108 seam
291 2051 376 2124 canit,
392 2060 469 2108 reete
483 2050 605 2108 refertur
618 2049 656 2106 ad
670 2051 906 2108 resurrectionem
924 2050 1039 2124 Christi,
1056 2071 1112 2126 qua
1124 2051 1159 2110 de
1170 2061 1298 2128 peccato,
1314 2061 1404 2111 morte

199 2139 228 2188 et
242 2129 361 2203 inferne,
378 2130 525 2188 victoriam
539 2137 683 2204 reportare
694 2131 800 2206 ccepit;
817 2131 867 2188 sed
881 2130 919 2187 ad
929 2130 1098 2188 descensum
1114 2131 1150 2188 ad
1160 2131 1268 2190 inseres
1282 2151 1340 2191 nou
1354 2153 1404 2208 po·

198 2219 255 2268 test
265 2211 416 2287 pertinere,
433 2210 482 2285 qui
496 2209 550 2266 fuit
564 2217 710 2266 extremus
726 2209 940 2268 Exinanitionis
961 2210 1024 2286 ejus
1045 2209 1161 2286 gradus,
1177 2211 1207 2268 in
1221 2231 1279 2289 quo
1293 2220 1404 2269 tantum

197 2309 255 2348 non
270 2310 287 2346 a
301 2298 392 2348 morte
407 2289 562 2364 absorptus
576 2288 738 2347 videbatur.

649 2529 843 2604 Qumsrro
865 2529 954 2588 xvr.

198 2687 246 2746 Aa
256 2691 411 2748 Descensus
425 2691 466 2746 ad
478 2691 591 2762 Inseres
604 2699 677 2748 recte
686 2691 728 2746 ad
742 2689 890 2748 Cruciatur
901 2691 1058 2764 infamares,
1072 2697 1098 2746 et
1111 2691 1153 2746 ad
1164 2698 1264 2746 statum
1279 2691 1404 2765 abacta

327 2769 427 2826 simum
440 2769 488 2826 sub
502 2769 624 2826 dominio
638 2770 735 2826 mortis
749 2769 778 2827 ia
791 2771 937 2844 sepulchro
951 2769 1115 2844 rfferatur!
1157 2767 1268 2826 Affirm.

240 2927 264 2983 Ι.
288 2926 451 3000 Quaestione
466 2927 640 3003 praecedenti
654 2927 801 2986 conlatata
825 2935 869 2985 est
891 2925 963 2982 falsa
978 2925 1193 2984 Pontificiorum
1207 2925 1242 2984 dc
1255 2927 1404 2986 Descensu

197 3006 285 3064 locali
307 3005 412 3064 Christi
438 3006 476 3064 ad
500 3007 615 3081 inferos,
643 3007 803 3080 sententia;
827 3007 910 3064 Nunc
925 3025 1011 3063 rarus
1026 3013 1054 3064 et
1065 3005 1208 3080 genuinus
1223 3007 1286 3082 ejus
1302 3025 1403 3064 sensus

198 3085 399 3144 adstruendus.
422 3086 506 3146 Circa
516 3107 602 3162 quern
613 3106 711 3144 rursus
723 3084 884 3144 Orthodoxi
896 3085 970 3142 inter
981 3104 1010 3141 se
1021 3104 1077 3142 non
1088 3085 1203 3142 omnino
1218 3086 1402 3162 conveniant,

198 3165 267 3224 dum
279 3166 328 3224 alii
342 3166 380 3223 ad
394 3167 557 3242 spirituales
579 3167 686 3224 Christi
701 3185 832 3241 angores,
848 3172 876 3222 et
891 3164 1033 3222 cruciatus
1048 3164 1231 3240 gehennales
1252 3185 1325 3241 quos
1340 3185 1403 3224 sus·

197 3244 293 3318 tinuit,
316 3245 450 3319 referunt,
474 3256 506 3303 ut
525 3245 672 3317 Calvinus,
690 3246 776 3318 Beza,
793 3245 927 3319 Danaus,
945 3242 1069 3302 Ursinus
1084 3253 1112 3301 et
1127 3243 1184 3316 alii,
1201 3245 1258 3301 imo
1273 3253 1302 3303 et
1316 3244 1403 3304 variae

199 3324 401 3384 Confessiones
411 3324 615 3383 Ecclesiarum.
636 3325 698 3382 Alii
709 3324 746 3382 ad
756 3324 931 3400 sepulturam
938 3332 967 3381 et
973 3322 1134 3381 triduanam
1141 3324 1240 3399 ejusin
1251 3325 1403 3400 sepulchro

198 3402 393 3463 detentionem
407 3405 548 3482 pertInere
563 3404 749 3480 contendunt,
764 3413 797 3463 ut
812 3404 963 3478 Zanchius,
981 3403 1118 3477 Piscator,
1133 3404 1252 3478 Pierius,
1269 3405 1370 3462 etalii.

502 3485 545 3542 ΙΙ.
568 3484 788 3543 Observandum
810 3504 879 3542 vcro
893 3492 958 3541 ante
974 3483 1088 3559 omnia;
1112 3484 1177 3541 Non
1192 3483 1282 3560 quaeri
1297 3483 1343 3542 hic
1360 3485 1404 3542 De

467 3564 582 3639 Oripine
597 3565 673 3622 istius
687 3565 817 3638 Articuli,
834 3563 883 3620 An
898 3562 934 3620 ab
948 3562 1030 3620 initio
1052 3562 1138 3622 suerit
1151 3564 1259 3622 relatus
1273 3564 1302 3620 in
1320 3565 1404 3640 Sym-

464 3643 562 3701 bolum
578 3644 789 3721 Apostolicum,
811 3651 841 3700 et
861 3651 1026 3700 constanter
1039 3642 1076 3700 ab
1092 3643 1231 3701 Ecclesiis
1245 3643 1361 3719 agnitus
1376 3651 1405 3702 et

198 3726 353 3799 receptus?
368 3724 486 3782 Constat
498 3723 582 3796 enirn,
595 3724 704 3782 nullam
714 3723 886 3780 mentIonem
897 3723 960 3798 ejus
970 3721 1032 3779 fieri
1044 3722 1072 3778 in
1087 3722 1225 3798 Symbola
1237 3723 1363 3798 Nicoeno,
1376 3732 1405 3781 et

199 3801 341 3876 Romano,
352 3813 424 3861 teste
435 3802 550 3860 Ruffino
563 3804 695 3879 Exposit.
713 3801 842 3878 Symbol.
853 3822 877 3859 c.
888 3822 948 3875 xx,
961 3810 990 3858 ct
1001 3801 1132 3875 Veteres,
1144 3803 1194 3878 qui
1204 3801 1405 3860 Confessiones

199 3882 360 3956 ediderunt,
372 3891 402 3940 et
415 3882 545 3958 regulam
559 3882 626 3940 fidei
647 3890 851 3959 exposuerunt,
873 3880 973 3957 quales
998 3889 1065 3938 sunt
1090 3881 1226 3954 Irenaeus,
1253 3880 1401 3956 Origenes,

199 3961 403 4035 Tertullianus,
417 3961 609 4038 Augustinus,
626 3972 654 4020 et
668 3962 726 4036 alil,
743 3961 778 4020 de
794 3981 828 4018 eo
843 3961 945 4033 silere;
970 3959 1008 4018 Et
1022 3959 1121 4016 referri
1131 3968 1242 4016 tanturn
1257 3979 1275 4016 a
1289 3959 1405 4017 Ruffino

200 4039 372 4114 Aquileensi
385 4041 461 4098 circa
469 4041 555 4099 finem
570 4041 659 4100 seculi
670 4041 774 4117 quarti.
798 4041 930 4098 Habetur
944 4038 1059 4115 quidem
1071 4038 1118 4095 hic
1129 4038 1266 4096 articulus
1277 4038 1308 4095 in
1321 4039 1404 4114 Sym-

200 4116 267 4175 bolo
282 4118 445 4194 Athanasii,
462 4121 512 4178 sed
527 4121 633 4178 omisso
647 4121 768 4179 articulo
784 4120 946 4196 sepulturae,
959 4117 1065 4175 indicio
1076 4136 1133 4174 nen
1145 4115 1267 4174 obscuro
1281 4137 1333 4192 pro
1347 4137 1405 4176 uno

201 4195 359 4271 eodemque
374 4208 503 4274 sumptos
518 4219 590 4258 esse.
633 4199 680 4258 Ita
701 4200 855 4258 verisimile
877 4207 921 4257 est
943 4217 980 4256 ex
1005 4196 1143 4272 Symbolo
1159 4195 1314 4254 Athanasii
1328 4197 1405 4254 bunc

201 4275 354 4332 articulum
368 4276 398 4333 iu
415 4277 583 4352 Symbolum
599 4279 801 4356 Apostolicum
822 4277 992 4336 translatum
1014 4295 1085 4350 esse,
1115 4284 1144 4334 et
1165 4275 1257 4350 primo
1278 4273 1351 4333 forte
1375 4275 1406 4333 in

200 4353 331 4431 margine
345 4357 507 4431 appositum
522 4378 584 4417 esse
599 4359 800 4435 explicationis
822 4357 923 4434 gratia,
940 4355 1043 4415 deinde
1059 4375 1095 4414 ex
1123 4355 1252 4430 margine
1267 4353 1297 4411 in
1311 4355 1406 4431 ipsum

201 4441 323 4508 textum,
339 4435 389 4509 qui
403 4433 538 4512 deinceps
550 4447 677 4496 retentus
693 4439 730 4497 sit
745 4448 773 4496 et
787 4457 845 4495 uno
859 4446 958 4494 tenore
973 4435 1117 4494 recitatus.
1162 4433 1219 4492 Sed
1230 4433 1318 4491 missa
1329 4453 1406 4492 nunc

201 4513 258 4570 ista
271 4513 439 4590 quastione,
455 4516 552 4591 agitur
565 4517 612 4576 hic
626 4525 738 4576 tantum
754 4517 798 4576 De
813 4536 878 4574 uero
893 4518 952 4590 ejice
971 4535 1060 4590 seusu,
1076 4514 1112 4572 de
1127 4532 1184 4590 quo
1198 4533 1257 4571 non
1270 4515 1408 4573 convenit

201 4593 277 4651 inter
290 4613 400 4652 omnes.

228 3549 315 3596 Status
324 3549 411 3600 Quass-

275 3610 357 3654 tionis.
