3146 5210
209 319 267 377 392
613 332 704 375 cocus
719 329 849 374 aceruus
863 331 1007 381 oscarus.
1210 313 1335 395 [aunan.
1351 334 1418 377 xrn.

209 475 308 535 multis
322 473 424 534 modis.
448 473 506 532 Sed
520 474 666 551 queritur,
682 473 732 532 An
745 474 809 553 Ioco
824 483 921 534 nostro
936 475 1023 534 etiam
1032 474 1070 534 sit
1077 474 1214 552 praestita,
1225 483 1255 534 et
1264 475 1314 532 An
1325 476 1424 553 ingre·

211 557 307 615 diatur
321 554 554 629 satisfactionem,
570 573 656 631 quam
670 575 723 632 pro
736 555 821 614 nobis
836 555 900 614 Deo
911 555 1048 614 exhibere
1063 555 1186 614 debuit?
1208 555 1293 630 Quod
1313 556 1357 613 illi
1369 575 1421 614 ne-

211 645 290 714 gant,
307 635 368 693 Nos
379 633 561 692 affirmamus.

253 715 308 775 IV.
331 719 359 773 2.
370 714 437 773 Non
451 714 597 790 quaeritur,
613 713 663 772 An
678 734 763 772 meras
777 714 926 792 passiones
939 714 1102 792 pertineant
1123 715 1160 773 ad
1175 713 1422 774 satisfactionem:

210 794 386 872 Agnoscunt
399 793 476 852 enim
489 793 533 850 illi
547 813 613 853 cum
627 794 731 870 quibus
746 794 860 872 agimus
873 793 983 852 nullam
994 794 1056 852 dari
1067 813 1151 872 posse
1162 794 1325 871 passionem
1337 793 1421 853 satis-

210 875 359 933 factoriam
374 874 435 932 sine
450 873 570 948 actione,
586 881 728 950 quatenus
741 883 774 932 ut
787 882 870 951 grata
885 874 948 932 Deo
962 882 1047 950 esset,
1063 874 1163 933 debuit
1184 873 1331 932 includere
1352 874 1421 933 obe·

210 953 348 1013 dientiam
363 953 496 1029 activam,
513 972 563 1011 seu
578 953 770 1012 voluntariam
792 954 976 1028 oblationem,
999 974 1063 1030 quae
1087 973 1227 1012 summam
1251 954 1422 1012 charitatem

210 1054 276 1093 curn
290 1033 497 1112 perfectissima
508 1032 622 1108 justitia
635 1039 664 1090 et
678 1033 830 1092 sanctitate
844 1033 1089 1110 complecteretur,
1105 1034 1162 1092 imo
1190 1033 1221 1090 in
1234 1053 1269 1092 ea
1279 1053 1337 1091 una
1350 1033 1421 1092 acti·

210 1133 273 1190 one,
288 1115 392 1172 volunt
404 1112 463 1170 κατ’
477 1114 590 1188 herapia
614 1103 756 1171 contineri
779 1113 868 1172 totius
883 1113 971 1188 Legis
994 1113 1245 1172 obseruationem:
1289 1112 1349 1172 Sed
1370 1112 1422 1170 An

212 1213 278 1252 cum
289 1192 461 1266 obedientia,
476 1211 563 1269 quam
577 1192 608 1249 in
621 1200 712 1251 morte
726 1192 867 1268 exhibuit,
882 1191 1001 1250 ferendo
1014 1211 1114 1269 paenas
1128 1192 1212 1251 nobis
1233 1192 1355 1268 debitas,
1370 1192 1421 1251 de·

210 1273 278 1331 beat
289 1273 375 1331 etiam
390 1272 527 1350 conjungi
541 1271 705 1330 obedientia
717 1272 807 1331 totius
821 1272 889 1330 vitae
903 1291 955 1348 per
968 1291 1054 1348 quarn
1065 1272 1208 1349 justitiam
1231 1292 1344 1331 omnem
1367 1272 1421 1329 im-

211 1352 312 1429 plevit,
327 1359 357 1410 et
368 1351 441 1428 Legi
454 1351 579 1428 perfecte
593 1351 747 1410 conformis
761 1351 840 1410 hit?
861 1351 945 1425 Quod
958 1352 1101 1427 volumus,
1125 1352 1299 1428 Illinegant.

253 1431 291 1490 V.
314 1435 343 1490 3.
358 1431 424 1488 Non
435 1431 580 1507 quaeritur,
598 1431 648 1488 An
661 1431 805 1490 Sanctitas
819 1430 969 1507 originalis
991 1440 1020 1489 et
1034 1431 1190 1490 habitualis
1205 1431 1313 1490 Christi
1332 1431 1421 1490 fuerit

213 1511 338 1588 qualitas
361 1518 390 1569 et
413 1509 540 1569 conditio
570 1511 704 1570 Personae
728 1511 907 1585 Mediatoris,
933 1519 995 1568 tum
1015 1529 1073 1588 qua
1098 1511 1243 1586 Hominis,
1272 1519 1334 1570 tum
1362 1530 1421 1587 qua

215 1591 365 1664 Israelitae,
381 1597 444 1649 turn
458 1610 515 1667 qua
532 1590 704 1665 Sacerdotis,
720 1599 749 1650 et
773 1591 917 1665 Victima,
940 1610 1005 1666 quae
1026 1590 1127 1650 debuit
1148 1591 1227 1649 omni
1247 1609 1343 1648 carere
1358 1611 1420 1648 ma-

214 1671 304 1729 cula?
346 1670 405 1729 Sed
420 1669 470 1727 An
484 1671 606 1730 Justitia
630 1670 733 1745 meriti,
758 1691 822 1747 quae
846 1670 972 1748 pertinet
992 1669 1030 1732 ad
1049 1671 1251 1729 executionem
1273 1669 1375 1744 Officii,
1390 1678 1421 1728 et

212 1751 297 1808 nobis
306 1749 463 1826 imputatur
472 1750 509 1808 ad
517 1750 714 1808 remissionem
725 1758 917 1828 peecatorum,
928 1757 957 1808 et
964 1750 1014 1826 jus
1025 1749 1164 1808 advitam
1175 1749 1419 1826 consequendum,

214 1837 349 1888 nascatur
363 1850 401 1889 ex
414 1830 508 1908 poenis
522 1849 594 1906 quas
614 1849 717 1906 passus
731 1832 797 1888 est?
838 1829 947 1888 Annon
962 1829 1048 1889 etiam
1071 1828 1228 1888 efflorescat
1242 1849 1280 1888 ex
1299 1829 1420 1887 actioni-

212 1909 269 1968 bus
294 1910 409 1986 sanctis,
435 1928 508 1986 quas
532 1908 600 1967 fecit
621 1929 673 1985 per
696 1917 786 1967 totam
808 1910 907 1985 vitam,
934 1917 962 1968 et
986 1908 1092 1986 quibus
1117 1909 1226 1985 Legem
1253 1908 1422 1985 plenissime

212 1988 369 2067 implevit?
410 1989 457 2047 Ita
480 1989 511 2047 in
537 1988 651 2046 Christo
673 1987 878 2064 distinguenda
895 1995 963 2047 sunt
982 2008 1025 2064 ea,
1051 2007 1116 2064 quse
1136 1987 1247 2046 faciunt
1267 1988 1375 2046 directe
1390 1996 1421 2047 et

214 2068 380 2127 immediate
393 2067 431 2126 ad
445 2067 578 2126 meritum
588 2076 617 2126 et
631 2067 863 2142 satisfactionem,
879 2075 912 2126 ut
925 2069 958 2125 id
967 2069 1044 2144 quod
1050 2076 1180 2142 meretur,
1193 2076 1222 2126 et
1230 2087 1296 2144 quae
1306 2075 1421 2126 tanturn

215 2168 249 2206 eo
263 2148 407 2224 pertinent
428 2147 560 2223 mediate,
583 2155 617 2205 ut
637 2147 817 2206 conditiones
830 2147 955 2224 praeviae,
971 2156 1000 2206 et
1022 2149 1054 2205 id
1072 2165 1127 2223 quo
1141 2156 1272 2205 meretur.
1314 2147 1351 2206 In
1362 2167 1422 2224 quo

213 2226 365 2304 posteriori
376 2247 482 2302 genere
497 2227 632 2285 Personae
644 2228 825 2286 sanctitatem
839 2226 1013 2303 reponimus.

254 2306 310 2363 VI.
333 2305 460 2380 Quaestio
485 2325 519 2364 eo
543 2305 626 2380 redit,
644 2305 693 2362 An
719 2304 884 2365 Satissactio
900 2306 1007 2364 Christi
1026 2305 1091 2364 loco
1112 2313 1211 2364 nostro
1225 2304 1354 2383 praestita
1370 2325 1416 2364 re·

215 2384 384 2460 stringenda
398 2384 436 2442 sit
459 2383 497 2442 ad
512 2383 602 2442 solam
616 2393 738 2443 mortem
754 2385 861 2444 Christi
882 2404 933 2443 seu
948 2385 1102 2443 Passiones
1116 2405 1173 2461 eas,
1190 2405 1254 2462 quae
1275 2385 1355 2443 illam
1369 2386 1420 2444 rel

213 2470 438 2538 antecesserunt,
453 2463 501 2522 rel
513 2463 655 2522 comitatae
677 2467 768 2522 sunt?
809 2462 859 2522 An
879 2483 948 2522 vero
970 2464 1177 2541 complectetur
1197 2484 1231 2523 ea
1245 2464 1420 2542 omniaque

214 2542 346 2602 Christus
360 2542 428 2601 fecit
442 2551 471 2601 et
484 2562 588 2620 passus
602 2551 646 2603 est
666 2562 718 2619 pro
732 2543 816 2601 nobis
830 2563 847 2600 a
860 2543 930 2601 vitae
944 2543 1026 2602 initio
1040 2563 1133 2620 usque
1150 2543 1187 2602 ad
1201 2543 1312 2604 finem?
1333 2544 1420 2604 Prius

213 2621 316 2681 volunt
330 2621 395 2680 Viri
411 2621 515 2698 Docti,
539 2622 687 2681 Posterius
701 2623 864 2682 asserimus.

254 2701 328 2761 VII.
352 2701 401 2760 Ad
423 2703 570 2761 sententiae
593 2702 742 2760 clariorem
762 2702 984 2778 intelligentiam
998 2703 1195 2780 supponimus,
1223 2705 1249 2762 1.
1265 2702 1420 2762 Passiones
1454 2741 1460 2751 ·

215 2781 324 2840 Christi
338 2781 543 2841 satisfactorias
558 2782 756 2842 extendendas
776 2801 839 2840 esse
864 2781 901 2840 ad
921 2802 1092 2858 aesomnes,
1108 2803 1174 2859 quae
1197 2781 1311 2840 Christo
1325 2781 1419 2860 impo

215 2862 278 2920 sitae
293 2861 417 2937 fuerunt,
433 2881 492 2920 non
511 2861 598 2920 modo
619 2862 650 2919 in
672 2861 772 2938 Cruce,
788 2861 839 2920 sed
850 2869 880 2920 et
894 2862 924 2919 in
938 2862 1030 2937 horto,
1054 2862 1113 2920 imo
1134 2882 1186 2938 per
1206 2869 1296 2920 totam
1316 2863 1416 2922 vitam.

214 2940 315 3019 Atque
328 2942 376 3000 hic
390 2961 448 3000 non
461 2961 615 3019 possumus
629 2942 750 3018 probare
764 2961 863 3000 eorum
878 2950 1079 3016 commentum,
1092 2941 1142 3018 qui
1154 2941 1304 3018 passiones
1318 2960 1418 3000 omnes

216 3020 323 3080 Christi
335 3021 540 3080 satisfactorias
554 3022 592 3079 ad
606 3041 655 3080 eas
664 3022 835 3099 restringere
849 3022 967 3096 vellent,
980 3041 1051 3098 quas
1063 3021 1195 3080 ChrIstus
1205 3040 1256 3097 per
1266 3021 1418 3081 trihorium

215 3100 425 3160 obscurationis
440 3102 541 3160 solaris
556 3102 701 3175 sustinuit,
717 3101 786 3159 dum
808 3110 884 3160 esset
905 3101 935 3159 in
950 3101 1040 3159 Cruee
1056 3109 1084 3158 et
1095 3109 1249 3177 antequam
1263 3101 1416 3178 expiraret,

214 3189 333 3240 caeteras
353 3181 568 3239 excludendos
592 3181 788 3239 satisfactione
813 3180 952 3256 Justitiae,
964 3180 1033 3239 lieet
1056 3181 1202 3258 potuerint
1223 3180 1365 3256 pertinere
1379 3181 1419 3240 ad

215 3259 448 3318 satisfaciendum
464 3261 580 3318 veritati
601 3260 717 3334 divinae,
740 3269 769 3318 et
793 3260 830 3318 sd
857 3269 992 3337 typorum
1015 3259 1300 3318 consummationem.
1344 3260 1419 3320 Utut

214 3337 291 3394 enim
316 3337 465 3396 indubium
486 3340 531 3414 sit,
547 3339 695 3415 passiones
709 3339 774 3398 illas
788 3340 976 3416 gravissimas
989 3339 1087 3413 fuisse,
1109 3359 1175 3398 cum
1196 3339 1302 3416 quibus
1315 3340 1417 3398 ultimo

214 3415 349 3496 ινχειμίςρ
366 3416 546 3475 conflictatus
566 3425 628 3476 est:
650 3425 767 3476 crateras
791 3418 978 3478 nihilominus
992 3439 1025 3477 eo
1040 3419 1211 3496 pertinuisse
1234 3419 1343 3478 clarum
1364 3427 1417 3479 est.

217 3499 243 3552 1.
259 3495 334 3568 Quia
350 3494 497 3571 Scriptura
518 3496 651 3572 nuspiam
665 3497 813 3572 passiones
827 3497 976 3574 restringit
990 3498 1027 3556 sd
1040 3498 1192 3557 trihorium
1203 3498 1310 3574 crucis,
1321 3498 1373 3557 sed
1387 3499 1417 3557 in

214 3593 319 3650 genere
334 3573 370 3630 de
388 3572 447 3631 illis
470 3573 606 3651 quuitur,
622 3575 730 3652 absque
752 3577 813 3636 ulla
831 3577 1009 3652 limitatione,
1027 3577 1084 3636 Isa.
1098 3578 1150 3635 liii.
1166 3581 1194 3653 4,
1215 3581 1243 3636 5.
1268 3581 1282 3635 l
1305 3579 1367 3636 Pet.
1386 3578 1417 3637 ii.

215 3656 263 3729 21,
280 3661 308 3711 et
322 3653 363 3710 iii.
381 3654 426 3726 18,
453 3653 558 3711 Matth.
574 3653 635 3712 xvi.
651 3653 708 3729 21,
733 3655 810 3714 Heb.
825 3675 854 3714 v.
871 3661 898 3730 7,
913 3666 942 3716 et
957 3677 985 3715 x.
1002 3659 1029 3730 8,
1046 3659 1073 3733 9,
1093 3657 1157 3715 rimo
1172 3677 1220 3716 eas
1234 3658 1366 3716 extendit
1380 3657 1417 3716 ed

214 3741 305 3791 totam
319 3733 412 3792 nisum
427 3740 456 3791 et
469 3732 698 3792 humiliationem
713 3735 829 3809 Christi,
846 3735 920 3794 Phil.
935 3737 965 3795 ii.
982 3739 1009 3810 6,
1022 3741 1050 3794 7.
1072 3741 1100 3795 2.
1113 3736 1187 3810 Quia
1201 3737 1314 3812 agonia,
1329 3756 1417 3813 quam

214 3812 347 3872 Christus
361 3813 391 3870 in
404 3813 487 3871 horto
501 3813 627 3890 pertulit,
643 3833 707 3891 quse
718 3813 889 3873 describitur
902 3835 954 3892 per
976 3817 1086 3897 τιίμξιι,
1109 3813 1244 3892 aquarias,
1260 3817 1417 3892 ἰιθιίμβισιι,

214 3899 243 3951 et
263 3892 424 3974 πιςιλὺησιι
441 3893 518 3973 aalma
538 3893 657 3969 θηναίων,
675 3902 792 3971 propter
813 3893 927 3971 pondus
951 3895 1001 3954 irae
1022 3906 1051 3955 et
1074 3895 1284 3956 maledictionis
1309 3897 1416 3954 divinae

214 3993 300 4050 quam
316 3973 483 4050 sustinebat,
499 3975 643 4052 praecipua
656 3993 723 4050 pars
737 3973 791 4032 fuit
811 3993 961 4050 poenaurm
976 3976 1175 4053 spiritualium,
1191 3985 1272 4052 quas,
1285 3975 1417 4035 Christus

214 4053 274 4130 pati
285 4054 385 4112 debuit
395 4074 447 4132 pro
456 4053 548 4112 nobis.
573 4057 601 4112 3.
617 4053 754 4127 Quiahoe
762 4061 807 4112 est
817 4053 946 4113 invidere
955 4055 1011 4131 piis
1022 4055 1181 4130 animabus,
1194 4057 1223 4113 in
1234 4055 1417 4133 passionibus

214 4133 348 4191 omnibus
375 4133 533 4192 Salvatoris
545 4139 580 4192 ut
594 4132 792 4192 satisfactoriis
810 4133 923 4209 placide
943 4134 1167 4210 quiescentibus,
1190 4135 1324 4194 solatium
1338 4135 1417 4213 quod

212 4211 280 4269 inde
295 4211 416 4286 elicitur,
431 4220 461 4270 et
474 4213 641 4271 subtrahere
655 4212 805 4271 innumera
824 4211 956 4270 immensi
970 4231 1040 4290 erga
1053 4233 1107 4272 nos
1121 4215 1226 4274 amorIs
1239 4215 1355 4274 indicia.

254 4291 345 4348 VIII.
368 4291 429 4349 Neo
443 4291 490 4350 hie
501 4291 606 4368 opponi
621 4290 716 4365 debet,
739 4291 797 4348 Vel
811 4291 897 4366 quod,
914 4292 1001 4350 Zach.
1023 4292 1064 4350 iii.
1079 4297 1107 4366 9,
1123 4294 1268 4370 asseritur,
1287 4296 1304 4328 “
1314 4295 1415 4354 Totius

212 4378 296 4430 terrae
317 4379 464 4446 peccatum
481 4390 538 4428 uno
550 4370 596 4428 die
611 4369 835 4447 expungendum
850 4371 942 4444 esse,”
963 4371 1021 4429 Vel
1035 4373 1114 4448 quod
1129 4373 1237 4432 Paulus
1251 4373 1289 4432 ad
1315 4375 1332 4406 “
1343 4373 1415 4433 Uni-

213 4469 277 4506 cam
299 4449 404 4507 Christi
419 4448 594 4508 oblationem
613 4450 643 4507 in
664 4467 747 4508 cruce
768 4457 913 4524 peractam
925 4449 942 4476 '’
975 4451 1153 4510 Sacrificium
1185 4455 1248 4530 ejus
1278 4453 1414 4530 propitia·

212 4527 317 4586 terium
342 4527 436 4602 refert,
463 4528 540 4586 Heb.
564 4549 593 4587 x.
620 4531 675 4602 103
706 4528 780 4601 Quia
799 4525 866 4586 inde
881 4527 980 4607 colligi
1003 4548 1060 4588 non
1085 4541 1181 4609 potest
1208 4533 1416 4591 antecedaueas

213 4606 318 4666 Christi
333 4607 481 4682 passiones
496 4607 700 4667 satisfactorias
714 4627 771 4665 uon
793 4605 890 4683 fuisse,
906 4609 958 4667 sed
971 4618 1083 4670 tantum
1108 4611 1332 4670 satisfactionem
1347 4620 1415 4670 tunc
