3108 5198
230 353 306 417 xviii
603 365 771 412 srrsrona
811 363 1062 412 nuorcsronrs.

232 549 364 632 publices
381 553 413 626 et
430 545 568 626 privates,
586 566 653 626 qua
668 565 718 608 me
734 545 773 610 ad
790 543 857 607 Vos
879 544 945 624 jam
963 551 1137 608 currentem
1153 551 1244 626 grata
1259 545 1394 625 quadarn
1407 544 1441 608 ci

232 647 371 710 trahunt.
423 643 483 708 Vel
508 645 565 710 hoc
590 643 668 708 satis
693 651 784 718 esset
809 663 858 706 me
880 643 1035 707 Genavam
1053 641 1153 706 Vobis
1177 642 1385 718 Foederalam,
1404 653 1442 709 ct

233 744 339 809 multis
364 743 537 807 nominibus
569 743 750 807 obstrictam
775 740 912 806 Patriam
937 741 1060 818 habere,
1089 747 1126 803 ιιι
1149 739 1232 805 inter
1255 763 1307 806 eos
1323 763 1440 808 nomeu

233 844 381 926 profitear
397 862 508 918 mcum,
526 841 579 922 qui
596 841 712 905 cultum
726 839 825 903 Vobis
842 841 956 904 debent
973 847 1005 904 ct
1022 838 1209 920 obsequium.
1260 839 1336 904 Cum
1352 841 1442 904 enim

233 962 345 1024 magna
370 959 489 1022 semper
515 939 645 1004 Genera
671 960 740 1003 cunr
765 937 987 1002 Illustrissimis
1013 937 1202 1000 Cantonibus
1229 937 1441 1023 Evangelicia

235 1061 304 1104 cum
322 1040 432 1120 quibus
449 1038 622 1103 communia
637 1037 725 1101 nobis
742 1043 816 1100 sunt
832 1036 938 1111 Sacra,
948 1044 982 1100 et
998 1036 1092 1100 Fides
1109 1043 1237 1116 ἰσότιμος,
1251 1036 1440 1101 intercesse-

234 1139 279 1200 rit
295 1137 498 1213 necessitudo,
516 1135 595 1200 Tum
611 1135 660 1201 vel
669 1135 801 1200 maxime
810 1156 879 1198 cum
888 1133 1104 1198 florentissima
1119 1133 1294 1214 Republica
1308 1133 1440 1212 Vestra,

235 1257 302 1318 qua
329 1257 398 1300 cum
426 1234 641 1300 Illustrissima
665 1233 814 1298 Beruensi
847 1233 972 1298 arctiori
990 1231 1128 1296 Focderis
1145 1232 1267 1296 vinculo
1282 1233 1372 1297 nobis
1388 1243 1442 1298 est

228 1335 350 1414 juncta.
401 1333 496 1414 Cujus
510 1331 782 1414 propensissimum
796 1331 933 1395 studium
950 1350 1080 1411 semper,
1098 1337 1131 1394 et
1145 1331 1336 1411 temporibus
1353 1352 1441 1419 prae·

235 1432 343 1496 sertim
360 1431 545 1496 difficillimis
565 1429 688 1510 jamdiu
712 1429 921 1512 probavimus,
948 1436 980 1494 et
1007 1427 1144 1510 quotidie
1168 1430 1345 1510 probamus,
1363 1429 1441 1494 dum

236 1529 381 1594 derebus
397 1529 511 1593 nostris
529 1549 589 1592 non
606 1527 706 1591 minus
723 1549 759 1591 sc
776 1528 840 1591 suis
857 1527 997 1604 sollicita,
1014 1529 1095 1591 bona
1109 1535 1142 1591 ct
1157 1528 1239 1591 mala
1254 1535 1365 1592 nostra
1381 1549 1440 1592 sua

234 1627 479 1712 interpretando,
494 1626 621 1690 consilio
648 1631 682 1690 st
705 1645 797 1706 cpsrs
813 1625 1042 1707 promptissime
1056 1626 1145 1690 nobis
1162 1626 1273 1702 adfuit,
1290 1626 1439 1708 nullaque

235 1748 254 1790 a
269 1747 302 1791 se
318 1747 451 1808 unquam
466 1724 582 1806 requiri
597 1744 689 1808 passa
703 1731 752 1788 est
778 1723 886 1802 officia,
904 1744 971 1804 quae
986 1725 1026 1787 ab
1043 1723 1228 1788 amicissima
1242 1731 1274 1788 et
1290 1725 1444 1804 conjunc-

235 1825 356 1890 tissima
373 1826 486 1890 Sorcrc
504 1823 663 1906 expectari
680 1827 821 1903 possunt.
873 1823 1043 1887 Testantur
1058 1822 1152 1886 ctiam
1167 1823 1309 1886 Annales
1323 1824 1438 1903 nostri,

236 1931 385 2004 quantum
411 1924 477 1988 hacc
507 1922 648 1988 Ecclesia
675 1920 800 1987 Vestra
826 1922 947 1995 debeat,
973 1928 1182 2002 quantumque
1202 1920 1369 1986 contulerit
1396 1921 1441 1984 ad

235 2023 474 2086 confirmandam
499 2021 646 2084 adversus
673 2021 834 2084 haeresium
861 2025 1009 2096 monstra,
1028 2019 1138 2100 quibus
1154 2019 1205 2084 bic
1221 2019 1366 2100 impetita
1380 2027 1440 2094 cst,

236 2119 396 2182 Doctrinae
411 2119 591 2200 puritatem,
609 2123 640 2179 ct
658 2117 698 2180 ad
726 2118 923 2181 sanciendum
938 2139 1031 2182 sacrae
1049 2116 1229 2198 Disciplina
1245 2117 1439 2199 Presbyterii

236 2215 336 2280 nostri
367 2215 532 2296 vinculum,
563 2213 645 2294 quod
673 2213 810 2278 homines
835 2215 958 2280 factiosi
984 2223 1016 2280 ct
1038 2217 1154 2280 ἄτακτοι
1178 2215 1217 2278 ad
1243 2215 1439 2298 omnigenam

235 2312 393 2378 licentiam
407 2312 610 2376 inducendam
626 2331 689 2374 non
715 2312 807 2376 semel
833 2314 1016 2396 abrumpere
1031 2315 1134 2378 conati
1151 2321 1233 2378 sunt.
1286 2313 1355 2380 Nec
1381 2335 1441 2380 nos

236 2411 326 2492 latet,
345 2409 462 2474 Vestra
476 2409 695 2474 intercessione
721 2411 897 2490 presertim
923 2414 1048 2487 factm,
1066 2419 1101 2476 nt
1114 2411 1269 2488 Calvinus,
1287 2411 1353 2498 (qui
1370 2417 1440 2476 tur·

237 2511 351 2572 bonum
380 2508 571 2592 quorundam
598 2507 763 2588 iniquitate
790 2517 823 2574 ct
850 2510 997 2574 violentia
1022 2509 1110 2576 Urbe
1137 2511 1286 2578 excedere
1312 2519 1441 2576 coactus

235 2608 347 2684 luerat,
359 2613 392 2672 et
402 2605 607 2690 Argentinam
617 2615 828 2692 sercceperaq
841 2610 895 2673 ubi
903 2608 1118 2674 honestissime
1128 2598 1287 2690 exceptus,
1297 2609 1441 2674 Pastoris

237 2704 271 2769 in
282 2703 423 2770 Ecclesia
440 2703 568 2782 Gallica,
595 2705 661 2784 ejus
678 2705 775 2770 ductu
789 2705 902 2772 ibidem
913 2706 1068 2790 instituta,
1086 2713 1119 2771 et
1134 2706 1320 2772 Professoris
1336 2707 1440 2772 Theo-

237 2803 326 2886 lcgiae
343 2823 453 2866 munus
469 2803 646 2884 dignissime
671 2802 869 2888 sustinebas)
886 2805 1034 2870 Ecclesiae
1061 2805 1134 2870 huic
1152 2825 1270 2870 summo
1285 2827 1355 2870 cum
1368 2805 1443 2887 qius

237 2901 350 2986 gaudio
365 2909 398 2966 ct
414 2902 628 2977 emolumento,
643 2900 717 2966 licet
734 2922 824 2984 agre,
840 2901 980 2968 redditus
994 2903 1098 2966 buerit.
1126 2902 1160 2966 N
1161 2924 1195 2968 ec
1212 2903 1319 2986 ignota
1332 2911 1443 2986 potest

238 3021 307 3066 esse
322 3001 376 3083 pia
391 3009 424 3065 et
434 3001 546 3066 intima
561 3001 732 3068 animorum
747 2999 831 3065 Unio
847 3007 880 3065 et
896 2999 1092 3065 consiliorum
1107 3002 1351 3078 communicatio,
1368 3023 1441 3082 quas

237 3099 320 3164 inter
347 3099 494 3184 Magnum
519 3099 746 3184 Bulliopcrcm
771 3097 930 3176 Vestrum,
958 3105 991 3166 et
1017 3096 1185 3164 Caluinum
1201 3107 1341 3164 nostrum
1357 3120 1442 3164 scm-

237 3217 294 3278 per
320 3197 439 3276 extitit,
467 3203 503 3258 ιιι
529 3196 629 3259 litera
656 3199 805 3271 ἀμοιβαῒαι
832 3197 1019 3261 suauissima
1056 3203 1222 3273 testantur,
1265 3219 1320 3280 per
1346 3219 1440 3279 quam

238 3299 402 3368 ὁμοθυμαδὸν
418 3293 504 3372 Opus
520 3291 647 3354 Domini
664 3291 772 3356 sedulo
796 3295 835 3356 ab
854 3293 930 3374 ipsis
948 3313 1067 3376 semper
1088 3303 1265 3378 promotum
1282 3303 1340 3360 est.
1391 3295 1442 3358 Et

238 3410 307 3456 cum
323 3389 463 3454 malevoli
479 3389 603 3470 aliquod
620 3390 843 3454 sententiarum
866 3391 1031 3456 diuortium
1052 3393 1136 3458 inter
1150 3401 1312 3475 utramque
1330 3393 1442 3460 Eccle-

237 3487 315 3552 siam
345 3489 378 3552 in
406 3487 456 3552 Re
482 3485 730 3552 sacramentaria
752 3489 919 3569 jactarent,
949 3489 1072 3556 Earello
1098 3497 1130 3556 et
1145 3491 1271 3556 Calvino
1287 3491 1441 3574 Tigurum

236 3585 394 3668 profectis,
413 3587 548 3665 scriptus
564 3591 613 3649 est
629 3585 766 3650 unanimi
785 3587 992 3653 Ecclesiamm
1013 3587 1226 3654 Helvetiorum
1243 3596 1276 3654 et
1292 3589 1441 3655 Foedcra

237 3689 341 3746 tarum
359 3684 590 3764 approbatione,
619 3704 699 3747 anno
728 3685 834 3762 1549,
862 3685 1036 3750 Oouscnccs
1053 3687 1348 3765 Sacramentum,
1375 3706 1441 3772 quo
1550 3711 1551 3758 1

238 3788 380 3848 sanctum
395 3779 617 3846 Fraternitatis
634 3789 667 3846 et
682 3784 811 3848 affectus
827 3785 981 3849 uinculum
997 3783 1079 3850 inter
1107 3785 1190 3868 ipsas
1210 3786 1308 3868 magis
1324 3786 1444 3868 magis-
1550 3829 1551 3858 ι

238 3901 297 3961 quc
312 3880 497 3944 adstrictum
512 3885 561 3942 est
577 3885 610 3942 ct
625 3879 811 3962 colligatum.
862 3881 896 3944 N
897 3903 932 3946 ec
958 3884 998 3946 ab
1025 3903 1062 3946 eo
1078 3890 1217 3966 tempore
1233 3884 1367 3948 cessarit
1382 3905 1442 3966 per

236 3977 297 4042 Dei
328 3977 460 4061 gratiam
488 3975 665 4040 dulcissima
689 3978 743 4042 illa
769 3979 939 4044 animorum
964 3986 997 4045 ct
1011 3981 1179 4046 officiorum
1207 3983 1440 4059 contesseratio,

237 4094 305 4156 quae
321 4075 487 4138 etiamnum
503 4075 602 4150 hodie,
621 4076 769 4157 singulari
791 4078 851 4141 Dei
881 4077 1078 4144 beneficiost
1093 4080 1228 4144 maximo
1243 4087 1350 4144 nostro
1369 4101 1441 4146 cum
1550 4079 1551 4132 l

235 4172 358 4254 gaudio,
376 4169 408 4234 N
411 4172 477 4236 obis
494 4172 660 4238 intercedit
677 4195 746 4239 cum
762 4176 885 4267 magnis
904 4175 1051 4240 Ecclesia
1068 4184 1101 4241 et
1118 4177 1294 4244 Academia
1313 4176 1442 4242 Vestrae
1550 4195 1551 4244 ι

236 4269 429 4345 Luminibus,
447 4269 659 4336 Celeberrimis
677 4271 774 4351 Viris,
791 4275 844 4356 qui
861 4294 979 4339 summa
994 4295 1063 4338 cum
1076 4275 1168 4340 laude
1184 4277 1223 4340 de
1250 4274 1393 4340 Ecclesia
1407 4283 1443 4340 et
1550 4263 1551 4340 s

235 4367 358 4448 Repub.
376 4367 524 4444 literaria,
540 4374 605 4432 tam
631 4370 701 4435 riva
716 4393 789 4436 voce
818 4393 909 4454 quam
924 4372 1049 4454 scriptis
1066 4373 1260 4449 doctissimis,
1278 4375 1356 4438 beno
1373 4395 1443 4439 me-
1550 4451 1551 4456 γ

234 4465 297 4532 reri
309 4473 451 4552 pergunt
504 4464 543 4530 In
561 4487 621 4552 qua
635 4469 675 4536 ad
691 4477 864 4534 extromum
882 4489 979 4552 usque
994 4469 1063 4535 Dec
1080 4470 1227 4547 Favente,
1245 4490 1301 4536 uos
1317 4490 1442 4552 semper

228 4567 603 4658 perstiturcssperamns.
1263 4586 1266 4592 ·
