3146 5210
245 391 305 449 410
649 408 740 450 Locus
755 408 884 449 onoruus
898 409 1044 456 ausurus.
1248 387 1377 470 [cumas.
1393 409 1455 449 arv.

243 558 351 611 nostrae
366 567 532 628 supereum
545 548 641 625 posita
655 548 753 623 hrerit,
766 557 796 608 et
810 569 848 607 ex
862 549 926 626 ejus
939 549 1084 609 vibicibus
1098 549 1210 608 sanatio
1224 549 1309 608 uobis
1323 548 1453 626 contige·

244 633 291 706 rit,
308 632 366 688 Isa.
381 632 432 690 liii.
450 633 476 704 5,
493 631 521 703 6,
536 649 602 686 cum
616 639 767 706 peccatum
782 637 811 688 et
824 629 989 687 maledictio
1003 629 1108 688 dicitur
1130 628 1223 688 lactus
1233 649 1286 706 pro
1300 629 1395 704 nobis,
1420 638 1452 686 ut

244 731 373 770 essemus
383 711 499 789 justitia
512 717 541 767 et
552 709 714 768 benedictio
730 709 786 768 Dei
801 709 830 766 in
845 709 917 786 ipso,
932 713 951 768 2
974 711 1038 768 Cor.
1053 730 1082 768 v.
1097 713 1145 784 21,
1162 709 1229 768 Gal.
1244 709 1284 766 Iii.
1303 712 1349 767 13.

242 829 265 876 ,ι
281 829 346 882 auia
357 845 405 876 non
426 833 481 877 aliis
544 789 690 882 XXVII.
714 789 852 882 Septimo,
869 789 926 882 Pro
940 789 976 848 iis
987 797 1099 882 tantum
1113 798 1245 848 mortuus
1258 797 1305 881 est
1318 786 1453 846 Christus

272 891 484 1018 muttit
502 869 1206 1027 tittttttttlttttttiudith?
1228 868 1453 1026 hilgioei'mii

271 1007 392 1065 uppusun
505 1028 574 1086 solis
589 1039 720 1088 mortuus
734 1038 787 1089 est.
830 1029 917 1087 Ratio
931 1029 1049 1106 majoris
1062 1028 1171 1106 duplici
1185 1027 1375 1088 fundamento
1384 1028 1450 1088 niti·

240 1113 297 1164 tur.
341 1109 366 1163 l.
390 1105 497 1166 Christi
510 1116 631 1167 mortem
642 1129 694 1187 pro
708 1109 793 1168 nobis
807 1108 945 1167 destinari
959 1129 977 1166 a
991 1110 1055 1168 Deo
1069 1110 1107 1167 ad
1127 1109 1358 1186 impetrationem
1374 1109 1452 1168 salu·

241 1186 287 1244 tis.
330 1189 358 1244 2.
374 1185 609 1262 impetrationem
624 1189 750 1267 separari
764 1209 822 1247 uon
836 1208 921 1266 posse
935 1189 972 1246 ab
986 1189 1186 1267 applicatione,
1198 1189 1267 1265 quia
1280 1188 1347 1247 finis
1361 1190 1450 1266 impe-

240 1264 373 1323 trationis
386 1285 445 1324 non
459 1267 533 1326 alius
547 1277 714 1344 potestesse
725 1289 812 1346 quam
824 1269 987 1346 applicatio,
1000 1281 1029 1327 et
1037 1268 1143 1328 frustm
1151 1269 1362 1345 impetraretur,
1372 1269 1452 1345 quod

240 1363 388 1421 nunquam
402 1347 606 1424 applicandum
620 1358 705 1408 esset.
749 1348 836 1408 Unde
850 1350 989 1425 sequitur,
1005 1349 1029 1408 si
1043 1349 1196 1426 impetrata
1209 1357 1254 1408 est
1264 1349 1344 1406 salus
1358 1349 1451 1406 omni-

241 1424 304 1498 bus,
321 1425 454 1484 omnibus
468 1428 575 1504 pariter
588 1429 727 1507 applicari
740 1428 862 1504 debere;
885 1437 914 1487 et
929 1429 953 1486 si
975 1449 1034 1487 non
1057 1429 1219 1506 applicatur
1239 1429 1383 1504 omnibus,
1400 1429 1452 1487 aed

240 1512 352 1563 tantum
362 1506 480 1582 Electis,
496 1507 629 1568 omnibus
643 1510 729 1568 etiam
744 1529 803 1566 non
817 1529 880 1567 esse
894 1509 1091 1586 impetratam;
1114 1508 1166 1567 sed
1177 1508 1286 1566 Electis
1297 1508 1452 1568 duntaxat.

242 1585 363 1644 Frustra
376 1588 526 1664 regoritur.
571 1591 596 1646 l.
613 1589 720 1648 Christi
734 1596 854 1647 mortem
869 1608 927 1647 non
942 1597 1001 1646 tam
1015 1588 1153 1647 destinari
1167 1589 1205 1646 ad
1218 1587 1453 1665 impetrationem

241 1665 351 1742 salutis,
368 1686 455 1743 quam
469 1667 507 1726 ad
520 1669 708 1728 remotionem
723 1669 865 1727 obstaculi
874 1668 1006 1745 justitiae,
1022 1688 1086 1745 quse
1107 1667 1312 1742 intercedebat,
1337 1671 1452 1744 quomi-

240 1764 295 1803 nus
311 1746 441 1805 Deuade
456 1748 549 1807 salute
564 1757 662 1808 nostra
676 1749 803 1826 cogitare
817 1756 924 1826 posset.
967 1749 1042 1823 Quia
1052 1748 1094 1807 sic
1108 1757 1284 1825 sequeretur,
1301 1748 1452 1807 Christum

240 1844 299 1883 non
313 1833 372 1884 tarn
386 1827 612 1904 redemptionem
627 1838 656 1888 et
670 1830 792 1888 salutem
807 1829 890 1887 nobIs
905 1828 1103 1905 acquisivisse,
1118 1848 1205 1905 quam
1226 1827 1451 1904 possibilitatem

242 1906 344 1964 salutis
357 1915 479 1982 tantum,
495 1918 524 1967 et
538 1917 709 1985 potestatem
725 1909 806 1967 Patri
819 1927 928 1967 novum
944 1908 1052 1967 Foedus
1067 1909 1176 1967 Gratia
1199 1927 1264 1966 cum
1283 1908 1452 1966 hominibus

239 1985 414 2062 paciscendi,
425 1988 503 2064 quod
515 1989 544 2046 in
560 1989 831 2049 Remonstrantibus
845 1987 958 2066 pridem
973 1988 1148 2064 demnatum,
1159 1997 1191 2046 ut
1202 1987 1338 2064 injurium
1348 1988 1453 2047 virtuti

240 2065 340 2124 Crucis
356 2067 471 2142 Christi,
487 2077 516 2127 et
530 2069 663 2128 efficaciae
679 2071 742 2146 ejus
757 2069 929 2147 sponsionis.
952 2068 1102 2144 Quomodo
1113 2087 1183 2145 ergo
1194 2067 1338 2126 diceretur
1352 2087 1383 2127 se
1399 2067 1451 2128 de·

239 2144 316 2204 disse
330 2150 472 2229 ἇιτίλυτςοι
485 2167 537 2225 pro
551 2149 644 2224 nobis,
660 2159 797 2208 aeternam
812 2148 934 2220 salutem
948 2149 1032 2207 nobis
1047 2148 1176 2226 adipisci,
1191 2167 1245 2206 nos
1259 2147 1401 2206 redimere
1412 2148 1452 2206 ab

239 2226 317 2283 omni
331 2227 491 2304 iniquitate,
508 2237 537 2287 et
551 2229 640 2288 vitam
656 2237 792 2288 aeternam
806 2229 891 2286 nobis
901 2228 978 2304 dara,
995 2237 1024 2287 et
1037 2227 1095 2286 alia
1118 2229 1149 2286 id
1173 2247 1274 2304 genus,
1300 2247 1365 2304 quae
1389 2247 1451 2286 non

238 2305 459 2380 possibilitatem
474 2317 586 2367 tantum
601 2309 711 2384 salutIs,
728 2309 779 2366 sed
794 2309 885 2386 ipsam
900 2308 1022 2368 salutem
1036 2328 1054 2367 a
1077 2309 1191 2368 Christo
1213 2306 1297 2366 nobis
1311 2308 1450 2385 Impetra-

239 2390 299 2443 tam
314 2389 469 2443 statuunt?

279 2463 439 2522 XXVIII.
462 2469 490 2524 2.
513 2465 579 2523 Non
589 2466 693 2524 molius
705 2465 818 2538 dicitur,
831 2466 1002 2526 “Christum
1013 2466 1240 2543 redemptionem
1249 2466 1383 2526 omnibus
1395 2467 1449 2526 im·

236 2549 365 2619 petresse
376 2543 406 2601 in
417 2563 481 2602 eum
492 2544 586 2620 finem,
600 2554 632 2604 ut
644 2546 776 2604 omnibus
787 2546 987 2623 applicaretur,
1003 2548 1089 2606 modo
1104 2567 1167 2606 earn
1180 2567 1237 2606 non
1249 2549 1449 2624 respuerent.”

238 2622 313 2697 Quia
326 2623 380 2681 hoc
396 2624 454 2683 dici
467 2626 567 2702 nequit
581 2633 713 2702 respectu
727 2625 950 2700 innumerorum,
966 2627 1072 2704 quibus
1093 2647 1147 2686 nec
1161 2627 1276 2686 oblatus
1290 2636 1335 2686 est
1349 2627 1445 2686 Chris·

238 2710 293 2777 tus,
309 2703 357 2762 vel
372 2703 537 2764 denomino
552 2726 678 2783 unquam
694 2705 837 2782 cognitus.
880 2706 994 2765 Deinde
1008 2707 1050 2767 sic
1066 2707 1198 2766 Christus
1221 2707 1336 2766 inanem
1358 2705 1446 2765 finem

238 2783 293 2842 sibi
308 2785 514 2862 proposuisset,
530 2787 566 2844 do
577 2807 608 2846 re
622 2807 680 2844 non
695 2793 806 2844 tantum
822 2806 880 2845 non
895 2785 999 2863 futura,
1026 2787 1078 2845 sed
1102 2787 1188 2846 etism
1213 2807 1278 2864 quse
1301 2785 1363 2844 dari
1388 2807 1450 2845 non

235 2865 349 2940 poterat
364 2866 425 2924 sine
440 2887 492 2924 suo
507 2867 592 2942 dono,
608 2865 686 2944 quod
700 2874 797 2942 tamen
811 2866 869 2925 illis
880 2866 979 2943 largiri
990 2867 1092 2942 noluit,
1102 2867 1185 2944 quasi
1196 2867 1252 2926 hoc
1261 2875 1338 2926 esset
1349 2867 1448 2926 Chris·

236 2944 259 3003 ti
274 2946 434 3022 consilium,
451 2946 527 3005 Volo
542 2947 695 3024 impetrare
709 2946 935 3024 redemptionom
953 2947 1095 3022 omnibus,
1117 2965 1152 3006 eo
1175 2946 1233 3006 fine
1257 2956 1290 3006 ut
1313 2947 1450 3006 omnibus

237 3026 404 3102 applicetur,
420 3027 506 3085 modo
521 3027 659 3105 credant;
682 3027 721 3086 Et
736 3036 831 3086 tamen
845 3027 1003 3086 innumeris
1016 3047 1070 3086 nec
1084 3027 1213 3086 revelare
1233 3027 1302 3087 volo
1314 3027 1448 3105 redemp-

236 3105 344 3164 tionem
359 3107 453 3182 istam,
468 3127 522 3166 nec
537 3107 605 3167 dare
620 3107 776 3166 innumeris
790 3107 895 3185 quibus
909 3107 1062 3182 revelatur,
1085 3107 1287 3182 conditionem,
1314 3107 1376 3164 sine
1390 3127 1449 3184 qua

235 3185 297 3244 fieri
309 3207 367 3244 non
381 3195 522 3263 potestat
535 3187 595 3246 illis
609 3186 769 3265 applicetur
782 3188 811 3244 in
827 3195 966 3246 aeternum
980 3209 987 3263 3
1009 3187 1103 3262 idest,
1119 3188 1187 3246 volo
1208 3197 1241 3247 ut
1254 3187 1286 3245 id
1297 3186 1357 3260 fiat,
1367 3187 1448 3263 quod

236 3283 295 3322 non
309 3275 421 3324 tantum
433 3267 492 3325 acio
507 3287 565 3325 non
579 3267 716 3342 futurum,
732 3287 786 3325 uec
799 3266 862 3326 fieri
875 3286 968 3343 posse,
985 3265 1136 3327 sedetiam
1151 3267 1228 3344 quod
1243 3267 1311 3326 nolo
1335 3275 1368 3325 ut
1386 3265 1445 3342 fiat,

236 3344 305 3420 quia
318 3345 385 3402 nolo
400 3346 611 3404 communicare
626 3347 655 3404 id
670 3348 731 3404 sine
746 3366 803 3423 quo
817 3346 880 3405 fieri
894 3346 923 3403 in
939 3355 1076 3406 aetemum
1090 3347 1199 3424 nequit,
1215 3347 1293 3424 quod
1302 3366 1373 3405 ame
1385 3347 1449 3404 solo

235 3423 362 3500 pendet:
385 3425 463 3500 quod
478 3426 502 3482 si
516 3426 662 3483 hominem
676 3425 835 3502 sapientem
849 3445 907 3483 non
931 3427 1023 3501 dccet,
1049 3435 1157 3504 quanto
1180 3428 1276 3486 minus
1302 3427 1448 3486 Christum

238 3501 481 3579 sapientissimum
495 3514 524 3563 et
539 3505 688 3581 optimum.
731 3505 792 3562 Nec
807 3505 832 3562 si
846 3504 976 3566 defectus
991 3507 1074 3565 istius
1088 3507 1288 3584 applicationis
1309 3526 1367 3565 non
1378 3525 1446 3564 con-

237 3581 325 3657 tingit
339 3583 424 3659 culpa
446 3583 561 3658 Christi,
577 3584 629 3642 sed
643 3604 694 3661 per
708 3584 850 3660 accidens,
864 3586 1013 3645 hominum
1029 3588 1140 3646 scilicot
1153 3587 1260 3645 scelere
1274 3595 1304 3647 et
1313 3587 1446 3645 incredu-

236 3661 326 3735 litate,
353 3661 383 3719 id
407 3662 514 3721 desiuit
538 3663 633 3722 minus
658 3684 721 3722 esse
754 3664 890 3742 injurium
920 3667 1044 3742 Christo,
1068 3668 1151 3744 quasi
1175 3669 1224 3725 vel
1248 3686 1306 3725 non
1330 3666 1447 3744 praesci-

237 3740 321 3815 verit,
337 3743 385 3800 vel
398 3743 562 3819 nequiverit
575 3743 606 3802 id
619 3744 767 3820 impedire,
782 3765 840 3822 qno
853 3745 887 3805 fit
900 3755 933 3805 ut
947 3745 1053 3806 frustra
1066 3747 1105 3806 sit
1118 3747 1280 3824 impetratio
1291 3767 1345 3806 nec
1359 3747 1447 3805 finem

238 3840 322 3880 suum
337 3832 515 3900 assequatur.
559 3823 643 3898 Quod
657 3844 726 3884 vcro
741 3835 863 3903 negatur
877 3825 984 3886 lrustra
994 3847 1077 3903 esse;
1100 3827 1169 3904 quia
1181 3826 1250 3886 licet
1272 3834 1368 3885 careat
1383 3845 1448 3884 sue-

238 3921 330 3978 cessu,
346 3923 404 3962 non
419 3903 494 3962 faeta
508 3913 605 3962 tamen
620 3905 657 3963 sit
671 3914 778 3964 temere
794 3915 823 3965 et
833 3906 913 3965 nullo
927 3907 1057 3982 oonsilio,
1073 3908 1142 3984 quia
1154 3915 1300 3984 utcunque
1315 3905 1448 3966 homiues

238 4003 269 4042 se
283 3993 394 4060 gerant,
409 3983 440 4041 id
454 3983 533 4062 quod
546 3985 672 4044 maxima
687 3986 836 4064 spectabat
850 3996 942 4046 morte
956 4007 1008 4046 sua
1023 3988 1154 4046 Christus
1169 3996 1213 4046 est
1233 3995 1392 4061 assecutus,
1414 3995 1449 4046 ut

234 4063 295 4142 jam
311 4065 389 4122 omni
403 4064 513 4123 homini
528 4064 552 4122 si
566 4065 653 4124 modo
667 4065 766 4126 credat
780 4075 809 4125 et
823 4067 981 4144 resipiscat,
1006 4075 1108 4145 parata
1129 4067 1168 4126 sit
1189 4068 1276 4126 venia
1299 4087 1334 4124 ac
1358 4067 1447 4142 salus,

238 4143 317 4220 quod
332 4144 519 4204 inexorabilis
530 4145 653 4222 justitiae
667 4147 774 4204 divinae
790 4147 869 4222 rigor
882 4155 948 4206 ante
962 4147 1152 4224 prohibebat3
1175 4147 1241 4206 Non
1256 4147 1333 4206 tollit
1347 4146 1447 4204 absur-

237 4223 366 4299 ditatem,
382 4225 450 4302 quia
464 4246 529 4285 cum
541 4226 638 4286 nullus
653 4226 727 4285 alius
741 4227 833 4304 possit
847 4246 911 4284 esse
925 4227 991 4286 finIs
1005 4227 1223 4304 impetrationis,
1245 4247 1333 4305 quam
1355 4225 1448 4304 appli-

237 4305 321 4379 catio,
337 4324 395 4362 ιιοιι
410 4313 505 4382 potest
518 4326 577 4364 non
591 4306 652 4366 fieri
667 4315 783 4380 temere,
799 4306 877 4382 quod
901 4305 987 4364 finem
1010 4308 1087 4366 hunc
1111 4327 1169 4365 nou
1194 4307 1365 4385 assequitur.
1409 4307 1450 4366 Et

239 4384 371 4444 Christus
385 4403 444 4443 non
458 4384 559 4444 debuit
568 4393 681 4446 tantum
696 4385 767 4444 mori
782 4405 834 4462 pro
848 4385 1022 4459 hominibus,
1037 4387 1068 4445 ui
1080 4397 1181 4464 parata
1195 4388 1233 4447 sit
1247 4387 1305 4446 illis
1319 4385 1407 4445 venia
1420 4397 1452 4446 et

236 4463 323 4539 salus,
340 4465 394 4523 sub
407 4465 572 4524 conditione
587 4465 623 4524 ab
637 4465 709 4543 ipsis
722 4484 780 4524 non
794 4464 960 4542 praestabili,
977 4465 1028 4524 sed
1042 4476 1075 4525 ut
1089 4467 1124 4525 de
1139 4467 1215 4526 lacto
1229 4467 1344 4527 veniam
1359 4475 1389 4525 et
1402 4485 1450 4526 sa·

234 4544 325 4603 lutam
340 4554 560 4620 consequantur.

277 4623 407 4681 XXIX.
431 4623 498 4681 Hoc
525 4623 627 4682 lortius
650 4623 834 4682 confirmatur
854 4643 892 4684 ex
914 4627 997 4684 modo
1020 4627 1239 4704 impetrationis,
1265 4626 1377 4686 namsi
1410 4627 1451 4686 ad

236 4720 335 4760 omnes
357 4711 386 4762 et
407 4701 538 4779 singulos
552 4703 727 4781 extenditur,
742 4703 790 4764 vel
805 4703 860 4764 erit
874 4703 1015 4782 absoluta,
1038 4707 1086 4765 vel
1111 4707 1316 4767 conditionata
1361 4705 1450 4766 Prius
