<?xml version="1.0" encoding="UTF-8"?>
<!DOCTYPE html PUBLIC "-//W3C//DTD XHTML 1.0 Transitional//EN"
    "http://www.w3.org/TR/xhtml1/DTD/xhtml1-transitional.dtd">
<html xmlns="http://www.w3.org/1999/xhtml" xml:lang="en" lang="en">
 <head>
  <title>
</title>
<meta http-equiv="Content-Type" content="text/html;charset=utf-8" />
  <meta name='ocr-system' content='tesseract 3.04.00' />
  <meta name='ocr-capabilities' content='ocr_page ocr_carea ocr_par ocr_line ocrx_word'/>
</head>
<body>
  <div class='ocr_page' id='page_1' title='image "./francisciturret00pictgoog_0518.png"; bbox 0 0 3186 5210; ppageno 0'>
   <div class='ocr_carea' id='block_1_1' title="bbox 182 318 1389 399">
    <p class='ocr_par' dir='ltr' id='par_1_1' title="bbox 182 318 1389 399">
     <span class='ocr_line' id='line_1_1' title="bbox 182 318 1389 399; baseline -0.002 -20"><span class='ocrx_word' id='word_1_1' title='bbox 182 338 294 386; x_wconf 74' lang='lat' dir='ltr'><strong>comer.</strong></span> <span class='ocrx_word' id='word_1_2' title='bbox 317 318 373 399; x_wconf 78' lang='lat' dir='ltr'><strong>vn]</strong></span> <span class='ocrx_word' id='word_1_3' title='bbox 599 337 638 376; x_wconf 85' lang='lat' dir='ltr'><strong>na</strong></span> <span class='ocrx_word' id='word_1_4' title='bbox 655 337 822 377; x_wconf 79' lang='lat' dir='ltr'><strong>vocrrrosc</strong></span> <span class='ocrx_word' id='word_1_5' title='bbox 837 337 874 376; x_wconf 84' lang='lat' dir='ltr'><strong>nr</strong></span> <span class='ocrx_word' id='word_1_6' title='bbox 889 337 967 376; x_wconf 84' lang='lat' dir='ltr'><strong>rroe.</strong></span> <span class='ocrx_word' id='word_1_7' title='bbox 1332 322 1389 378; x_wconf 85' lang='grc'><strong>487</strong></span> 
     </span>
    </p>
   </div>
   <div class='ocr_carea' id='block_1_2' title="bbox 179 477 1391 4683">
    <p class='ocr_par' dir='ltr' id='par_1_2' title="bbox 179 477 1390 1352">
     <span class='ocr_line' id='line_1_2' title="bbox 179 477 1389 556; baseline -0.002 -20"><span class='ocrx_word' id='word_1_8' title='bbox 179 479 324 556; x_wconf 88' lang='lat' dir='ltr'><strong>relinquat</strong></span> <span class='ocrx_word' id='word_1_9' title='bbox 337 477 492 554; x_wconf 90' lang='lat' dir='ltr'><strong>unicuique</strong></span> <span class='ocrx_word' id='word_1_10' title='bbox 506 477 653 554; x_wconf 87' lang='lat' dir='ltr'><strong>proprium</strong></span> <span class='ocrx_word' id='word_1_11' title='bbox 668 478 784 536; x_wconf 92' lang='lat' dir='ltr'><strong>modum</strong></span> <span class='ocrx_word' id='word_1_12' title='bbox 794 477 918 556; x_wconf 74' lang='lat' dir='ltr'><strong>agendi,</strong></span> <span class='ocrx_word' id='word_1_13' title='bbox 944 477 999 536; x_wconf 81' lang='lat' dir='ltr'><strong>Ubi</strong></span> <span class='ocrx_word' id='word_1_14' title='bbox 1005 477 1128 553; x_wconf 73' lang='lat' dir='ltr'><strong>Spiritus</strong></span> <span class='ocrx_word' id='word_1_15' title='bbox 1139 477 1251 550; x_wconf 80' lang='lat' dir='ltr'><strong>domiui,</strong></span> <span class='ocrx_word' id='word_1_16' title='bbox 1262 477 1299 535; x_wconf 85' lang='lat' dir='ltr'><strong>ihi</strong></span> <span class='ocrx_word' id='word_1_17' title='bbox 1309 478 1389 534; x_wconf 81' lang='lat' dir='ltr'><strong>liber·</strong></span> 
     </span>
     <span class='ocr_line' id='line_1_3' title="bbox 181 557 1390 634; baseline -0.002 -18"><span class='ocrx_word' id='word_1_18' title='bbox 181 569 225 616; x_wconf 78' lang='lat' dir='ltr'><strong>tas</strong></span> <span class='ocrx_word' id='word_1_19' title='bbox 241 563 267 632; x_wconf 93' lang='grc'><strong>2,</strong></span> <span class='ocrx_word' id='word_1_20' title='bbox 285 559 349 617; x_wconf 87' lang='lat' dir='ltr'><strong>Cor.</strong></span> <span class='ocrx_word' id='word_1_21' title='bbox 364 559 404 616; x_wconf 91' lang='lat' dir='ltr'><strong>iii.</strong></span> <span class='ocrx_word' id='word_1_22' title='bbox 424 561 469 615; x_wconf 84' lang='grc'>17.</span> <span class='ocrx_word' id='word_1_23' title='bbox 515 557 669 634; x_wconf 72' lang='lat' dir='ltr'>Utcunque</span> <span class='ocrx_word' id='word_1_24' title='bbox 683 577 753 634; x_wconf 85' lang='lat' dir='ltr'><strong>ergo</strong></span> <span class='ocrx_word' id='word_1_25' title='bbox 767 566 848 616; x_wconf 88' lang='lat' dir='ltr'><strong>actus</strong></span> <span class='ocrx_word' id='word_1_26' title='bbox 863 557 998 616; x_wconf 88' lang='lat' dir='ltr'><strong>credendi</strong></span> <span class='ocrx_word' id='word_1_27' title='bbox 1013 577 1030 614; x_wconf 87' lang='lat' dir='ltr'><strong>a</strong></span> <span class='ocrx_word' id='word_1_28' title='bbox 1046 558 1108 614; x_wconf 89' lang='lat' dir='ltr'><strong>Deo</strong></span> <span class='ocrx_word' id='word_1_29' title='bbox 1130 557 1308 632; x_wconf 76' lang='lat' dir='ltr'><strong>immittatur,</strong></span> <span class='ocrx_word' id='word_1_30' title='bbox 1321 557 1390 632; x_wconf 87' lang='lat' dir='ltr'><strong>quia</strong></span> 
     </span>
     <span class='ocr_line' id='line_1_4' title="bbox 180 636 1389 712; baseline -0.002 -16"><span class='ocrx_word' id='word_1_31' title='bbox 180 647 278 696; x_wconf 84' lang='lat' dir='ltr'><strong>tamen</strong></span> <span class='ocrx_word' id='word_1_32' title='bbox 293 638 329 695; x_wconf 90' lang='lat' dir='ltr'><strong>ab</strong></span> <span class='ocrx_word' id='word_1_33' title='bbox 344 637 458 695; x_wconf 91' lang='lat' dir='ltr'><strong>homine</strong></span> <span class='ocrx_word' id='word_1_34' title='bbox 474 649 632 712; x_wconf 86' lang='lat' dir='ltr'><strong>exercetur,</strong></span> <span class='ocrx_word' id='word_1_35' title='bbox 648 638 758 695; x_wconf 89' lang='lat' dir='ltr'><strong>homini</strong></span> <span class='ocrx_word' id='word_1_36' title='bbox 772 637 915 695; x_wconf 83' lang='lat' dir='ltr'><strong>tribuitur.</strong></span> <span class='ocrx_word' id='word_1_37' title='bbox 938 637 1003 711; x_wconf 90' lang='lat' dir='ltr'><strong>Vel,</strong></span> <span class='ocrx_word' id='word_1_38' title='bbox 1020 639 1048 694; x_wconf 90' lang='lat'><strong>4.</strong></span> <span class='ocrx_word' id='word_1_39' title='bbox 1066 639 1083 670; x_wconf 91' lang='lat'>“</span> <span class='ocrx_word' id='word_1_40' title='bbox 1094 656 1153 693; x_wconf 89' lang='lat' dir='ltr'><strong>non</strong></span> <span class='ocrx_word' id='word_1_41' title='bbox 1167 636 1262 709; x_wconf 88' lang='lat' dir='ltr'><strong>fidem,</strong></span> <span class='ocrx_word' id='word_1_42' title='bbox 1279 637 1330 694; x_wconf 87' lang='lat' dir='ltr'><strong>sed</strong></span> <span class='ocrx_word' id='word_1_43' title='bbox 1345 656 1389 694; x_wconf 77' lang='lat' dir='ltr'><strong>sa·</strong></span> 
     </span>
     <span class='ocr_line' id='line_1_5' title="bbox 179 715 1388 793; baseline -0.002 -19"><span class='ocrx_word' id='word_1_44' title='bbox 179 719 271 776; x_wconf 86' lang='lat' dir='ltr'><strong>lutem</strong></span> <span class='ocrx_word' id='word_1_45' title='bbox 286 718 342 775; x_wconf 90' lang='lat' dir='ltr'><strong>dici</strong></span> <span class='ocrx_word' id='word_1_46' title='bbox 358 716 465 774; x_wconf 87' lang='lat' dir='ltr'><strong>donum</strong></span> <span class='ocrx_word' id='word_1_47' title='bbox 481 717 566 790; x_wconf 53' lang='lat' dir='ltr'><strong>Deir</strong></span> <span class='ocrx_word' id='word_1_48' title='bbox 589 717 664 793; x_wconf 88' lang='lat' dir='ltr'><strong>Eph.</strong></span> <span class='ocrx_word' id='word_1_49' title='bbox 679 717 708 774; x_wconf 91' lang='lat' dir='ltr'><strong>ii.</strong></span> <span class='ocrx_word' id='word_1_50' title='bbox 722 720 750 775; x_wconf 88' lang='lat'><strong>8.</strong></span> <span class='ocrx_word' id='word_1_51' title='bbox 793 717 866 790; x_wconf 88' lang='lat' dir='ltr'><strong>Quia</strong></span> <span class='ocrx_word' id='word_1_52' title='bbox 881 717 905 774; x_wconf 87' lang='lat' dir='ltr'><strong>si</strong></span> <span class='ocrx_word' id='word_1_53' title='bbox 927 717 1005 774; x_wconf 85' lang='lat' dir='ltr'><strong>salus</strong></span> <span class='ocrx_word' id='word_1_54' title='bbox 1026 723 1071 774; x_wconf 87' lang='lat' dir='ltr'><strong>est</strong></span> <span class='ocrx_word' id='word_1_55' title='bbox 1091 715 1199 774; x_wconf 91' lang='lat' dir='ltr'><strong>donum</strong></span> <span class='ocrx_word' id='word_1_56' title='bbox 1221 716 1285 790; x_wconf 89' lang='lat' dir='ltr'><strong>Dei,</strong></span> <span class='ocrx_word' id='word_1_57' title='bbox 1310 716 1388 792; x_wconf 85' lang='lat' dir='ltr'><strong>Ergo</strong></span> 
     </span>
     <span class='ocr_line' id='line_1_6' title="bbox 180 795 1388 873; baseline -0.003 -17"><span class='ocrx_word' id='word_1_58' title='bbox 180 807 210 856; x_wconf 87' lang='lat' dir='ltr'><strong>et</strong></span> <span class='ocrx_word' id='word_1_59' title='bbox 223 797 287 873; x_wconf 88' lang='lat' dir='ltr'><strong>ipsa</strong></span> <span class='ocrx_word' id='word_1_60' title='bbox 301 797 382 870; x_wconf 87' lang='lat' dir='ltr'><strong>fides,</strong></span> <span class='ocrx_word' id='word_1_61' title='bbox 398 816 462 872; x_wconf 80' lang='lat' dir='ltr'><strong>quae</strong></span> <span class='ocrx_word' id='word_1_62' title='bbox 476 796 568 871; x_wconf 87' lang='lat' dir='ltr'><strong>prima</strong></span> <span class='ocrx_word' id='word_1_63' title='bbox 578 805 622 854; x_wconf 90' lang='lat' dir='ltr'><strong>est</strong></span> <span class='ocrx_word' id='word_1_64' title='bbox 636 817 701 872; x_wconf 88' lang='lat' dir='ltr'><strong>pars</strong></span> <span class='ocrx_word' id='word_1_65' title='bbox 717 797 827 855; x_wconf 86' lang='lat' dir='ltr'><strong>salutis.</strong></span> <span class='ocrx_word' id='word_1_66' title='bbox 871 795 983 854; x_wconf 82' lang='lat' dir='ltr'><strong>Deinde</strong></span> <span class='ocrx_word' id='word_1_67' title='bbox 998 795 1077 872; x_wconf 91' lang='lat' dir='ltr'><strong>quod</strong></span> <span class='ocrx_word' id='word_1_68' title='bbox 1091 816 1150 854; x_wconf 88' lang='lat' dir='ltr'><strong>ver.</strong></span> <span class='ocrx_word' id='word_1_69' title='bbox 1168 799 1214 870; x_wconf 89' lang='grc'><strong>10,</strong></span> <span class='ocrx_word' id='word_1_70' title='bbox 1230 795 1330 853; x_wconf 89' lang='lat' dir='ltr'><strong>fideles</strong></span> <span class='ocrx_word' id='word_1_71' title='bbox 1345 795 1388 852; x_wconf 94' lang='lat' dir='ltr'><strong>di·</strong></span> 
     </span>
     <span class='ocr_line' id='line_1_7' title="bbox 180 875 1389 952; baseline -0.002 -18"><span class='ocrx_word' id='word_1_72' title='bbox 180 885 286 935; x_wconf 90' lang='lat' dir='ltr'><strong>cuntur</strong></span> <span class='ocrx_word' id='word_1_73' title='bbox 299 897 369 952; x_wconf 83' lang='lat' dir='ltr'><strong>opus</strong></span> <span class='ocrx_word' id='word_1_74' title='bbox 384 877 441 933; x_wconf 80' lang='lat' dir='ltr'><strong>Dei</strong></span> <span class='ocrx_word' id='word_1_75' title='bbox 450 877 539 933; x_wconf 64' lang='lat' dir='ltr'><strong>creat</strong></span> <span class='ocrx_word' id='word_1_76' title='bbox 552 877 580 932; x_wconf 83' lang='lat' dir='ltr'><strong>in</strong></span> <span class='ocrx_word' id='word_1_77' title='bbox 597 876 716 949; x_wconf 83' lang='lat' dir='ltr'><strong>Christo,</strong></span> <span class='ocrx_word' id='word_1_78' title='bbox 733 876 819 933; x_wconf 88' lang='lat' dir='ltr'><strong>fidem</strong></span> <span class='ocrx_word' id='word_1_79' title='bbox 833 875 995 934; x_wconf 86' lang='lat' dir='ltr'><strong>necessario</strong></span> <span class='ocrx_word' id='word_1_80' title='bbox 1009 875 1141 949; x_wconf 79' lang='lat' dir='ltr'><strong>Includit,</strong></span> <span class='ocrx_word' id='word_1_81' title='bbox 1163 885 1196 934; x_wconf 93' lang='lat' dir='ltr'><strong>ut</strong></span> <span class='ocrx_word' id='word_1_82' title='bbox 1216 875 1389 952; x_wconf 90' lang='lat' dir='ltr'><strong>principium</strong></span> 
     </span>
     <span class='ocr_line' id='line_1_8' title="bbox 181 955 1389 1033; baseline -0.001 -20"><span class='ocrx_word' id='word_1_83' title='bbox 181 956 408 1033; x_wconf 78' lang='lat' dir='ltr'><strong>regenerationis</strong></span> <span class='ocrx_word' id='word_1_84' title='bbox 422 964 536 1030; x_wconf 86' lang='lat' dir='ltr'><strong>nostrae,</strong></span> <span class='ocrx_word' id='word_1_85' title='bbox 553 955 624 1013; x_wconf 87' lang='lat' dir='ltr'><strong>alies</strong></span> <span class='ocrx_word' id='word_1_86' title='bbox 639 955 663 1012; x_wconf 90' lang='lat' dir='ltr'><strong>si</strong></span> <span class='ocrx_word' id='word_1_87' title='bbox 674 955 746 1012; x_wconf 87' lang='lat' dir='ltr'><strong>fides</strong></span> <span class='ocrx_word' id='word_1_88' title='bbox 760 975 818 1012; x_wconf 91' lang='lat' dir='ltr'><strong>non</strong></span> <span class='ocrx_word' id='word_1_89' title='bbox 833 963 909 1014; x_wconf 88' lang='lat' dir='ltr'><strong>esset</strong></span> <span class='ocrx_word' id='word_1_90' title='bbox 933 955 1042 1012; x_wconf 89' lang='lat' dir='ltr'><strong>donum</strong></span> <span class='ocrx_word' id='word_1_91' title='bbox 1067 955 1132 1029; x_wconf 92' lang='lat' dir='ltr'><strong>Dei,</strong></span> <span class='ocrx_word' id='word_1_92' title='bbox 1147 955 1233 1012; x_wconf 90' lang='lat' dir='ltr'><strong>homo</strong></span> <span class='ocrx_word' id='word_1_93' title='bbox 1247 963 1346 1030; x_wconf 86' lang='lat' dir='ltr'><strong>posset</strong></span> <span class='ocrx_word' id='word_1_94' title='bbox 1359 955 1389 1011; x_wconf 92' lang='lat' dir='ltr'><strong>in</strong></span> 
     </span>
     <span class='ocr_line' id='line_1_9' title="bbox 181 1034 1389 1112; baseline -0.002 -18"><span class='ocrx_word' id='word_1_95' title='bbox 181 1036 276 1112; x_wconf 89' lang='lat' dir='ltr'><strong>seipso</strong></span> <span class='ocrx_word' id='word_1_96' title='bbox 286 1034 412 1111; x_wconf 89' lang='lat' dir='ltr'><strong>gloriari,</strong></span> <span class='ocrx_word' id='word_1_97' title='bbox 425 1043 525 1092; x_wconf 87' lang='lat' dir='ltr'><strong>contra</strong></span> <span class='ocrx_word' id='word_1_98' title='bbox 536 1034 719 1110; x_wconf 86' lang='lat' dir='ltr'><strong>Apostolum.</strong></span> <span class='ocrx_word' id='word_1_99' title='bbox 732 1035 797 1108; x_wconf 88' lang='lat' dir='ltr'><strong>Vel,</strong></span> <span class='ocrx_word' id='word_1_100' title='bbox 814 1037 841 1092; x_wconf 89' lang='lat'><strong>5.</strong></span> <span class='ocrx_word' id='word_1_101' title='bbox 853 1035 934 1110; x_wconf 72' lang='lat' dir='ltr'><strong>“aqi</strong></span> <span class='ocrx_word' id='word_1_102' title='bbox 943 1037 1046 1109; x_wconf 74' lang='lat' dir='ltr'><strong>dejero</strong></span> <span class='ocrx_word' id='word_1_103' title='bbox 1057 1036 1229 1093; x_wconf 58' lang='lat' dir='ltr'><strong>crematus</strong></span> <span class='ocrx_word' id='word_1_104' title='bbox 1239 1043 1266 1092; x_wconf 85' lang='lat' dir='ltr'><strong>et</strong></span> <span class='ocrx_word' id='word_1_105' title='bbox 1275 1054 1389 1092; x_wconf 66' lang='lat' dir='ltr'><strong>conom-</strong></span> 
     </span>
     <span class='ocr_line' id='line_1_10' title="bbox 179 1113 1388 1190; baseline -0.002 -18"><span class='ocrx_word' id='word_1_106' title='bbox 179 1117 218 1172; x_wconf 86' lang='lat' dir='ltr'><strong>sis</strong></span> <span class='ocrx_word' id='word_1_107' title='bbox 228 1135 286 1190; x_wconf 85' lang='lat' dir='ltr'><strong>pro</strong></span> <span class='ocrx_word' id='word_1_108' title='bbox 300 1116 397 1189; x_wconf 84' lang='lat' dir='ltr'><strong>quibus</strong></span> <span class='ocrx_word' id='word_1_109' title='bbox 421 1124 487 1172; x_wconf 87' lang='lat' dir='ltr'><strong>orat</strong></span> <span class='ocrx_word' id='word_1_110' title='bbox 509 1115 644 1189; x_wconf 82' lang='lat' dir='ltr'><strong>Paulus,”</strong></span> <span class='ocrx_word' id='word_1_111' title='bbox 657 1114 734 1172; x_wconf 89' lang='lat' dir='ltr'><strong>Heb.</strong></span> <span class='ocrx_word' id='word_1_112' title='bbox 750 1114 811 1172; x_wconf 88' lang='lat' dir='ltr'><strong>xiii.</strong></span> <span class='ocrx_word' id='word_1_113' title='bbox 827 1117 874 1188; x_wconf 84' lang='grc'>21,</span> <span class='ocrx_word' id='word_1_114' title='bbox 891 1121 908 1171; x_wconf 98' lang='grc'>2</span> <span class='ocrx_word' id='word_1_115' title='bbox 924 1115 1026 1172; x_wconf 83' lang='lat' dir='ltr'><strong>Thess.</strong></span> <span class='ocrx_word' id='word_1_116' title='bbox 1041 1114 1060 1171; x_wconf 93' lang='lat' dir='ltr'><strong>i.</strong></span> <span class='ocrx_word' id='word_1_117' title='bbox 1078 1117 1124 1172; x_wconf 93' lang='lat' dir='ltr'><strong>ll.</strong></span> <span class='ocrx_word' id='word_1_118' title='bbox 1147 1115 1222 1172; x_wconf 87' lang='lat' dir='ltr'><strong>Nam</strong></span> <span class='ocrx_word' id='word_1_119' title='bbox 1237 1113 1306 1172; x_wconf 89' lang='lat' dir='ltr'><strong>sine</strong></span> <span class='ocrx_word' id='word_1_120' title='bbox 1322 1133 1388 1172; x_wconf 91' lang='lat' dir='ltr'><strong>con-</strong></span> 
     </span>
     <span class='ocr_line' id='line_1_11' title="bbox 180 1193 1389 1271; baseline 0.001 -21"><span class='ocrx_word' id='word_1_121' title='bbox 180 1195 259 1253; x_wconf 88' lang='lat' dir='ltr'><strong>versi</strong></span> <span class='ocrx_word' id='word_1_122' title='bbox 273 1194 389 1269; x_wconf 90' lang='lat' dir='ltr'><strong>quidem</strong></span> <span class='ocrx_word' id='word_1_123' title='bbox 404 1194 496 1251; x_wconf 87' lang='lat' dir='ltr'><strong>Iacere</strong></span> <span class='ocrx_word' id='word_1_124' title='bbox 512 1213 664 1269; x_wconf 89' lang='lat' dir='ltr'><strong>possumus</strong></span> <span class='ocrx_word' id='word_1_125' title='bbox 680 1193 735 1250; x_wconf 90' lang='lat' dir='ltr'><strong>Dei</strong></span> <span class='ocrx_word' id='word_1_126' title='bbox 744 1194 932 1267; x_wconf 88' lang='lat' dir='ltr'><strong>voluntatem,</strong></span> <span class='ocrx_word' id='word_1_127' title='bbox 945 1193 1001 1251; x_wconf 90' lang='lat' dir='ltr'><strong>nisi</strong></span> <span class='ocrx_word' id='word_1_128' title='bbox 1010 1213 1073 1251; x_wconf 86' lang='lat' dir='ltr'><strong>eam</strong></span> <span class='ocrx_word' id='word_1_129' title='bbox 1082 1194 1144 1271; x_wconf 89' lang='lat' dir='ltr'><strong>ipse</strong></span> <span class='ocrx_word' id='word_1_130' title='bbox 1155 1194 1241 1252; x_wconf 86' lang='lat' dir='ltr'><strong>saciat</strong></span> <span class='ocrx_word' id='word_1_131' title='bbox 1251 1193 1282 1250; x_wconf 92' lang='lat' dir='ltr'><strong>in</strong></span> <span class='ocrx_word' id='word_1_132' title='bbox 1294 1193 1389 1268; x_wconf 89' lang='lat' dir='ltr'><strong>nobis,</strong></span> 
     </span>
     <span class='ocr_line' id='line_1_12' title="bbox 180 1272 1110 1352; baseline -0.002 -20"><span class='ocrx_word' id='word_1_133' title='bbox 180 1282 289 1352; x_wconf 86' lang='lat' dir='ltr'><strong>quanto</strong></span> <span class='ocrx_word' id='word_1_134' title='bbox 304 1275 399 1332; x_wconf 88' lang='lat' dir='ltr'><strong>minus</strong></span> <span class='ocrx_word' id='word_1_135' title='bbox 413 1282 480 1331; x_wconf 88' lang='lat' dir='ltr'><strong>ante</strong></span> <span class='ocrx_word' id='word_1_136' title='bbox 494 1273 719 1345; x_wconf 90' lang='lat' dir='ltr'><strong>conversionem,</strong></span> <span class='ocrx_word' id='word_1_137' title='bbox 736 1281 765 1330; x_wconf 89' lang='lat' dir='ltr'><strong>et</strong></span> <span class='ocrx_word' id='word_1_138' title='bbox 779 1273 809 1329; x_wconf 92' lang='lat' dir='ltr'><strong>in</strong></span> <span class='ocrx_word' id='word_1_139' title='bbox 822 1272 885 1349; x_wconf 89' lang='lat' dir='ltr'><strong>ipsa</strong></span> <span class='ocrx_word' id='word_1_140' title='bbox 899 1273 1110 1330; x_wconf 80' lang='lat' dir='ltr'><strong>conversione?</strong></span> 
     </span>
    </p>

    <p class='ocr_par' dir='ltr' id='par_1_3' title="bbox 179 1351 1391 3258">
     <span class='ocr_line' id='line_1_13' title="bbox 484 1351 1390 1428; baseline 0 -19"><span class='ocrx_word' id='word_1_141' title='bbox 484 1351 612 1410; x_wconf 85' lang='lat' dir='ltr'>XVIII.</span> <span class='ocrx_word' id='word_1_142' title='bbox 635 1352 752 1426; x_wconf 84' lang='lat' dir='ltr'><strong>Quinto,</strong></span> <span class='ocrx_word' id='word_1_143' title='bbox 762 1351 1008 1428; x_wconf 85' lang='lat' dir='ltr'><strong>Argumentemur</strong></span> <span class='ocrx_word' id='word_1_144' title='bbox 1017 1351 1053 1409; x_wconf 88' lang='lat' dir='ltr'><strong>ab</strong></span> <span class='ocrx_word' id='word_1_145' title='bbox 1061 1351 1205 1410; x_wconf 89' lang='lat' dir='ltr'><strong>Absurdis</strong></span> <span class='ocrx_word' id='word_1_146' title='bbox 1218 1352 1390 1410; x_wconf 86' lang='lat' dir='ltr'><strong>sententiam</strong></span> 
     </span>
     <span class='ocr_line' id='line_1_14' title="bbox 196 1401 1391 1508; baseline 0 -20"><span class='ocrx_word' id='word_1_147' title='bbox 196 1401 217 1444; x_wconf 85' lang='lat'><strong>5.</strong></span> <span class='ocrx_word' id='word_1_148' title='bbox 233 1402 272 1446; x_wconf 75' lang='lat' dir='ltr'><strong>Ab</strong></span> <span class='ocrx_word' id='word_1_149' title='bbox 288 1402 407 1445; x_wconf 74' lang='lat' dir='ltr'><strong>absurdis.</strong></span> <span class='ocrx_word' id='word_1_150' title='bbox 444 1431 686 1490; x_wconf 88' lang='lat' dir='ltr'><strong>Adversariorum</strong></span> <span class='ocrx_word' id='word_1_151' title='bbox 700 1431 960 1507; x_wconf 83' lang='lat' dir='ltr'><strong>consequentibus:</strong></span> <span class='ocrx_word' id='word_1_152' title='bbox 978 1435 1003 1488; x_wconf 88' lang='lat'><strong>1.</strong></span> <span class='ocrx_word' id='word_1_153' title='bbox 1020 1431 1094 1505; x_wconf 82' lang='lat' dir='ltr'><strong>Quia</strong></span> <span class='ocrx_word' id='word_1_154' title='bbox 1109 1432 1133 1489; x_wconf 91' lang='lat' dir='ltr'><strong>si</strong></span> <span class='ocrx_word' id='word_1_155' title='bbox 1148 1433 1241 1507; x_wconf 86' lang='lat' dir='ltr'><strong>gratia</strong></span> <span class='ocrx_word' id='word_1_156' title='bbox 1256 1441 1391 1508; x_wconf 88' lang='lat' dir='ltr'><strong>operatur</strong></span> 
     </span>
     <span class='ocr_line' id='line_1_15' title="bbox 181 1510 1389 1588; baseline -0.001 -20"><span class='ocrx_word' id='word_1_157' title='bbox 181 1530 294 1586; x_wconf 86' lang='lat' dir='ltr'><strong>semper</strong></span> <span class='ocrx_word' id='word_1_158' title='bbox 308 1510 500 1569; x_wconf 89' lang='lat' dir='ltr'><strong>resistibiliter</strong></span> <span class='ocrx_word' id='word_1_159' title='bbox 515 1513 543 1568; x_wconf 90' lang='lat' dir='ltr'><strong>in</strong></span> <span class='ocrx_word' id='word_1_160' title='bbox 558 1511 649 1583; x_wconf 83' lang='lat' dir='ltr'><strong>nobie,</strong></span> <span class='ocrx_word' id='word_1_161' title='bbox 666 1511 753 1569; x_wconf 87' lang='lat' dir='ltr'><strong>itaut</strong></span> <span class='ocrx_word' id='word_1_162' title='bbox 767 1511 892 1588; x_wconf 89' lang='lat' dir='ltr'><strong>positum</strong></span> <span class='ocrx_word' id='word_1_163' title='bbox 904 1511 942 1569; x_wconf 89' lang='lat' dir='ltr'><strong>sit</strong></span> <span class='ocrx_word' id='word_1_164' title='bbox 952 1531 1041 1587; x_wconf 90' lang='lat' dir='ltr'><strong>penes</strong></span> <span class='ocrx_word' id='word_1_165' title='bbox 1062 1511 1184 1569; x_wconf 90' lang='lat' dir='ltr'><strong>liberum</strong></span> <span class='ocrx_word' id='word_1_166' title='bbox 1205 1511 1330 1568; x_wconf 88' lang='lat' dir='ltr'><strong>hominIs</strong></span> <span class='ocrx_word' id='word_1_167' title='bbox 1345 1531 1389 1567; x_wconf 87' lang='lat' dir='ltr'><strong>ar-</strong></span> 
     </span>
     <span class='ocr_line' id='line_1_16' title="bbox 181 1589 1391 1666; baseline -0.002 -18"><span class='ocrx_word' id='word_1_168' title='bbox 181 1589 307 1663; x_wconf 87' lang='lat' dir='ltr'><strong>bitrium,</strong></span> <span class='ocrx_word' id='word_1_169' title='bbox 325 1591 372 1647; x_wconf 90' lang='lat' dir='ltr'><strong>vel</strong></span> <span class='ocrx_word' id='word_1_170' title='bbox 387 1611 421 1648; x_wconf 88' lang='lat' dir='ltr'><strong>ea</strong></span> <span class='ocrx_word' id='word_1_171' title='bbox 434 1591 485 1664; x_wconf 87' lang='lat' dir='ltr'><strong>uti,</strong></span> <span class='ocrx_word' id='word_1_172' title='bbox 501 1591 549 1648; x_wconf 88' lang='lat' dir='ltr'><strong>vel</strong></span> <span class='ocrx_word' id='word_1_173' title='bbox 564 1591 604 1647; x_wconf 91' lang='lat' dir='ltr'><strong>illi</strong></span> <span class='ocrx_word' id='word_1_174' title='bbox 625 1591 766 1663; x_wconf 88' lang='lat' dir='ltr'><strong>resistere,</strong></span> <span class='ocrx_word' id='word_1_175' title='bbox 793 1599 929 1666; x_wconf 87' lang='lat' dir='ltr'><strong>sequetur</strong></span> <span class='ocrx_word' id='word_1_176' title='bbox 950 1591 1016 1666; x_wconf 92' lang='lat' dir='ltr'><strong>plus</strong></span> <span class='ocrx_word' id='word_1_177' title='bbox 1039 1590 1068 1646; x_wconf 91' lang='lat' dir='ltr'><strong>in</strong></span> <span class='ocrx_word' id='word_1_178' title='bbox 1091 1589 1278 1648; x_wconf 79' lang='lat' dir='ltr'><strong>conversione</strong></span> <span class='ocrx_word' id='word_1_179' title='bbox 1303 1590 1391 1648; x_wconf 89' lang='lat' dir='ltr'><strong>tribui</strong></span> 
     </span>
     <span class='ocr_line' id='line_1_17' title="bbox 181 1669 1388 1747; baseline -0.001 -20"><span class='ocrx_word' id='word_1_180' title='bbox 181 1670 307 1727; x_wconf 88' lang='lat' dir='ltr'><strong>hominis</strong></span> <span class='ocrx_word' id='word_1_181' title='bbox 320 1671 447 1744; x_wconf 85' lang='lat' dir='ltr'><strong>arbitrio,</strong></span> <span class='ocrx_word' id='word_1_182' title='bbox 464 1690 549 1747; x_wconf 88' lang='lat' dir='ltr'><strong>quam</strong></span> <span class='ocrx_word' id='word_1_183' title='bbox 566 1671 638 1739; x_wconf 88' lang='lat' dir='ltr'><strong>Deo,</strong></span> <span class='ocrx_word' id='word_1_184' title='bbox 654 1679 761 1728; x_wconf 86' lang='lat' dir='ltr'><strong>etcum</strong></span> <span class='ocrx_word' id='word_1_185' title='bbox 783 1671 833 1746; x_wconf 89' lang='lat' dir='ltr'><strong>qui</strong></span> <span class='ocrx_word' id='word_1_186' title='bbox 853 1670 926 1728; x_wconf 90' lang='lat' dir='ltr'><strong>bene</strong></span> <span class='ocrx_word' id='word_1_187' title='bbox 949 1670 1040 1728; x_wconf 90' lang='lat' dir='ltr'><strong>utitur</strong></span> <span class='ocrx_word' id='word_1_188' title='bbox 1062 1670 1163 1746; x_wconf 84' lang='lat' dir='ltr'><strong>gratia,</strong></span> <span class='ocrx_word' id='word_1_189' title='bbox 1189 1689 1219 1727; x_wconf 90' lang='lat' dir='ltr'><strong>se</strong></span> <span class='ocrx_word' id='word_1_190' title='bbox 1242 1669 1337 1746; x_wconf 87' lang='lat' dir='ltr'><strong>ipsum</strong></span> <span class='ocrx_word' id='word_1_191' title='bbox 1351 1669 1388 1726; x_wconf 90' lang='lat' dir='ltr'><strong>ab</strong></span> 
     </span>
     <span class='ocr_line' id='line_1_18' title="bbox 181 1749 1390 1825; baseline -0.002 -19"><span class='ocrx_word' id='word_1_192' title='bbox 181 1750 247 1807; x_wconf 79' lang='lat' dir='ltr'><strong>aliIs</strong></span> <span class='ocrx_word' id='word_1_193' title='bbox 262 1749 432 1824; x_wconf 87' lang='lat' dir='ltr'><strong>discernere,</strong></span> <span class='ocrx_word' id='word_1_194' title='bbox 448 1761 548 1808; x_wconf 92' lang='lat' dir='ltr'><strong>contra</strong></span> <span class='ocrx_word' id='word_1_195' title='bbox 563 1749 693 1823; x_wconf 91' lang='lat' dir='ltr'><strong>Paulum,</strong></span> <span class='ocrx_word' id='word_1_196' title='bbox 712 1753 726 1806; x_wconf 95' lang='lat' dir='ltr'><strong>l</strong></span> <span class='ocrx_word' id='word_1_197' title='bbox 741 1751 805 1808; x_wconf 84' lang='lat' dir='ltr'><strong>Cor.</strong></span> <span class='ocrx_word' id='word_1_198' title='bbox 822 1750 860 1808; x_wconf 92' lang='lat' dir='ltr'><strong>iv.</strong></span> <span class='ocrx_word' id='word_1_199' title='bbox 877 1754 903 1824; x_wconf 83' lang='lat'><strong>7,</strong></span> <span class='ocrx_word' id='word_1_200' title='bbox 917 1757 946 1808; x_wconf 90' lang='lat' dir='ltr'><strong>et</strong></span> <span class='ocrx_word' id='word_1_201' title='bbox 954 1749 1101 1806; x_wconf 89' lang='lat' dir='ltr'><strong>materiam</strong></span> <span class='ocrx_word' id='word_1_202' title='bbox 1111 1749 1236 1824; x_wconf 86' lang='lat' dir='ltr'><strong>aliquam</strong></span> <span class='ocrx_word' id='word_1_203' title='bbox 1246 1749 1390 1825; x_wconf 84' lang='lat' dir='ltr'><strong>gloriandi</strong></span> 
     </span>
     <span class='ocr_line' id='line_1_19' title="bbox 182 1828 1388 1906; baseline -0.002 -20"><span class='ocrx_word' id='word_1_204' title='bbox 182 1828 297 1887; x_wconf 89' lang='lat' dir='ltr'><strong>habere.</strong></span> <span class='ocrx_word' id='word_1_205' title='bbox 341 1829 413 1886; x_wconf 84' lang='lat' dir='ltr'><strong>Nam</strong></span> <span class='ocrx_word' id='word_1_206' title='bbox 429 1830 453 1886; x_wconf 89' lang='lat' dir='ltr'><strong>si</strong></span> <span class='ocrx_word' id='word_1_207' title='bbox 468 1838 533 1906; x_wconf 90' lang='lat' dir='ltr'><strong>post</strong></span> <span class='ocrx_word' id='word_1_208' title='bbox 548 1849 647 1886; x_wconf 89' lang='lat' dir='ltr'><strong>omnes</strong></span> <span class='ocrx_word' id='word_1_209' title='bbox 662 1829 761 1905; x_wconf 78' lang='lat' dir='ltr'><strong>gratia</strong></span> <span class='ocrx_word' id='word_1_210' title='bbox 777 1829 965 1906; x_wconf 82' lang='lat' dir='ltr'><strong>operationes,</strong></span> <span class='ocrx_word' id='word_1_211' title='bbox 978 1829 1245 1886; x_wconf 85' lang='lat' dir='ltr'><strong>hominisvolnntes</strong></span> <span class='ocrx_word' id='word_1_212' title='bbox 1259 1829 1290 1885; x_wconf 92' lang='lat' dir='ltr'><strong>in</strong></span> <span class='ocrx_word' id='word_1_213' title='bbox 1301 1829 1388 1904; x_wconf 85' lang='lat' dir='ltr'><strong>sequi-</strong></span> 
     </span>
     <span class='ocr_line' id='line_1_20' title="bbox 180 1907 1390 1984; baseline -0.002 -18"><span class='ocrx_word' id='word_1_214' title='bbox 180 1909 266 1966; x_wconf 91' lang='lat' dir='ltr'><strong>libric</strong></span> <span class='ocrx_word' id='word_1_215' title='bbox 280 1907 469 1984; x_wconf 73' lang='lat' dir='ltr'><strong>relinquitur,</strong></span> <span class='ocrx_word' id='word_1_216' title='bbox 492 1909 654 1967; x_wconf 85' lang='lat' dir='ltr'><strong>necessario</strong></span> <span class='ocrx_word' id='word_1_217' title='bbox 669 1909 805 1984; x_wconf 90' lang='lat' dir='ltr'><strong>sequitur,</strong></span> <span class='ocrx_word' id='word_1_218' title='bbox 821 1928 879 1966; x_wconf 91' lang='lat' dir='ltr'><strong>non</strong></span> <span class='ocrx_word' id='word_1_219' title='bbox 895 1909 989 1966; x_wconf 91' lang='lat' dir='ltr'><strong>Deum</strong></span> <span class='ocrx_word' id='word_1_220' title='bbox 1003 1928 1056 1984; x_wconf 89' lang='lat' dir='ltr'><strong>per</strong></span> <span class='ocrx_word' id='word_1_221' title='bbox 1076 1909 1207 1984; x_wconf 86' lang='lat' dir='ltr'><strong>gratiam,</strong></span> <span class='ocrx_word' id='word_1_222' title='bbox 1232 1907 1283 1966; x_wconf 89' lang='lat' dir='ltr'><strong>sed</strong></span> <span class='ocrx_word' id='word_1_223' title='bbox 1297 1908 1390 1964; x_wconf 90' lang='lat' dir='ltr'><strong>homi-</strong></span> 
     </span>
     <span class='ocr_line' id='line_1_21' title="bbox 181 1987 1390 2064; baseline 0 -19"><span class='ocrx_word' id='word_1_224' title='bbox 181 2008 247 2046; x_wconf 88' lang='lat' dir='ltr'><strong>nem</strong></span> <span class='ocrx_word' id='word_1_225' title='bbox 263 2007 313 2064; x_wconf 90' lang='lat' dir='ltr'><strong>per</strong></span> <span class='ocrx_word' id='word_1_226' title='bbox 322 1988 446 2046; x_wconf 90' lang='lat' dir='ltr'><strong>liberum</strong></span> <span class='ocrx_word' id='word_1_227' title='bbox 460 1988 609 2047; x_wconf 82' lang='lat' dir='ltr'><strong>arbitrium</strong></span> <span class='ocrx_word' id='word_1_228' title='bbox 624 2007 687 2046; x_wconf 88' lang='lat' dir='ltr'><strong>esse</strong></span> <span class='ocrx_word' id='word_1_229' title='bbox 696 1988 883 2064; x_wconf 89' lang='lat' dir='ltr'><strong>principalem</strong></span> <span class='ocrx_word' id='word_1_230' title='bbox 898 2008 1013 2046; x_wconf 89' lang='lat' dir='ltr'><strong>causam</strong></span> <span class='ocrx_word' id='word_1_231' title='bbox 1028 1988 1095 2046; x_wconf 91' lang='lat' dir='ltr'><strong>fidei</strong></span> <span class='ocrx_word' id='word_1_232' title='bbox 1105 1996 1133 2046; x_wconf 92' lang='lat' dir='ltr'><strong>et</strong></span> <span class='ocrx_word' id='word_1_233' title='bbox 1142 1987 1348 2061; x_wconf 84' lang='lat' dir='ltr'><strong>conversionis,</strong></span> <span class='ocrx_word' id='word_1_234' title='bbox 1361 1997 1390 2045; x_wconf 86' lang='lat' dir='ltr'><strong>et</strong></span> 
     </span>
     <span class='ocr_line' id='line_1_22' title="bbox 182 2067 1391 2144; baseline -0.002 -18"><span class='ocrx_word' id='word_1_235' title='bbox 182 2067 311 2126; x_wconf 83' lang='lat' dir='ltr'><strong>conferre</strong></span> <span class='ocrx_word' id='word_1_236' title='bbox 325 2068 404 2143; x_wconf 89' lang='lat' dir='ltr'><strong>quod</strong></span> <span class='ocrx_word' id='word_1_237' title='bbox 417 2069 512 2144; x_wconf 85' lang='lat' dir='ltr'><strong>majus</strong></span> <span class='ocrx_word' id='word_1_238' title='bbox 526 2077 579 2141; x_wconf 88' lang='lat' dir='ltr'><strong>est,</strong></span> <span class='ocrx_word' id='word_1_239' title='bbox 596 2069 659 2125; x_wconf 92' lang='lat' dir='ltr'><strong>Deo</strong></span> <span class='ocrx_word' id='word_1_240' title='bbox 674 2068 751 2143; x_wconf 89' lang='lat' dir='ltr'><strong>quod</strong></span> <span class='ocrx_word' id='word_1_241' title='bbox 772 2069 867 2126; x_wconf 89' lang='lat' dir='ltr'><strong>minus</strong></span> <span class='ocrx_word' id='word_1_242' title='bbox 891 2075 936 2126; x_wconf 84' lang='lat' dir='ltr'><strong>est</strong></span> <span class='ocrx_word' id='word_1_243' title='bbox 958 2068 1130 2126; x_wconf 87' lang='lat' dir='ltr'><strong>conferente.</strong></span> <span class='ocrx_word' id='word_1_244' title='bbox 1173 2067 1285 2125; x_wconf 87' lang='lat' dir='ltr'><strong>Deinde</strong></span> <span class='ocrx_word' id='word_1_245' title='bbox 1301 2067 1325 2124; x_wconf 90' lang='lat' dir='ltr'><strong>si</strong></span> <span class='ocrx_word' id='word_1_246' title='bbox 1340 2087 1391 2124; x_wconf 87' lang='lat' dir='ltr'><strong>vo·</strong></span> 
     </span>
     <span class='ocr_line' id='line_1_23' title="bbox 181 2145 1387 2223; baseline 0 -19"><span class='ocrx_word' id='word_1_247' title='bbox 181 2147 277 2206; x_wconf 86' lang='lat' dir='ltr'><strong>luntas</strong></span> <span class='ocrx_word' id='word_1_248' title='bbox 292 2148 463 2223; x_wconf 90' lang='lat' dir='ltr'><strong>relinquitur</strong></span> <span class='ocrx_word' id='word_1_249' title='bbox 477 2148 505 2204; x_wconf 92' lang='lat' dir='ltr'><strong>in</strong></span> <span class='ocrx_word' id='word_1_250' title='bbox 521 2147 647 2223; x_wconf 88' lang='lat' dir='ltr'><strong>ancipiti,</strong></span> <span class='ocrx_word' id='word_1_251' title='bbox 662 2157 695 2205; x_wconf 90' lang='lat' dir='ltr'><strong>ut</strong></span> <span class='ocrx_word' id='word_1_252' title='bbox 710 2148 832 2223; x_wconf 87' lang='lat' dir='ltr'><strong>seipsam</strong></span> <span class='ocrx_word' id='word_1_253' title='bbox 847 2147 1026 2222; x_wconf 86' lang='lat' dir='ltr'><strong>determinet,</strong></span> <span class='ocrx_word' id='word_1_254' title='bbox 1044 2147 1115 2221; x_wconf 87' lang='lat' dir='ltr'><strong>Quis</strong></span> <span class='ocrx_word' id='word_1_255' title='bbox 1129 2166 1187 2205; x_wconf 90' lang='lat' dir='ltr'><strong>non</strong></span> <span class='ocrx_word' id='word_1_256' title='bbox 1201 2147 1282 2205; x_wconf 81' lang='lat' dir='ltr'><strong>videt</strong></span> <span class='ocrx_word' id='word_1_257' title='bbox 1297 2145 1387 2204; x_wconf 89' lang='lat' dir='ltr'><strong>homi-</strong></span> 
     </span>
     <span class='ocr_line' id='line_1_24' title="bbox 181 2226 1388 2304; baseline -0.001 -21"><span class='ocrx_word' id='word_1_258' title='bbox 181 2247 247 2284; x_wconf 87' lang='lat' dir='ltr'><strong>nem</strong></span> <span class='ocrx_word' id='word_1_259' title='bbox 263 2227 375 2303; x_wconf 86' lang='lat' dir='ltr'><strong>proprie</strong></span> <span class='ocrx_word' id='word_1_260' title='bbox 390 2246 450 2285; x_wconf 85' lang='lat' dir='ltr'><strong>suae</strong></span> <span class='ocrx_word' id='word_1_261' title='bbox 464 2226 645 2285; x_wconf 84' lang='lat' dir='ltr'><strong>discretionis</strong></span> <span class='ocrx_word' id='word_1_262' title='bbox 660 2247 775 2284; x_wconf 86' lang='lat' dir='ltr'><strong>causam</strong></span> <span class='ocrx_word' id='word_1_263' title='bbox 790 2246 861 2300; x_wconf 90' lang='lat' dir='ltr'><strong>esse,</strong></span> <span class='ocrx_word' id='word_1_264' title='bbox 877 2227 1110 2304; x_wconf 87' lang='lat' dir='ltr'><strong>quandoquidem</strong></span> <span class='ocrx_word' id='word_1_265' title='bbox 1125 2227 1219 2303; x_wconf 83' lang='lat' dir='ltr'><strong>gratia</strong></span> <span class='ocrx_word' id='word_1_266' title='bbox 1232 2247 1297 2304; x_wconf 77' lang='lat' dir='ltr'><strong>quse</strong></span> <span class='ocrx_word' id='word_1_267' title='bbox 1311 2246 1388 2284; x_wconf 89' lang='lat' dir='ltr'><strong>com·</strong></span> 
     </span>
     <span class='ocr_line' id='line_1_25' title="bbox 182 2306 1388 2382; baseline 0.001 -20"><span class='ocrx_word' id='word_1_268' title='bbox 182 2306 277 2363; x_wconf 88' lang='lat' dir='ltr'><strong>munis</strong></span> <span class='ocrx_word' id='word_1_269' title='bbox 292 2315 320 2365; x_wconf 90' lang='lat' dir='ltr'><strong>et</strong></span> <span class='ocrx_word' id='word_1_270' title='bbox 333 2306 496 2365; x_wconf 87' lang='lat' dir='ltr'><strong>resistibilis</strong></span> <span class='ocrx_word' id='word_1_271' title='bbox 511 2307 654 2380; x_wconf 84' lang='lat' dir='ltr'><strong>statuitur,</strong></span> <span class='ocrx_word' id='word_1_272' title='bbox 669 2326 726 2362; x_wconf 89' lang='lat' dir='ltr'><strong>non</strong></span> <span class='ocrx_word' id='word_1_273' title='bbox 742 2306 835 2382; x_wconf 87' lang='lat' dir='ltr'><strong>potuit</strong></span> <span class='ocrx_word' id='word_1_274' title='bbox 860 2307 914 2363; x_wconf 90' lang='lat' dir='ltr'><strong>hoc</strong></span> <span class='ocrx_word' id='word_1_275' title='bbox 938 2309 1098 2382; x_wconf 74' lang='lat' dir='ltr'><strong>praestare?</strong></span> <span class='ocrx_word' id='word_1_276' title='bbox 1140 2307 1179 2364; x_wconf 86' lang='lat' dir='ltr'><strong>Et</strong></span> <span class='ocrx_word' id='word_1_277' title='bbox 1201 2326 1266 2364; x_wconf 90' lang='lat' dir='ltr'><strong>cum</strong></span> <span class='ocrx_word' id='word_1_278' title='bbox 1291 2306 1388 2364; x_wconf 84' lang='lat' dir='ltr'><strong>suasio</strong></span> 
     </span>
     <span class='ocr_line' id='line_1_26' title="bbox 183 2384 1389 2463; baseline 0.001 -21"><span class='ocrx_word' id='word_1_279' title='bbox 183 2404 241 2443; x_wconf 89' lang='lat' dir='ltr'><strong>non</strong></span> <span class='ocrx_word' id='word_1_280' title='bbox 255 2385 337 2443; x_wconf 82' lang='lat' dir='ltr'><strong>aliter</strong></span> <span class='ocrx_word' id='word_1_281' title='bbox 350 2396 419 2463; x_wconf 86' lang='lat' dir='ltr'><strong>agat</strong></span> <span class='ocrx_word' id='word_1_282' title='bbox 432 2405 517 2462; x_wconf 84' lang='lat' dir='ltr'><strong>quam</strong></span> <span class='ocrx_word' id='word_1_283' title='bbox 533 2386 684 2462; x_wconf 83' lang='lat' dir='ltr'><strong>objectiva,</strong></span> <span class='ocrx_word' id='word_1_284' title='bbox 698 2405 755 2442; x_wconf 88' lang='lat' dir='ltr'><strong>non</strong></span> <span class='ocrx_word' id='word_1_285' title='bbox 764 2395 860 2462; x_wconf 85' lang='lat' dir='ltr'><strong>potest</strong></span> <span class='ocrx_word' id='word_1_286' title='bbox 870 2387 979 2442; x_wconf 88' lang='lat' dir='ltr'><strong>censori</strong></span> <span class='ocrx_word' id='word_1_287' title='bbox 989 2405 1076 2444; x_wconf 83' lang='lat' dir='ltr'><strong>causa</strong></span> <span class='ocrx_word' id='word_1_288' title='bbox 1086 2384 1220 2460; x_wconf 88' lang='lat' dir='ltr'><strong>efficians,</strong></span> <span class='ocrx_word' id='word_1_289' title='bbox 1231 2385 1283 2444; x_wconf 89' lang='lat' dir='ltr'><strong>sed</strong></span> <span class='ocrx_word' id='word_1_290' title='bbox 1293 2386 1389 2443; x_wconf 92' lang='lat' dir='ltr'><strong>homo.</strong></span> 
     </span>
     <span class='ocr_line' id='line_1_27' title="bbox 183 2464 1390 2542; baseline 0 -20"><span class='ocrx_word' id='word_1_291' title='bbox 183 2465 226 2522; x_wconf 86' lang='lat' dir='ltr'><strong>At</strong></span> <span class='ocrx_word' id='word_1_292' title='bbox 242 2465 347 2522; x_wconf 87' lang='lat' dir='ltr'><strong>Paulus</strong></span> <span class='ocrx_word' id='word_1_293' title='bbox 362 2475 469 2539; x_wconf 86' lang='lat' dir='ltr'><strong>contra,</strong></span> <span class='ocrx_word' id='word_1_294' title='bbox 487 2465 587 2540; x_wconf 85' lang='lat' dir='ltr'><strong>“Quis</strong></span> <span class='ocrx_word' id='word_1_295' title='bbox 601 2475 629 2523; x_wconf 89' lang='lat' dir='ltr'><strong>tc</strong></span> <span class='ocrx_word' id='word_1_296' title='bbox 644 2464 805 2523; x_wconf 87' lang='lat' dir='ltr'><strong>discernit?</strong></span> <span class='ocrx_word' id='word_1_297' title='bbox 846 2465 922 2538; x_wconf 86' lang='lat' dir='ltr'><strong>Quid</strong></span> <span class='ocrx_word' id='word_1_298' title='bbox 944 2465 1034 2524; x_wconf 89' lang='lat' dir='ltr'><strong>habes</strong></span> <span class='ocrx_word' id='word_1_299' title='bbox 1058 2465 1135 2542; x_wconf 92' lang='lat' dir='ltr'><strong>quod</strong></span> <span class='ocrx_word' id='word_1_300' title='bbox 1149 2485 1208 2524; x_wconf 89' lang='lat' dir='ltr'><strong>non</strong></span> <span class='ocrx_word' id='word_1_301' title='bbox 1222 2466 1367 2542; x_wconf 87' lang='lat' dir='ltr'><strong>acceperis</strong></span> <span class='ocrx_word' id='word_1_302' title='bbox 1378 2497 1390 2510; x_wconf 93' lang='lat'><strong>·</strong></span> 
     </span>
     <span class='ocr_line' id='line_1_28' title="bbox 183 2544 1389 2622; baseline -0.001 -20"><span class='ocrx_word' id='word_1_303' title='bbox 183 2545 260 2602; x_wconf 85' lang='lat' dir='ltr'><strong>Etsi</strong></span> <span class='ocrx_word' id='word_1_304' title='bbox 275 2545 418 2621; x_wconf 88' lang='lat' dir='ltr'><strong>accepisti,</strong></span> <span class='ocrx_word' id='word_1_305' title='bbox 444 2564 531 2620; x_wconf 86' lang='lat' dir='ltr'><strong>quare</strong></span> <span class='ocrx_word' id='word_1_306' title='bbox 546 2545 678 2621; x_wconf 85' lang='lat' dir='ltr'><strong>gloriaris</strong></span> <span class='ocrx_word' id='word_1_307' title='bbox 694 2545 729 2602; x_wconf 93' lang='lat' dir='ltr'><strong>de</strong></span> <span class='ocrx_word' id='word_1_308' title='bbox 744 2565 786 2617; x_wconf 89' lang='lat' dir='ltr'><strong>eo,</strong></span> <span class='ocrx_word' id='word_1_309' title='bbox 803 2545 885 2620; x_wconf 89' lang='lat' dir='ltr'><strong>quasi</strong></span> <span class='ocrx_word' id='word_1_310' title='bbox 900 2565 957 2602; x_wconf 90' lang='lat' dir='ltr'><strong>non</strong></span> <span class='ocrx_word' id='word_1_311' title='bbox 971 2545 1116 2622; x_wconf 89' lang='lat' dir='ltr'><strong>acceperis</strong></span> <span class='ocrx_word' id='word_1_312' title='bbox 1126 2546 1158 2602; x_wconf 84' lang='lat'><strong>?”</strong></span> <span class='ocrx_word' id='word_1_313' title='bbox 1202 2544 1389 2602; x_wconf 86' lang='lat' dir='ltr'><strong>Licetautem</strong></span> 
     </span>
     <span class='ocr_line' id='line_1_29' title="bbox 182 2623 1388 2702; baseline 0.001 -22"><span class='ocrx_word' id='word_1_314' title='bbox 182 2624 285 2700; x_wconf 92' lang='lat' dir='ltr'><strong>Apost.</strong></span> <span class='ocrx_word' id='word_1_315' title='bbox 302 2624 341 2682; x_wconf 93' lang='lat' dir='ltr'><strong>ibi</strong></span> <span class='ocrx_word' id='word_1_316' title='bbox 356 2635 424 2702; x_wconf 85' lang='lat' dir='ltr'><strong>agat</strong></span> <span class='ocrx_word' id='word_1_317' title='bbox 438 2624 474 2682; x_wconf 90' lang='lat' dir='ltr'><strong>de</strong></span> <span class='ocrx_word' id='word_1_318' title='bbox 488 2625 660 2682; x_wconf 88' lang='lat' dir='ltr'><strong>discretione</strong></span> <span class='ocrx_word' id='word_1_319' title='bbox 677 2625 833 2682; x_wconf 89' lang='lat' dir='ltr'><strong>Doctorum</strong></span> <span class='ocrx_word' id='word_1_320' title='bbox 848 2623 1043 2698; x_wconf 86' lang='lat' dir='ltr'><strong>eminentium,</strong></span> <span class='ocrx_word' id='word_1_321' title='bbox 1060 2625 1096 2682; x_wconf 86' lang='lat' dir='ltr'><strong>ab</strong></span> <span class='ocrx_word' id='word_1_322' title='bbox 1111 2625 1147 2680; x_wconf 88' lang='lat' dir='ltr'><strong>iis</strong></span> <span class='ocrx_word' id='word_1_323' title='bbox 1161 2624 1210 2700; x_wconf 90' lang='lat' dir='ltr'><strong>qui</strong></span> <span class='ocrx_word' id='word_1_324' title='bbox 1226 2625 1321 2682; x_wconf 90' lang='lat' dir='ltr'><strong>minus</strong></span> <span class='ocrx_word' id='word_1_325' title='bbox 1336 2625 1388 2681; x_wconf 83' lang='lat' dir='ltr'><strong>do?</strong></span> 
     </span>
     <span class='ocr_line' id='line_1_30' title="bbox 180 2703 1387 2780; baseline -0.001 -19"><span class='ocrx_word' id='word_1_326' title='bbox 180 2723 283 2762; x_wconf 87' lang='lat' dir='ltr'><strong>norum</strong></span> <span class='ocrx_word' id='word_1_327' title='bbox 298 2711 469 2780; x_wconf 83' lang='lat' dir='ltr'><strong>acceperunt</strong></span> <span class='ocrx_word' id='word_1_328' title='bbox 484 2726 491 2777; x_wconf 90' lang='lat'>;</span> <span class='ocrx_word' id='word_1_329' title='bbox 514 2723 571 2760; x_wconf 92' lang='lat' dir='ltr'><strong>non</strong></span> <span class='ocrx_word' id='word_1_330' title='bbox 586 2704 683 2761; x_wconf 83' lang='lat' dir='ltr'><strong>obstat</strong></span> <span class='ocrx_word' id='word_1_331' title='bbox 697 2703 850 2777; x_wconf 87' lang='lat' dir='ltr'><strong>quominus</strong></span> <span class='ocrx_word' id='word_1_332' title='bbox 864 2704 902 2761; x_wconf 93' lang='lat' dir='ltr'><strong>ad</strong></span> <span class='ocrx_word' id='word_1_333' title='bbox 915 2703 1043 2761; x_wconf 86' lang='lat' dir='ltr'><strong>fidelium</strong></span> <span class='ocrx_word' id='word_1_334' title='bbox 1058 2703 1259 2762; x_wconf 89' lang='lat' dir='ltr'><strong>discretionem</strong></span> <span class='ocrx_word' id='word_1_335' title='bbox 1281 2703 1387 2778; x_wconf 89' lang='lat' dir='ltr'><strong>optime</strong></span> 
     </span>
     <span class='ocr_line' id='line_1_31' title="bbox 180 2781 1383 2859; baseline 0 -19"><span class='ocrx_word' id='word_1_336' title='bbox 180 2784 272 2858; x_wconf 90' lang='lat' dir='ltr'><strong>possit</strong></span> <span class='ocrx_word' id='word_1_337' title='bbox 285 2784 431 2859; x_wconf 83' lang='lat' dir='ltr'><strong>applicari,</strong></span> <span class='ocrx_word' id='word_1_338' title='bbox 447 2783 516 2859; x_wconf 89' lang='lat' dir='ltr'><strong>quia</strong></span> <span class='ocrx_word' id='word_1_339' title='bbox 530 2783 672 2841; x_wconf 89' lang='lat' dir='ltr'><strong>sententia</strong></span> <span class='ocrx_word' id='word_1_340' title='bbox 686 2783 829 2858; x_wconf 86' lang='lat' dir='ltr'><strong>garreralis</strong></span> <span class='ocrx_word' id='word_1_341' title='bbox 844 2791 895 2856; x_wconf 89' lang='lat' dir='ltr'><strong>est,</strong></span> <span class='ocrx_word' id='word_1_342' title='bbox 912 2793 941 2840; x_wconf 88' lang='lat' dir='ltr'><strong>et</strong></span> <span class='ocrx_word' id='word_1_343' title='bbox 955 2783 1033 2859; x_wconf 91' lang='lat' dir='ltr'><strong>quod</strong></span> <span class='ocrx_word' id='word_1_344' title='bbox 1047 2781 1083 2840; x_wconf 90' lang='lat' dir='ltr'><strong>de</strong></span> <span class='ocrx_word' id='word_1_345' title='bbox 1106 2803 1163 2840; x_wconf 89' lang='lat' dir='ltr'><strong>uno</strong></span> <span class='ocrx_word' id='word_1_346' title='bbox 1178 2782 1318 2840; x_wconf 89' lang='lat' dir='ltr'><strong>bonorum</strong></span> <span class='ocrx_word' id='word_1_347' title='bbox 1333 2801 1383 2858; x_wconf 83' lang='lat' dir='ltr'><strong>ge·</strong></span> 
     </span>
     <span class='ocr_line' id='line_1_32' title="bbox 179 2861 1387 2937; baseline -0.002 -17"><span class='ocrx_word' id='word_1_348' title='bbox 179 2883 247 2921; x_wconf 89' lang='lat' dir='ltr'><strong>nere</strong></span> <span class='ocrx_word' id='word_1_349' title='bbox 262 2862 375 2937; x_wconf 86' lang='lat' dir='ltr'><strong>dicitur,</strong></span> <span class='ocrx_word' id='word_1_350' title='bbox 392 2862 467 2920; x_wconf 88' lang='lat' dir='ltr'><strong>idem</strong></span> <span class='ocrx_word' id='word_1_351' title='bbox 482 2862 518 2920; x_wconf 87' lang='lat' dir='ltr'><strong>de</strong></span> <span class='ocrx_word' id='word_1_352' title='bbox 533 2863 665 2919; x_wconf 87' lang='lat' dir='ltr'><strong>omnibus</strong></span> <span class='ocrx_word' id='word_1_353' title='bbox 680 2861 744 2919; x_wconf 89' lang='lat' dir='ltr'><strong>aliis</strong></span> <span class='ocrx_word' id='word_1_354' title='bbox 758 2881 825 2920; x_wconf 86' lang='lat' dir='ltr'><strong>vere</strong></span> <span class='ocrx_word' id='word_1_355' title='bbox 841 2861 946 2919; x_wconf 90' lang='lat' dir='ltr'><strong>dicitur</strong></span> <span class='ocrx_word' id='word_1_356' title='bbox 960 2871 1021 2919; x_wconf 90' lang='lat' dir='ltr'><strong>tum</strong></span> <span class='ocrx_word' id='word_1_357' title='bbox 1031 2861 1279 2919; x_wconf 88' lang='lat' dir='ltr'><strong>naturalibustum</strong></span> <span class='ocrx_word' id='word_1_358' title='bbox 1289 2881 1387 2937; x_wconf 88' lang='lat' dir='ltr'><strong>supcr-</strong></span> 
     </span>
     <span class='ocr_line' id='line_1_33' title="bbox 180 2941 1388 3018; baseline 0 -18"><span class='ocrx_word' id='word_1_359' title='bbox 180 2942 368 3016; x_wconf 86' lang='lat' dir='ltr'><strong>naturalibus,</strong></span> <span class='ocrx_word' id='word_1_360' title='bbox 384 2942 542 3018; x_wconf 80' lang='lat' dir='ltr'><strong>praesertim</strong></span> <span class='ocrx_word' id='word_1_361' title='bbox 557 2941 592 2999; x_wconf 91' lang='lat' dir='ltr'><strong>de</strong></span> <span class='ocrx_word' id='word_1_362' title='bbox 609 2941 766 3000; x_wconf 85' lang='lat' dir='ltr'><strong>Electionis</strong></span> <span class='ocrx_word' id='word_1_363' title='bbox 781 2941 882 3018; x_wconf 88' lang='lat' dir='ltr'><strong>gratia,</strong></span> <span class='ocrx_word' id='word_1_364' title='bbox 898 2961 962 3016; x_wconf 86' lang='lat' dir='ltr'><strong>quae</strong></span> <span class='ocrx_word' id='word_1_365' title='bbox 987 2941 1114 2998; x_wconf 91' lang='lat' dir='ltr'><strong>omnium</strong></span> <span class='ocrx_word' id='word_1_366' title='bbox 1139 2950 1183 2998; x_wconf 89' lang='lat' dir='ltr'><strong>est</strong></span> <span class='ocrx_word' id='word_1_367' title='bbox 1207 2941 1342 3014; x_wconf 87' lang='lat' dir='ltr'><strong>maxima,</strong></span> <span class='ocrx_word' id='word_1_368' title='bbox 1359 2951 1388 3000; x_wconf 88' lang='lat' dir='ltr'><strong>et</strong></span> 
     </span>
     <span class='ocr_line' id='line_1_34' title="bbox 179 3019 1387 3096; baseline 0.001 -18"><span class='ocrx_word' id='word_1_369' title='bbox 179 3022 263 3080; x_wconf 86' lang='lat' dir='ltr'><strong>radix</strong></span> <span class='ocrx_word' id='word_1_370' title='bbox 278 3041 312 3078; x_wconf 87' lang='lat' dir='ltr'><strong>ac</strong></span> <span class='ocrx_word' id='word_1_371' title='bbox 327 3041 413 3079; x_wconf 88' lang='lat' dir='ltr'><strong>causa</strong></span> <span class='ocrx_word' id='word_1_372' title='bbox 427 3031 603 3079; x_wconf 78' lang='lat' dir='ltr'><strong>craterarum.</strong></span> <span class='ocrx_word' id='word_1_373' title='bbox 646 3019 759 3078; x_wconf 88' lang='lat' dir='ltr'><strong>Deinde</strong></span> <span class='ocrx_word' id='word_1_374' title='bbox 774 3040 791 3076; x_wconf 92' lang='lat' dir='ltr'><strong>a</strong></span> <span class='ocrx_word' id='word_1_375' title='bbox 805 3021 916 3094; x_wconf 90' lang='lat' dir='ltr'><strong>minori,</strong></span> <span class='ocrx_word' id='word_1_376' title='bbox 933 3021 957 3077; x_wconf 91' lang='lat' dir='ltr'><strong>si</strong></span> <span class='ocrx_word' id='word_1_377' title='bbox 971 3021 1057 3078; x_wconf 91' lang='lat' dir='ltr'><strong>homo</strong></span> <span class='ocrx_word' id='word_1_378' title='bbox 1081 3019 1175 3077; x_wconf 88' lang='lat' dir='ltr'><strong>fidelis</strong></span> <span class='ocrx_word' id='word_1_379' title='bbox 1199 3019 1271 3076; x_wconf 88' lang='lat' dir='ltr'><strong>nihil</strong></span> <span class='ocrx_word' id='word_1_380' title='bbox 1292 3028 1387 3096; x_wconf 87' lang='lat' dir='ltr'><strong>potest</strong></span> 
     </span>
     <span class='ocr_line' id='line_1_35' title="bbox 181 3098 1384 3176; baseline -0.002 -17"><span class='ocrx_word' id='word_1_381' title='bbox 181 3101 274 3160; x_wconf 87' lang='lat' dir='ltr'><strong>facore</strong></span> <span class='ocrx_word' id='word_1_382' title='bbox 290 3101 319 3158; x_wconf 91' lang='lat' dir='ltr'><strong>in</strong></span> <span class='ocrx_word' id='word_1_383' title='bbox 334 3101 514 3158; x_wconf 87' lang='lat' dir='ltr'><strong>charismatis</strong></span> <span class='ocrx_word' id='word_1_384' title='bbox 528 3101 575 3158; x_wconf 90' lang='lat' dir='ltr'><strong>vel</strong></span> <span class='ocrx_word' id='word_1_385' title='bbox 591 3099 790 3176; x_wconf 88' lang='lat' dir='ltr'><strong>comparandis</strong></span> <span class='ocrx_word' id='word_1_386' title='bbox 804 3099 851 3156; x_wconf 87' lang='lat' dir='ltr'><strong>vel</strong></span> <span class='ocrx_word' id='word_1_387' title='bbox 866 3099 1015 3176; x_wconf 88' lang='lat' dir='ltr'><strong>augendis,</strong></span> <span class='ocrx_word' id='word_1_388' title='bbox 1031 3098 1067 3157; x_wconf 91' lang='lat' dir='ltr'><strong>de</strong></span> <span class='ocrx_word' id='word_1_389' title='bbox 1082 3119 1139 3175; x_wconf 91' lang='lat' dir='ltr'><strong>quo</strong></span> <span class='ocrx_word' id='word_1_390' title='bbox 1154 3099 1271 3174; x_wconf 83' lang='lat' dir='ltr'><strong>gloriari</strong></span> <span class='ocrx_word' id='word_1_391' title='bbox 1285 3101 1384 3176; x_wconf 86' lang='lat' dir='ltr'><strong>possit,</strong></span> 
     </span>
     <span class='ocr_line' id='line_1_36' title="bbox 180 3178 1322 3258; baseline -0.003 -19"><span class='ocrx_word' id='word_1_392' title='bbox 180 3191 288 3258; x_wconf 85' lang='lat' dir='ltr'><strong>quanto</strong></span> <span class='ocrx_word' id='word_1_393' title='bbox 303 3181 398 3239; x_wconf 88' lang='lat' dir='ltr'><strong>minus</strong></span> <span class='ocrx_word' id='word_1_394' title='bbox 413 3181 442 3238; x_wconf 91' lang='lat' dir='ltr'><strong>in</strong></span> <span class='ocrx_word' id='word_1_395' title='bbox 453 3179 589 3257; x_wconf 87' lang='lat' dir='ltr'><strong>jaciendo</strong></span> <span class='ocrx_word' id='word_1_396' title='bbox 603 3179 670 3238; x_wconf 88' lang='lat' dir='ltr'><strong>fidei</strong></span> <span class='ocrx_word' id='word_1_397' title='bbox 684 3178 880 3251; x_wconf 65' lang='lat' dir='ltr'><strong>fundamenta</strong></span> <span class='ocrx_word' id='word_1_398' title='bbox 901 3179 980 3255; x_wconf 90' lang='lat' dir='ltr'><strong>quod</strong></span> <span class='ocrx_word' id='word_1_399' title='bbox 993 3179 1080 3254; x_wconf 82' lang='lat' dir='ltr'><strong>longo</strong></span> <span class='ocrx_word' id='word_1_400' title='bbox 1095 3179 1239 3236; x_wconf 88' lang='lat' dir='ltr'><strong>difficilius</strong></span> <span class='ocrx_word' id='word_1_401' title='bbox 1254 3182 1322 3236; x_wconf 79' lang='lat' dir='ltr'><strong>est?</strong></span> 
     </span>
    </p>

    <p class='ocr_par' dir='ltr' id='par_1_4' title="bbox 179 3258 1388 4128">
     <span class='ocr_line' id='line_1_37' title="bbox 221 3258 1385 3318; baseline -0.001 -1"><span class='ocrx_word' id='word_1_402' title='bbox 221 3260 316 3318; x_wconf 89' lang='lat' dir='ltr'><strong>XIX.</strong></span> <span class='ocrx_word' id='word_1_403' title='bbox 339 3265 366 3317; x_wconf 84' lang='lat'><strong>2.</strong></span> <span class='ocrx_word' id='word_1_404' title='bbox 390 3261 462 3318; x_wconf 75' lang='lat' dir='ltr'><strong>llaec</strong></span> <span class='ocrx_word' id='word_1_405' title='bbox 477 3259 619 3318; x_wconf 86' lang='lat' dir='ltr'><strong>sententie</strong></span> <span class='ocrx_word' id='word_1_406' title='bbox 640 3267 759 3318; x_wconf 87' lang='lat' dir='ltr'><strong>enervat</strong></span> <span class='ocrx_word' id='word_1_407' title='bbox 783 3258 909 3316; x_wconf 88' lang='lat' dir='ltr'><strong>studium</strong></span> <span class='ocrx_word' id='word_1_408' title='bbox 933 3259 1053 3316; x_wconf 89' lang='lat' dir='ltr'><strong>Precum</strong></span> <span class='ocrx_word' id='word_1_409' title='bbox 1076 3267 1105 3316; x_wconf 91' lang='lat' dir='ltr'><strong>et</strong></span> <span class='ocrx_word' id='word_1_410' title='bbox 1136 3259 1300 3318; x_wconf 88' lang='lat' dir='ltr'><strong>Gratiarum</strong></span> <span class='ocrx_word' id='word_1_411' title='bbox 1315 3259 1385 3316; x_wconf 88' lang='lat' dir='ltr'><strong>acti-</strong></span> 
     </span>
     <span class='ocr_line' id='line_1_38' title="bbox 180 3337 1388 3416; baseline -0.002 -18"><span class='ocrx_word' id='word_1_412' title='bbox 180 3360 277 3398; x_wconf 89' lang='lat' dir='ltr'><strong>onum.</strong></span> <span class='ocrx_word' id='word_1_413' title='bbox 321 3340 434 3416; x_wconf 86' lang='lat' dir='ltr'><strong>Ecquid</strong></span> <span class='ocrx_word' id='word_1_414' title='bbox 449 3340 524 3397; x_wconf 88' lang='lat' dir='ltr'><strong>anim</strong></span> <span class='ocrx_word' id='word_1_415' title='bbox 539 3347 668 3415; x_wconf 87' lang='lat' dir='ltr'><strong>peterent</strong></span> <span class='ocrx_word' id='word_1_416' title='bbox 682 3358 699 3395; x_wconf 94' lang='lat' dir='ltr'><strong>a</strong></span> <span class='ocrx_word' id='word_1_417' title='bbox 715 3339 777 3396; x_wconf 88' lang='lat' dir='ltr'><strong>Deo</strong></span> <span class='ocrx_word' id='word_1_418' title='bbox 791 3338 892 3396; x_wconf 91' lang='lat' dir='ltr'><strong>fideles</strong></span> <span class='ocrx_word' id='word_1_419' title='bbox 906 3337 973 3396; x_wconf 91' lang='lat' dir='ltr'><strong>fidei</strong></span> <span class='ocrx_word' id='word_1_420' title='bbox 988 3347 1016 3395; x_wconf 89' lang='lat' dir='ltr'><strong>ct</strong></span> <span class='ocrx_word' id='word_1_421' title='bbox 1031 3339 1226 3396; x_wconf 85' lang='lat' dir='ltr'><strong>conversionis</strong></span> <span class='ocrx_word' id='word_1_422' title='bbox 1241 3347 1346 3412; x_wconf 89' lang='lat' dir='ltr'><strong>actum,</strong></span> <span class='ocrx_word' id='word_1_423' title='bbox 1363 3339 1388 3396; x_wconf 89' lang='lat' dir='ltr'><strong>si</strong></span> 
     </span>
     <span class='ocr_line' id='line_1_39' title="bbox 180 3417 1388 3496; baseline 0 -19"><span class='ocrx_word' id='word_1_424' title='bbox 180 3421 205 3478; x_wconf 89' lang='lat' dir='ltr'><strong>is</strong></span> <span class='ocrx_word' id='word_1_425' title='bbox 220 3440 277 3478; x_wconf 92' lang='lat' dir='ltr'><strong>non</strong></span> <span class='ocrx_word' id='word_1_426' title='bbox 292 3419 398 3496; x_wconf 88' lang='lat' dir='ltr'><strong>pendet</strong></span> <span class='ocrx_word' id='word_1_427' title='bbox 412 3440 429 3477; x_wconf 88' lang='lat' dir='ltr'><strong>a</strong></span> <span class='ocrx_word' id='word_1_428' title='bbox 443 3419 544 3496; x_wconf 83' lang='lat' dir='ltr'><strong>gratia,</strong></span> <span class='ocrx_word' id='word_1_429' title='bbox 561 3418 612 3476; x_wconf 88' lang='lat' dir='ltr'><strong>scd</strong></span> <span class='ocrx_word' id='word_1_430' title='bbox 626 3417 748 3476; x_wconf 83' lang='lat' dir='ltr'><strong>alibero</strong></span> <span class='ocrx_word' id='word_1_431' title='bbox 762 3418 886 3476; x_wconf 88' lang='lat' dir='ltr'><strong>hominis</strong></span> <span class='ocrx_word' id='word_1_432' title='bbox 900 3418 1040 3476; x_wconf 83' lang='lat' dir='ltr'><strong>arbitrio?</strong></span> <span class='ocrx_word' id='word_1_433' title='bbox 1072 3419 1112 3476; x_wconf 87' lang='lat' dir='ltr'><strong>Et</strong></span> <span class='ocrx_word' id='word_1_434' title='bbox 1124 3419 1268 3494; x_wconf 88' lang='lat' dir='ltr'><strong>quomodo</strong></span> <span class='ocrx_word' id='word_1_435' title='bbox 1280 3419 1388 3495; x_wconf 85' lang='lat' dir='ltr'><strong>gratias</strong></span> 
     </span>
     <span class='ocr_line' id='line_1_40' title="bbox 179 3497 1387 3576; baseline -0.001 -19"><span class='ocrx_word' id='word_1_436' title='bbox 179 3499 216 3557; x_wconf 91' lang='lat' dir='ltr'><strong>de</strong></span> <span class='ocrx_word' id='word_1_437' title='bbox 231 3519 264 3558; x_wconf 87' lang='lat' dir='ltr'><strong>eo</strong></span> <span class='ocrx_word' id='word_1_438' title='bbox 280 3499 355 3556; x_wconf 92' lang='lat' dir='ltr'><strong>dono</strong></span> <span class='ocrx_word' id='word_1_439' title='bbox 370 3507 497 3576; x_wconf 84' lang='lat' dir='ltr'><strong>agerent,</strong></span> <span class='ocrx_word' id='word_1_440' title='bbox 514 3499 538 3556; x_wconf 92' lang='lat' dir='ltr'><strong>si</strong></span> <span class='ocrx_word' id='word_1_441' title='bbox 553 3498 607 3555; x_wconf 91' lang='lat' dir='ltr'><strong>hoc</strong></span> <span class='ocrx_word' id='word_1_442' title='bbox 622 3497 765 3554; x_wconf 86' lang='lat' dir='ltr'><strong>voluntati</strong></span> <span class='ocrx_word' id='word_1_443' title='bbox 786 3517 853 3569; x_wconf 79' lang='lat' dir='ltr'><strong>sure,</strong></span> <span class='ocrx_word' id='word_1_444' title='bbox 878 3517 935 3555; x_wconf 91' lang='lat' dir='ltr'><strong>non</strong></span> <span class='ocrx_word' id='word_1_445' title='bbox 958 3498 1013 3556; x_wconf 88' lang='lat' dir='ltr'><strong>Dei</strong></span> <span class='ocrx_word' id='word_1_446' title='bbox 1037 3498 1138 3556; x_wconf 89' lang='lat' dir='ltr'><strong>virtuti</strong></span> <span class='ocrx_word' id='word_1_447' title='bbox 1152 3508 1301 3576; x_wconf 88' lang='lat' dir='ltr'><strong>acceptum</strong></span> <span class='ocrx_word' id='word_1_448' title='bbox 1315 3499 1387 3556; x_wconf 86' lang='lat' dir='ltr'><strong>ferre</strong></span> 
     </span>
     <span class='ocr_line' id='line_1_41' title="bbox 180 3576 1387 3653; baseline -0.001 -18"><span class='ocrx_word' id='word_1_449' title='bbox 180 3578 310 3637; x_wconf 83' lang='lat' dir='ltr'><strong>debent?</strong></span> <span class='ocrx_word' id='word_1_450' title='bbox 352 3579 431 3636; x_wconf 91' lang='lat' dir='ltr'><strong>Nihil</strong></span> <span class='ocrx_word' id='word_1_451' title='bbox 445 3588 541 3637; x_wconf 87' lang='lat' dir='ltr'><strong>tamen</strong></span> <span class='ocrx_word' id='word_1_452' title='bbox 556 3577 734 3653; x_wconf 88' lang='lat' dir='ltr'><strong>frequentius</strong></span> <span class='ocrx_word' id='word_1_453' title='bbox 749 3576 826 3652; x_wconf 87' lang='lat' dir='ltr'><strong>apud</strong></span> <span class='ocrx_word' id='word_1_454' title='bbox 842 3578 964 3635; x_wconf 84' lang='lat' dir='ltr'><strong>Paulum</strong></span> <span class='ocrx_word' id='word_1_455' title='bbox 980 3578 1103 3636; x_wconf 89' lang='lat' dir='ltr'><strong>occurrit</strong></span> <span class='ocrx_word' id='word_1_456' title='bbox 1117 3579 1194 3636; x_wconf 92' lang='lat' dir='ltr'><strong>votis</strong></span> <span class='ocrx_word' id='word_1_457' title='bbox 1208 3589 1238 3637; x_wconf 82' lang='lat' dir='ltr'><strong>ct</strong></span> <span class='ocrx_word' id='word_1_458' title='bbox 1252 3578 1387 3636; x_wconf 87' lang='lat' dir='ltr'><strong>orationi·</strong></span> 
     </span>
     <span class='ocr_line' id='line_1_42' title="bbox 180 3656 1386 3734; baseline 0 -20"><span class='ocrx_word' id='word_1_459' title='bbox 180 3658 243 3730; x_wconf 89' lang='lat' dir='ltr'><strong>bus,</strong></span> <span class='ocrx_word' id='word_1_460' title='bbox 260 3677 317 3716; x_wconf 90' lang='lat' dir='ltr'><strong>non</strong></span> <span class='ocrx_word' id='word_1_461' title='bbox 332 3658 426 3716; x_wconf 84' lang='lat' dir='ltr'><strong>minus</strong></span> <span class='ocrx_word' id='word_1_462' title='bbox 441 3678 474 3715; x_wconf 90' lang='lat' dir='ltr'><strong>ac</strong></span> <span class='ocrx_word' id='word_1_463' title='bbox 488 3657 645 3734; x_wconf 83' lang='lat' dir='ltr'><strong>gratiarum</strong></span> <span class='ocrx_word' id='word_1_464' title='bbox 661 3656 830 3729; x_wconf 86' lang='lat' dir='ltr'><strong>actionibus,</strong></span> <span class='ocrx_word' id='word_1_465' title='bbox 847 3676 919 3732; x_wconf 90' lang='lat' dir='ltr'><strong>quas</strong></span> <span class='ocrx_word' id='word_1_466' title='bbox 941 3678 994 3733; x_wconf 91' lang='lat' dir='ltr'><strong>pro</strong></span> <span class='ocrx_word' id='word_1_467' title='bbox 1018 3658 1075 3716; x_wconf 89' lang='lat' dir='ltr'><strong>fide</strong></span> <span class='ocrx_word' id='word_1_468' title='bbox 1090 3668 1119 3716; x_wconf 87' lang='lat' dir='ltr'><strong>et</strong></span> <span class='ocrx_word' id='word_1_469' title='bbox 1134 3659 1320 3717; x_wconf 86' lang='lat' dir='ltr'><strong>conversione</strong></span> <span class='ocrx_word' id='word_1_470' title='bbox 1335 3657 1386 3714; x_wconf 95' lang='lat' dir='ltr'><strong>ho·</strong></span> 
     </span>
     <span class='ocr_line' id='line_1_43' title="bbox 180 3735 1387 3814; baseline 0 -23"><span class='ocrx_word' id='word_1_471' title='bbox 180 3737 289 3792; x_wconf 86' lang='lat' dir='ltr'><strong>minum</strong></span> <span class='ocrx_word' id='word_1_472' title='bbox 304 3736 406 3810; x_wconf 87' lang='lat' dir='ltr'><strong>fundit,</strong></span> <span class='ocrx_word' id='word_1_473' title='bbox 423 3738 497 3814; x_wconf 86' lang='lat' dir='ltr'><strong>Eph.</strong></span> <span class='ocrx_word' id='word_1_474' title='bbox 514 3739 532 3794; x_wconf 87' lang='lat' dir='ltr'><strong>i.</strong></span> <span class='ocrx_word' id='word_1_475' title='bbox 550 3741 596 3808; x_wconf 79' lang='lat'><strong>17,</strong></span> <span class='ocrx_word' id='word_1_476' title='bbox 612 3745 640 3794; x_wconf 91' lang='lat' dir='ltr'><strong>et</strong></span> <span class='ocrx_word' id='word_1_477' title='bbox 655 3735 694 3792; x_wconf 93' lang='lat' dir='ltr'><strong>iii.</strong></span> <span class='ocrx_word' id='word_1_478' title='bbox 713 3737 758 3808; x_wconf 88' lang='grc'><strong>16,</strong></span> <span class='ocrx_word' id='word_1_479' title='bbox 777 3739 863 3810; x_wconf 83' lang='grc'>17;1</span> <span class='ocrx_word' id='word_1_480' title='bbox 887 3737 989 3794; x_wconf 82' lang='lat' dir='ltr'><strong>Thess.</strong></span> <span class='ocrx_word' id='word_1_481' title='bbox 1019 3738 1058 3794; x_wconf 93' lang='lat' dir='ltr'><strong>iii.</strong></span> <span class='ocrx_word' id='word_1_482' title='bbox 1087 3741 1131 3810; x_wconf 92' lang='grc'>12,</span> <span class='ocrx_word' id='word_1_483' title='bbox 1151 3741 1196 3808; x_wconf 85' lang='grc'><strong>13,</strong></span> <span class='ocrx_word' id='word_1_484' title='bbox 1213 3747 1242 3794; x_wconf 89' lang='lat' dir='ltr'><strong>ct</strong></span> <span class='ocrx_word' id='word_1_485' title='bbox 1253 3757 1281 3794; x_wconf 89' lang='lat' dir='ltr'><strong>v.</strong></span> <span class='ocrx_word' id='word_1_486' title='bbox 1297 3740 1344 3808; x_wconf 88' lang='grc'><strong>23,</strong></span> <span class='ocrx_word' id='word_1_487' title='bbox 1358 3744 1387 3792; x_wconf 92' lang='lat' dir='ltr'><strong>et</strong></span> 
     </span>
     <span class='ocr_line' id='line_1_44' title="bbox 182 3813 1386 3890; baseline 0.001 -21"><span class='ocrx_word' id='word_1_488' title='bbox 182 3817 199 3869; x_wconf 90' lang='grc'>2</span> <span class='ocrx_word' id='word_1_489' title='bbox 222 3813 323 3872; x_wconf 85' lang='lat' dir='ltr'><strong>Thess.</strong></span> <span class='ocrx_word' id='word_1_490' title='bbox 339 3816 357 3872; x_wconf 92' lang='lat' dir='ltr'><strong>i.</strong></span> <span class='ocrx_word' id='word_1_491' title='bbox 374 3820 430 3890; x_wconf 87' lang='lat'><strong>11;</strong></span> <span class='ocrx_word' id='word_1_492' title='bbox 454 3817 530 3874; x_wconf 90' lang='lat' dir='ltr'><strong>Heb.</strong></span> <span class='ocrx_word' id='word_1_493' title='bbox 547 3816 656 3873; x_wconf 63' lang='grc'>111121</span> <span class='ocrx_word' id='word_1_494' title='bbox 673 3835 679 3887; x_wconf 87' lang='grc'>;</span> <span class='ocrx_word' id='word_1_495' title='bbox 697 3815 780 3871; x_wconf 81' lang='lat' dir='ltr'><strong>llom.</strong></span> <span class='ocrx_word' id='word_1_496' title='bbox 796 3815 814 3872; x_wconf 93' lang='lat' dir='ltr'><strong>i.</strong></span> <span class='ocrx_word' id='word_1_497' title='bbox 831 3817 862 3890; x_wconf 77' lang='lat'><strong>83</strong></span> <span class='ocrx_word' id='word_1_498' title='bbox 888 3816 985 3873; x_wconf 82' lang='lat' dir='ltr'><strong>lCor.</strong></span> <span class='ocrx_word' id='word_1_499' title='bbox 1001 3815 1019 3873; x_wconf 88' lang='lat' dir='ltr'><strong>i.</strong></span> <span class='ocrx_word' id='word_1_500' title='bbox 1035 3820 1062 3889; x_wconf 94' lang='lat'><strong>4,</strong></span> <span class='ocrx_word' id='word_1_501' title='bbox 1079 3819 1106 3888; x_wconf 81' lang='lat'><strong>5,</strong></span> <span class='ocrx_word' id='word_1_502' title='bbox 1124 3819 1155 3889; x_wconf 77' lang='lat'><strong>73</strong></span> <span class='ocrx_word' id='word_1_503' title='bbox 1172 3816 1246 3890; x_wconf 87' lang='lat' dir='ltr'><strong>Eph.</strong></span> <span class='ocrx_word' id='word_1_504' title='bbox 1262 3816 1279 3871; x_wconf 89' lang='lat' dir='ltr'><strong>i.</strong></span> <span class='ocrx_word' id='word_1_505' title='bbox 1296 3817 1322 3887; x_wconf 88' lang='grc'><strong>3,</strong></span> <span class='ocrx_word' id='word_1_506' title='bbox 1338 3817 1386 3886; x_wconf 82' lang='grc'><strong>15,</strong></span> 
     </span>
     <span class='ocr_line' id='line_1_45' title="bbox 184 3893 1384 3970; baseline 0 -22"><span class='ocrx_word' id='word_1_507' title='bbox 184 3893 239 3966; x_wconf 72' lang='grc'><strong>16,</strong></span> <span class='ocrx_word' id='word_1_508' title='bbox 262 3896 279 3948; x_wconf 95' lang='grc'>2</span> <span class='ocrx_word' id='word_1_509' title='bbox 295 3893 359 3950; x_wconf 87' lang='lat' dir='ltr'><strong>Cor.</strong></span> <span class='ocrx_word' id='word_1_510' title='bbox 375 3895 392 3952; x_wconf 92' lang='lat' dir='ltr'><strong>i.</strong></span> <span class='ocrx_word' id='word_1_511' title='bbox 408 3899 435 3970; x_wconf 90' lang='lat'><strong>3,</strong></span> <span class='ocrx_word' id='word_1_512' title='bbox 451 3899 479 3953; x_wconf 88' lang='lat'><strong>4.</strong></span> <span class='ocrx_word' id='word_1_513' title='bbox 502 3901 519 3953; x_wconf 89' lang='grc'>2</span> <span class='ocrx_word' id='word_1_514' title='bbox 536 3895 637 3952; x_wconf 87' lang='lat' dir='ltr'><strong>Thess.</strong></span> <span class='ocrx_word' id='word_1_515' title='bbox 652 3894 671 3950; x_wconf 89' lang='lat' dir='ltr'><strong>i.</strong></span> <span class='ocrx_word' id='word_1_516' title='bbox 688 3897 715 3951; x_wconf 87' lang='lat'><strong>3.</strong></span> <span class='ocrx_word' id='word_1_517' title='bbox 759 3893 801 3952; x_wconf 78' lang='lat' dir='ltr'><strong>At</strong></span> <span class='ocrx_word' id='word_1_518' title='bbox 825 3894 849 3952; x_wconf 87' lang='lat' dir='ltr'><strong>si</strong></span> <span class='ocrx_word' id='word_1_519' title='bbox 864 3903 945 3952; x_wconf 88' lang='lat' dir='ltr'><strong>actus</strong></span> <span class='ocrx_word' id='word_1_520' title='bbox 959 3894 1026 3951; x_wconf 89' lang='lat' dir='ltr'><strong>fidei</strong></span> <span class='ocrx_word' id='word_1_521' title='bbox 1042 3895 1122 3952; x_wconf 89' lang='lat' dir='ltr'><strong>sitin</strong></span> <span class='ocrx_word' id='word_1_522' title='bbox 1138 3901 1278 3970; x_wconf 86' lang='lat' dir='ltr'><strong>potestate</strong></span> <span class='ocrx_word' id='word_1_523' title='bbox 1294 3894 1384 3948; x_wconf 90' lang='lat' dir='ltr'><strong>homi·</strong></span> 
     </span>
     <span class='ocr_line' id='line_1_46' title="bbox 181 3971 1383 4049; baseline 0 -22"><span class='ocrx_word' id='word_1_524' title='bbox 181 3971 227 4027; x_wconf 88' lang='lat' dir='ltr'><strong>nis</strong></span> <span class='ocrx_word' id='word_1_525' title='bbox 241 3990 360 4047; x_wconf 87' lang='lat' dir='ltr'><strong>semper,</strong></span> <span class='ocrx_word' id='word_1_526' title='bbox 375 3974 528 4048; x_wconf 88' lang='lat' dir='ltr'><strong>quantavis</strong></span> <span class='ocrx_word' id='word_1_527' title='bbox 542 3974 712 4031; x_wconf 87' lang='lat' dir='ltr'><strong>adhibeatur</strong></span> <span class='ocrx_word' id='word_1_528' title='bbox 728 3973 782 4030; x_wconf 93' lang='lat' dir='ltr'><strong>Dci</strong></span> <span class='ocrx_word' id='word_1_529' title='bbox 808 3974 909 4049; x_wconf 84' lang='lat' dir='ltr'><strong>gretia,</strong></span> <span class='ocrx_word' id='word_1_530' title='bbox 931 3974 1073 4047; x_wconf 77' lang='lat' dir='ltr'><strong>Quorsum</strong></span> <span class='ocrx_word' id='word_1_531' title='bbox 1089 3972 1137 4029; x_wconf 84' lang='lat' dir='ltr'><strong>vel</strong></span> <span class='ocrx_word' id='word_1_532' title='bbox 1152 3992 1169 4028; x_wconf 86' lang='lat' dir='ltr'><strong>a</strong></span> <span class='ocrx_word' id='word_1_533' title='bbox 1183 3972 1248 4028; x_wconf 87' lang='lat' dir='ltr'><strong>Deo</strong></span> <span class='ocrx_word' id='word_1_534' title='bbox 1267 3971 1383 4046; x_wconf 87' lang='lat' dir='ltr'><strong>potitur,</strong></span> 
     </span>
     <span class='ocr_line' id='line_1_47' title="bbox 181 4049 605 4128; baseline 0.012 -22"><span class='ocrx_word' id='word_1_535' title='bbox 181 4049 229 4108; x_wconf 90' lang='lat' dir='ltr'><strong>vel</strong></span> <span class='ocrx_word' id='word_1_536' title='bbox 244 4049 279 4107; x_wconf 91' lang='lat' dir='ltr'><strong>de</strong></span> <span class='ocrx_word' id='word_1_537' title='bbox 294 4069 328 4107; x_wconf 87' lang='lat' dir='ltr'><strong>eo</strong></span> <span class='ocrx_word' id='word_1_538' title='bbox 342 4052 441 4126; x_wconf 76' lang='lat' dir='ltr'><strong>gratian</strong></span> <span class='ocrx_word' id='word_1_539' title='bbox 456 4055 605 4128; x_wconf 78' lang='lat' dir='ltr'><strong>aguntur?</strong></span> 
     </span>
    </p>

    <p class='ocr_par' dir='ltr' id='par_1_5' title="bbox 180 4126 1386 4599">
     <span class='ocr_line' id='line_1_48' title="bbox 222 4126 1383 4190; baseline -0.002 -5"><span class='ocrx_word' id='word_1_540' title='bbox 222 4129 299 4186; x_wconf 88' lang='lat' dir='ltr'><strong>XX.</strong></span> <span class='ocrx_word' id='word_1_541' title='bbox 321 4133 348 4188; x_wconf 87' lang='grc'><strong>3.</strong></span> <span class='ocrx_word' id='word_1_542' title='bbox 373 4129 420 4187; x_wconf 82' lang='lat' dir='ltr'><strong>Sic</strong></span> <span class='ocrx_word' id='word_1_543' title='bbox 444 4131 628 4190; x_wconf 84' lang='lat' dir='ltr'><strong>Praescientia</strong></span> <span class='ocrx_word' id='word_1_544' title='bbox 643 4131 698 4190; x_wconf 87' lang='lat' dir='ltr'><strong>Dei</strong></span> <span class='ocrx_word' id='word_1_545' title='bbox 713 4132 821 4189; x_wconf 84' lang='lat' dir='ltr'><strong>incerte</strong></span> <span class='ocrx_word' id='word_1_546' title='bbox 835 4131 964 4188; x_wconf 85' lang='lat' dir='ltr'><strong>redditur</strong></span> <span class='ocrx_word' id='word_1_547' title='bbox 979 4139 1008 4188; x_wconf 89' lang='lat' dir='ltr'><strong>et</strong></span> <span class='ocrx_word' id='word_1_548' title='bbox 1022 4129 1118 4188; x_wconf 93' lang='lat' dir='ltr'><strong>dubia.</strong></span> <span class='ocrx_word' id='word_1_549' title='bbox 1152 4128 1226 4186; x_wconf 88' lang='lat' dir='ltr'><strong>Nam</strong></span> <span class='ocrx_word' id='word_1_550' title='bbox 1239 4126 1263 4184; x_wconf 86' lang='lat' dir='ltr'><strong>si</strong></span> <span class='ocrx_word' id='word_1_551' title='bbox 1277 4127 1313 4186; x_wconf 91' lang='lat' dir='ltr'><strong>iis</strong></span> <span class='ocrx_word' id='word_1_552' title='bbox 1324 4147 1383 4184; x_wconf 89' lang='lat' dir='ltr'><strong>orn-</strong></span> 
     </span>
     <span class='ocr_line' id='line_1_49' title="bbox 181 4208 1383 4287; baseline -0.001 -22"><span class='ocrx_word' id='word_1_553' title='bbox 181 4209 267 4267; x_wconf 89' lang='lat' dir='ltr'><strong>nibus</strong></span> <span class='ocrx_word' id='word_1_554' title='bbox 281 4208 381 4284; x_wconf 88' lang='lat' dir='ltr'><strong>positis</strong></span> <span class='ocrx_word' id='word_1_555' title='bbox 396 4210 496 4286; x_wconf 85' lang='lat' dir='ltr'><strong>gratiae</strong></span> <span class='ocrx_word' id='word_1_556' title='bbox 511 4211 732 4287; x_wconf 88' lang='lat' dir='ltr'><strong>operationibus,</strong></span> <span class='ocrx_word' id='word_1_557' title='bbox 749 4210 854 4286; x_wconf 87' lang='lat' dir='ltr'><strong>quibus</strong></span> <span class='ocrx_word' id='word_1_558' title='bbox 868 4211 1002 4266; x_wconf 87' lang='lat' dir='ltr'><strong>voluntas</strong></span> <span class='ocrx_word' id='word_1_559' title='bbox 1027 4218 1094 4285; x_wconf 88' lang='lat' dir='ltr'><strong>apta</strong></span> <span class='ocrx_word' id='word_1_560' title='bbox 1118 4218 1185 4266; x_wconf 86' lang='lat' dir='ltr'><strong>nata</strong></span> <span class='ocrx_word' id='word_1_561' title='bbox 1208 4216 1252 4266; x_wconf 90' lang='lat' dir='ltr'><strong>est</strong></span> <span class='ocrx_word' id='word_1_562' title='bbox 1265 4209 1383 4282; x_wconf 88' lang='lat' dir='ltr'><strong>moveri,</strong></span> 
     </span>
     <span class='ocr_line' id='line_1_50' title="bbox 181 4286 1385 4366; baseline -0.001 -21"><span class='ocrx_word' id='word_1_563' title='bbox 181 4289 317 4346; x_wconf 83' lang='lat' dir='ltr'><strong>voluntas</strong></span> <span class='ocrx_word' id='word_1_564' title='bbox 331 4297 428 4346; x_wconf 87' lang='lat' dir='ltr'><strong>tamen</strong></span> <span class='ocrx_word' id='word_1_565' title='bbox 441 4309 493 4364; x_wconf 92' lang='lat' dir='ltr'><strong>pro</strong></span> <span class='ocrx_word' id='word_1_566' title='bbox 508 4288 605 4349; x_wconf 86' lang='lat' dir='ltr'><strong>innata</strong></span> <span class='ocrx_word' id='word_1_567' title='bbox 619 4289 751 4349; x_wconf 89' lang='lat' dir='ltr'><strong>libertate</strong></span> <span class='ocrx_word' id='word_1_568' title='bbox 767 4297 861 4366; x_wconf 87' lang='lat' dir='ltr'><strong>potest</strong></span> <span class='ocrx_word' id='word_1_569' title='bbox 875 4309 933 4345; x_wconf 90' lang='lat' dir='ltr'><strong>non</strong></span> <span class='ocrx_word' id='word_1_570' title='bbox 946 4289 1056 4346; x_wconf 89' lang='lat' dir='ltr'><strong>moveri</strong></span> <span class='ocrx_word' id='word_1_571' title='bbox 1068 4311 1075 4362; x_wconf 72' lang='grc' dir='ltr'><strong>ς</strong></span> <span class='ocrx_word' id='word_1_572' title='bbox 1108 4288 1174 4346; x_wconf 91' lang='lat' dir='ltr'><strong>Non</strong></span> <span class='ocrx_word' id='word_1_573' title='bbox 1188 4286 1293 4364; x_wconf 87' lang='lat' dir='ltr'><strong>poterit</strong></span> <span class='ocrx_word' id='word_1_574' title='bbox 1307 4297 1385 4344; x_wconf 91' lang='lat' dir='ltr'><strong>certo</strong></span> 
     </span>
     <span class='ocr_line' id='line_1_51' title="bbox 181 4366 1386 4446; baseline -0.002 -21"><span class='ocrx_word' id='word_1_575' title='bbox 181 4369 263 4442; x_wconf 90' lang='lat' dir='ltr'><strong>sciro,</strong></span> <span class='ocrx_word' id='word_1_576' title='bbox 280 4387 417 4443; x_wconf 89' lang='lat' dir='ltr'><strong>quorsum</strong></span> <span class='ocrx_word' id='word_1_577' title='bbox 427 4367 598 4427; x_wconf 87' lang='lat' dir='ltr'><strong>incliuatura</strong></span> <span class='ocrx_word' id='word_1_578' title='bbox 612 4371 658 4444; x_wconf 88' lang='lat' dir='ltr'><strong>sit,</strong></span> <span class='ocrx_word' id='word_1_579' title='bbox 674 4369 742 4446; x_wconf 90' lang='lat' dir='ltr'><strong>quia</strong></span> <span class='ocrx_word' id='word_1_580' title='bbox 756 4369 797 4426; x_wconf 87' lang='lat' dir='ltr'><strong>rei</strong></span> <span class='ocrx_word' id='word_1_581' title='bbox 812 4383 876 4444; x_wconf 73' lang='lat' dir='ltr'><strong>quse</strong></span> <span class='ocrx_word' id='word_1_582' title='bbox 897 4367 981 4424; x_wconf 88' lang='lat' dir='ltr'><strong>aliter</strong></span> <span class='ocrx_word' id='word_1_583' title='bbox 1006 4387 1036 4426; x_wconf 87' lang='lat' dir='ltr'><strong>se</strong></span> <span class='ocrx_word' id='word_1_584' title='bbox 1059 4368 1164 4424; x_wconf 88' lang='lat' dir='ltr'><strong>habore</strong></span> <span class='ocrx_word' id='word_1_585' title='bbox 1187 4376 1290 4442; x_wconf 85' lang='lat' dir='ltr'><strong>potest,</strong></span> <span class='ocrx_word' id='word_1_586' title='bbox 1306 4366 1386 4422; x_wconf 90' lang='lat' dir='ltr'><strong>nulla</strong></span> 
     </span>
     <span class='ocr_line' id='line_1_52' title="bbox 180 4445 1385 4524; baseline -0.001 -19"><span class='ocrx_word' id='word_1_587' title='bbox 180 4455 259 4505; x_wconf 90' lang='lat' dir='ltr'><strong>corta</strong></span> <span class='ocrx_word' id='word_1_588' title='bbox 272 4455 368 4522; x_wconf 86' lang='lat' dir='ltr'><strong>potest</strong></span> <span class='ocrx_word' id='word_1_589' title='bbox 382 4466 445 4504; x_wconf 91' lang='lat' dir='ltr'><strong>esse</strong></span> <span class='ocrx_word' id='word_1_590' title='bbox 460 4449 594 4524; x_wconf 85' lang='lat' dir='ltr'><strong>cognitio,</strong></span> <span class='ocrx_word' id='word_1_591' title='bbox 610 4459 643 4508; x_wconf 90' lang='lat' dir='ltr'><strong>ut</strong></span> <span class='ocrx_word' id='word_1_592' title='bbox 668 4449 730 4508; x_wconf 84' lang='lat' dir='ltr'><strong>fuse</strong></span> <span class='ocrx_word' id='word_1_593' title='bbox 751 4448 903 4524; x_wconf 86' lang='lat' dir='ltr'><strong>probatum</strong></span> <span class='ocrx_word' id='word_1_594' title='bbox 918 4455 962 4504; x_wconf 88' lang='lat' dir='ltr'><strong>est</strong></span> <span class='ocrx_word' id='word_1_595' title='bbox 977 4447 1009 4504; x_wconf 89' lang='lat' dir='ltr'><strong>P.</strong></span> <span class='ocrx_word' id='word_1_596' title='bbox 1027 4447 1051 4506; x_wconf 93' lang='grc' dir='ltr'><strong>Ι.</strong></span> <span class='ocrx_word' id='word_1_597' title='bbox 1068 4447 1136 4506; x_wconf 90' lang='lat' dir='ltr'><strong>Loc.</strong></span> <span class='ocrx_word' id='word_1_598' title='bbox 1154 4447 1213 4504; x_wconf 88' lang='lat' dir='ltr'><strong>Ill.</strong></span> <span class='ocrx_word' id='word_1_599' title='bbox 1230 4447 1263 4519; x_wconf 87' lang='lat' dir='ltr'><strong>Q.</strong></span> <span class='ocrx_word' id='word_1_600' title='bbox 1275 4445 1336 4502; x_wconf 87' lang='lat' dir='ltr'><strong>xiii.</strong></span> <span class='ocrx_word' id='word_1_601' title='bbox 1349 4445 1385 4504; x_wconf 87' lang='lat' dir='ltr'><strong>de</strong></span> 
     </span>
     <span class='ocr_line' id='line_1_53' title="bbox 182 4525 595 4599; baseline 0.007 -15"><span class='ocrx_word' id='word_1_602' title='bbox 182 4527 312 4584; x_wconf 85' lang='lat' dir='ltr'><strong>Scientia</strong></span> <span class='ocrx_word' id='word_1_603' title='bbox 327 4525 429 4599; x_wconf 89' lang='lat' dir='ltr'><strong>media,</strong></span> <span class='ocrx_word' id='word_1_604' title='bbox 446 4527 532 4585; x_wconf 86' lang='lat' dir='ltr'><strong>Thes.</strong></span> <span class='ocrx_word' id='word_1_605' title='bbox 550 4531 595 4587; x_wconf 89' lang='grc'>12.</span> 
     </span>
    </p>

    <p class='ocr_par' dir='ltr' id='par_1_6' title="bbox 220 4603 1386 4683">
     <span class='ocr_line' id='line_1_54' title="bbox 220 4603 1386 4683; baseline -0.001 -20"><span class='ocrx_word' id='word_1_606' title='bbox 220 4605 315 4664; x_wconf 88' lang='lat' dir='ltr'><strong>XXI.</strong></span> <span class='ocrx_word' id='word_1_607' title='bbox 339 4609 366 4664; x_wconf 88' lang='lat'><strong>4.</strong></span> <span class='ocrx_word' id='word_1_608' title='bbox 385 4605 432 4663; x_wconf 85' lang='lat' dir='ltr'><strong>Sic</strong></span> <span class='ocrx_word' id='word_1_609' title='bbox 447 4607 632 4666; x_wconf 83' lang='lat' dir='ltr'><strong>confunditur</strong></span> <span class='ocrx_word' id='word_1_610' title='bbox 643 4607 737 4683; x_wconf 83' lang='lat' dir='ltr'><strong>gratia</strong></span> <span class='ocrx_word' id='word_1_611' title='bbox 749 4605 856 4664; x_wconf 86' lang='lat' dir='ltr'><strong>Adami</strong></span> <span class='ocrx_word' id='word_1_612' title='bbox 866 4625 929 4665; x_wconf 89' lang='lat' dir='ltr'><strong>cnm</strong></span> <span class='ocrx_word' id='word_1_613' title='bbox 942 4607 1036 4682; x_wconf 87' lang='lat' dir='ltr'><strong>gratia</strong></span> <span class='ocrx_word' id='word_1_614' title='bbox 1047 4605 1161 4665; x_wconf 87' lang='lat' dir='ltr'><strong>Christi.</strong></span> <span class='ocrx_word' id='word_1_615' title='bbox 1184 4605 1259 4663; x_wconf 91' lang='lat' dir='ltr'><strong>Nam</strong></span> <span class='ocrx_word' id='word_1_616' title='bbox 1270 4603 1386 4662; x_wconf 85' lang='lat' dir='ltr'><strong>Adamo</strong></span> 
     </span>
    </p>
   </div>
   <div class='ocr_carea' id='block_1_3' title="bbox 0 0 1598 5210">
    <p class='ocr_par' dir='ltr' id='par_1_7' title="bbox 0 0 1598 5210">
     <span class='ocr_line' id='line_1_55' title="bbox 0 0 1598 5210; baseline 0 0"><span class='ocrx_word' id='word_1_617' title='bbox 0 0 1598 5210; x_wconf 95' lang='lat' dir='ltr'><strong> </strong></span> 
     </span>
    </p>
   </div>
  </div>
 </body>
</html>
