3108 5198
243 387 281 446 58
694 403 786 445 noers
800 401 980 444 uunnorurs.
1270 379 1400 461 [eumer.
1417 401 1450 442 x.

243 543 331 604 debet
344 561 429 602 usum
442 542 614 621 legitimum,
635 545 660 603 si
674 543 741 603 talis
755 542 860 622 aliquis
874 543 959 602 detur
972 561 1009 600 ex
1021 539 1075 599 Dei
1090 539 1232 616 instituto,
1247 539 1326 618 quod
1340 559 1450 619 suppo-

243 632 317 683 nunt
331 623 510 698 Adversarii,
527 624 588 682 Nos
605 643 754 701 negamus.
796 629 824 682 2.
847 623 951 700 Excip.
966 621 1075 680 cultum
1090 620 1183 679 solum
1197 619 1291 679 faeere
1305 621 1452 697 imagines

242 703 368 778 illicitas,
384 721 472 778 aquo
484 703 641 762 Lutherani
655 704 825 781 profitentur
838 722 869 762 se
883 703 1046 761 abhorrere.
1078 701 1115 758 R.
1130 699 1214 759 Licet
1227 719 1364 777 expresse
1387 719 1451 760 non

243 783 375 842 colantur
388 782 425 840 ab
440 783 519 859 ipsis,
534 791 568 841 ut
581 783 775 859 aPontificiis,
785 779 1000 862 procumbendo
1014 780 1045 838 ln
1058 797 1162 857 genua,
1178 788 1208 839 et
1221 781 1289 839 thus
1304 779 1361 838 illis
1375 780 1450 839 ado-

243 861 339 937 lendo,
355 862 404 920 vel
423 881 523 939 preces
544 861 700 938 fundendo,
724 882 784 921 non
807 869 929 940 possunt
948 869 1044 919 tamen
1066 860 1124 918 dici
1144 860 1286 918 immunes
1308 859 1346 918 eb
1367 861 1451 918 omni

244 941 333 1016 cultu,
351 942 375 999 si
389 959 448 1000 non
463 941 581 1018 ditecto,
597 943 700 1002 saltem
720 941 862 1001 indirecto
881 949 911 1000 et
928 940 1108 1018 participato,
1131 939 1200 1016 quis
1219 937 1396 1016 pertendunt
1412 956 1450 998 se

243 1041 295 1099 per
307 1021 453 1097 Imagines
467 1029 497 1080 et
510 1020 548 1079 ad
561 1039 659 1080 eanrm
673 1023 809 1082 intuitum
820 1021 969 1098 concipere
984 1027 1098 1078 sanctas
1112 1018 1148 1077 de
1164 1019 1227 1078 Deo
1241 1027 1271 1078 et
1284 1018 1321 1077 de
1330 1019 1450 1078 Christo

244 1100 442 1177 cogitationes,
465 1119 530 1178 que
550 1120 609 1159 non
622 1113 745 1194 possunt
758 1121 816 1160 non
833 1100 870 1159 ad
884 1101 993 1160 cultum
1008 1099 1064 1157 Dei
1078 1098 1229 1176 pertinere,
1249 1105 1281 1157 ut
1294 1099 1337 1157 ita
1350 1098 1450 1157 Deum

243 1199 346 1239 revera
359 1180 456 1238 colant
475 1199 527 1258 per
541 1179 698 1258 Imagines.
721 1180 834 1240 Deinde
855 1181 881 1239 si
894 1199 953 1238 non
966 1179 1101 1238 coluntur
1114 1178 1151 1237 ab
1164 1177 1244 1255 ipsis,
1265 1187 1389 1255 possunt
1409 1179 1450 1237 ah

244 1259 309 1318 aIIIs
332 1260 396 1334 coli,
419 1267 490 1338 puta
505 1259 674 1336 Pontificiis,
690 1261 715 1319 si
733 1259 932 1338 ingrediantur
953 1259 984 1317 in
997 1258 1119 1335 Templa
1139 1257 1275 1334 ipsorum,
1297 1263 1384 1333 atque
1405 1257 1451 1316 ita

244 1359 342 1398 carum
356 1358 442 1398 usum
455 1339 486 1397 in
499 1339 628 1417 Templis
646 1340 780 1400 illicitum
800 1339 928 1414 reddere,
945 1337 1109 1415 expositum
1123 1335 1293 1396 idololatriae
1306 1337 1447 1414 periculo,

244 1439 302 1496 quo
318 1418 483 1477 Idololatrae
497 1418 527 1476 iu
542 1438 636 1478 errore
658 1439 710 1478 suo
724 1419 929 1478 confirmantur
942 1427 972 1478 et
985 1417 1128 1476 innumeri
1141 1435 1201 1475 non
1213 1417 1300 1475 modo
1314 1415 1448 1476 infideles

244 1498 266 1557 J
268 1498 343 1556 udaei
358 1507 387 1558 et
401 1497 617 1574 Mahumedani,
634 1499 685 1558 sed
698 1497 799 1559 fideles
813 1498 969 1558 Christiani
983 1496 1177 1556 offenduntur.

284 1577 376 1636 VIII.
398 1576 465 1636 Non
478 1585 573 1655 potest
587 1597 656 1656 ergo
671 1579 743 1638 vitio
756 1579 832 1638 verti
846 1577 1008 1654 Majoribus
1021 1577 1136 1651 nostris,
1152 1572 1231 1652 quod
1244 1581 1372 1652 tempore
1387 1573 1448 1634 Re-

244 1657 432 1732 formationis,
448 1657 595 1734 Imagines
616 1677 716 1718 ornnes
737 1677 774 1716 ex
795 1659 867 1716 locis
888 1657 977 1716 sacris
997 1656 1141 1716 removeri
1154 1655 1335 1730 curaverint;
1365 1655 1449 1714 Nihil

244 1737 321 1796 enim
344 1737 393 1795 hic
416 1736 533 1813 lactum,
557 1737 674 1814 quoda
697 1739 761 1798 Deo
785 1757 843 1796 non
868 1737 906 1796 sit
929 1737 1136 1814 prescriptum,
1160 1735 1246 1793 Num.
1269 1734 1375 1794 xxxiii.
1395 1737 1445 1810 52,

245 1815 364 1876 Deuter.
379 1816 429 1875 vii.
444 1819 472 1892 5,
494 1817 579 1876 Erec.
602 1837 653 1876 xx.
674 1821 701 1894 t,
725 1826 755 1877 et
775 1817 917 1894 exemplis
933 1816 1022 1874 variis
1046 1815 1160 1892 Regum
1183 1823 1212 1874 et
1226 1813 1446 1899 ¹Imperatorum

244 1895 453 1972 confirmatum,
468 1896 518 1974 qui
532 1897 562 1956 in
576 1895 758 1957 destruendis
773 1897 874 1972 IdoIIs,
889 1905 919 1955 et
938 1895 976 1954 ab
997 1895 1076 1954 omni
1095 1893 1266 1953 idololatris
1284 1893 1382 1970 speeie
1402 1913 1447 1952 re-

243 1976 404 2054 purgandis
416 1975 489 2035 loeis
510 1977 599 2036 sacrIs
619 1997 736 2055 operam
758 1976 888 2036 sedulam
901 1982 1068 2054 posuerant,
1088 1983 1121 2033 ut
1134 1973 1242 2033 facttum
1255 1973 1294 2030 ab
1309 1971 1445 2050 Ezechias,

246 2059 264 2090 “
278 2057 329 2132 qui
343 2055 453 2114 amovit
467 2055 591 2130 excelsa,
607 2056 751 2134 fregitque
766 2065 884 2132 statuas,
900 2065 930 2114 et
950 2055 1060 2114 excidit
1079 2053 1185 2127 lucum,
1208 2051 1340 2112 contudit
1358 2053 1447 2112 etiam

245 2143 407 2212 serpentem
422 2153 541 2209 aeneum,
554 2153 641 2211 quem
654 2135 761 2194 fecerat
772 2135 879 2210 Moses,
890 2155 925 2194 eo
939 2133 1018 2212 quod
1031 2153 1123 2210 usqne
1137 2133 1175 2191 ad
1185 2132 1247 2191 dies
1260 2132 1328 2190 illos
1339 2132 1446 2192 Israel-

244 2213 293 2272 itae
307 2213 456 2271 adolerent
470 2213 525 2287 ei,”
541 2217 559 2271 2
576 2215 650 2291 Reg.
664 2214 748 2273 xviii.
762 2219 791 2290 4,
807 2223 836 2274 et
849 2233 868 2272 a
880 2215 970 2273 variis
992 2212 1226 2291 Imperatorihus,
1241 2211 1293 2289 qui
1312 2211 1381 2270 ideo
1394 2231 1446 2272 no-

245 2312 312 2350 men
327 2292 572 2351 Icouoolastarum
587 2293 782 2352 obtinuerunt

548 2372 608 2430 IX.
630 2369 714 2432 Licet
729 2373 810 2432 Deus
830 2373 885 2432 sub
898 2371 1007 2432 visibili
1022 2371 1114 2432 Iorma
1134 2369 1289 2448 aliquando
1306 2391 1447 2448 apparue-

401 2451 415 2480 ⁰
426 2449 452 2480 '¹‘
506 2451 552 2527 rit,
569 2459 598 2510 et
612 2452 666 2511 sub
680 2453 733 2511 tali
746 2453 841 2530 specie
852 2452 936 2511 nobis
950 2453 1129 2511 describatur
1142 2450 1173 2509 iu
1190 2449 1345 2528 Scriptura,
1357 2470 1446 2529 quum

505 2531 642 2605 membra,
658 2541 687 2591 et
700 2533 828 2592 actiones
848 2551 992 2610 corporee
1006 2531 1049 2590 illi
1063 2531 1247 2590 tribuuntur:
1268 2530 1336 2589 Non
1351 2531 1447 2608 sequi·

244 2617 293 2670 tur
305 2609 392 2668 licere
407 2627 472 2667 eum
486 2608 517 2667 in
532 2611 664 2688 Imagine
677 2619 890 2690 representare.
914 2616 940 2671 1.
956 2611 1030 2686 Quia
1043 2611 1120 2670 idem
1136 2611 1225 2685 Deus,
1240 2610 1290 2687 qui
1304 2610 1346 2669 ita
1359 2630 1447 2688 appa-

244 2690 311 2765 ruit,
327 2707 426 2748 severe
440 2696 537 2748 tamen
550 2691 704 2767 prohibuit,
721 2711 757 2750 ne
770 2691 860 2751 ullam
882 2691 926 2751 sui
945 2691 1101 2768 imaginem
1116 2689 1259 2748 Israelita
1272 2689 1448 2749 fabricaren-

243 2777 292 2829 tur
292 2769 426 2926 gzpotuit
435 2767 545 2828 scilicet
559 2770 640 2829 Deus
654 2771 709 2830 sibi
723 2771 817 2830 faeere
831 2789 1000 2846 sermonem,
1013 2789 1133 2848 corpora
1146 2777 1176 2828 et
1189 2768 1330 2847 symbola,
1340 2770 1448 2846 quibus

245 2849 291 2908 sin
344 2866 422 2906 erem
446 2867 528 2907 suam
554 2851 736 2926 praesentiam
764 2859 936 2927 testaretur;
972 2869 1030 2909 non
1058 2859 1154 2909 mmen
1181 2857 1333 2926 propterea
1360 2850 1448 2910 homo

243 2937 340 3007 potest
354 2927 418 2987 Deo
432 2927 526 2988 lacere
543 2929 700 3006 imaginem
721 2940 751 2991 et
764 2939 897 3007 statuam,
913 2930 943 2988 in
964 2948 1022 3008 qua
1045 2947 1076 2988 se
1097 2929 1208 2988 homini
1227 2927 1376 2988 exhibeat.
1417 2934 1446 2988 2.

247 3009 364 3086 Species
378 3008 436 3067 ille
450 3027 594 3086 corporee
607 3009 638 3068 in
652 3011 764 3070 visione
778 3019 891 3071 tantum
904 3010 1021 3069 fluerunt
1034 3008 1181 3084 exhibitae,
1196 3026 1261 3086 quae
1275 3027 1334 3066 non
1349 3027 1446 3068 essen-

244 3089 314 3150 tiam
340 3087 404 3164 Dei,
429 3088 481 3147 sed
501 3107 590 3166 opera
611 3097 817 3168 externamque
837 3089 959 3168 gloriam
977 3089 1159 3166 aliquatenus
1179 3087 1395 3164 adumbrarem,
1416 3097 1445 3148 et

244 3168 362 3246 quidem
384 3167 619 3228 extraordinarie
646 3189 705 3228 non
732 3170 892 3244 ordinarie,
921 3169 1093 3246 temporales
1119 3185 1179 3227 non
1205 3176 1362 3245 perpetue,
1388 3188 1445 3228 non

147 3269 149 3276 ·
243 3249 339 3325 palam
362 3247 495 3306 omnibus
516 3249 678 3325 propositae,
694 3248 746 3308 sed
767 3249 835 3308 huic
856 3249 905 3307 vel
927 3247 978 3324 illi,
994 3247 1119 3306 maxime
1140 3247 1171 3306 in
1192 3247 1302 3324 spiritu,
1321 3247 1444 3324 oblatam

244 3326 318 3383 nihil
331 3345 401 3401 ergo
415 3345 482 3385 cum
496 3326 678 3402 Imaginibus
696 3347 847 3386 commune
863 3328 980 3386 habent.
1023 3331 1050 3387 3.
1073 3326 1165 3386 Aliud
1185 3335 1230 3386 est
1250 3327 1445 3403 metaphorice

243 3403 324 3481 loqui
346 3403 383 3462 de
398 3404 461 3462 Deo
482 3403 520 3462 ad
540 3413 641 3481 captus
661 3407 753 3465 nostri
772 3406 941 3482 modulum;
970 3405 1063 3466 Aliud
1076 3408 1201 3484 speeiem
1214 3405 1285 3484 ejus
1298 3406 1444 3467 visibilem

244 3483 328 3561 quasi
342 3501 441 3541 veram
455 3490 485 3541 et
497 3485 642 3561 propriam
655 3485 774 3563 fingere,
790 3493 820 3544 et
833 3486 960 3544 omnium
975 3486 1067 3546 oeulis
1080 3486 1195 3564 publice
1210 3485 1363 3564 subjicere.

285 3562 329 3622 X.
351 3563 417 3621 Non
430 3561 612 3622 interdicitur
624 3565 756 3624 absolute
769 3564 880 3625 factura
901 3566 1075 3643 Imaginem,
1091 3565 1142 3624 sed
1159 3585 1224 3624 cum
1239 3565 1356 3643 gemina
1369 3565 1444 3624 limi·

243 3641 361 3718 tatione,
376 3661 413 3700 ne
434 3641 506 3700 fiant
526 3643 673 3720 Imagines
694 3643 731 3702 ed
753 3645 847 3704 Deum
867 3645 1139 3723 repraesentandum,
1164 3643 1250 3704 Deut
1270 3645 1311 3704 iv.
1329 3647 1376 3722 16,
1392 3667 1445 3705 nec

244 3721 436 3781 adhibeantur
449 3721 486 3779 ad
500 3722 610 3780 cultum
630 3723 703 3801 ejus.
746 3725 826 3802 Ergo
840 3724 933 3784 facere
947 3725 1098 3803 imagines,
1114 3733 1143 3784 et
1157 3743 1206 3784 eas
1221 3725 1324 3801 colere,
1339 3745 1400 3785 non
1414 3745 1445 3787 se

243 3802 352 3861 habent
365 3801 396 3859 in
409 3799 546 3860 mandato
560 3802 687 3861 secundo
700 3811 812 3863 tautum
828 3813 860 3863 ut
873 3803 999 3864 medium
1014 3812 1044 3863 et
1057 3803 1131 3878 finis,
1156 3804 1209 3862 sed
1221 3812 1254 3863 ut
1267 3803 1333 3862 dure
1347 3813 1445 3882 partes

242 3879 389 3942 interdicti
402 3880 514 3941 diuini:
530 3881 591 3940 Nec
599 3883 676 3940 enim
690 3891 826 3942 vetantur
835 3892 947 3943 tautum
961 3883 1102 3960 imagines
1113 3883 1144 3941 ia
1157 3891 1297 3960 quantum
1310 3893 1380 3944 sunt
1394 3885 1443 3944 ob·

240 3963 351 4039 jectum
364 3961 412 4019 vel
426 3959 553 4020 medium
567 3961 671 4038 cultus,
682 3962 734 4022 sed
744 3964 775 4021 in
785 3971 924 4040 quantum
938 3962 1012 4022 firmt
1023 3961 1192 4040 simpliciter
1204 3962 1355 4040 religIonis
1364 3983 1443 4043 ergo,

242 4041 291 4098 vel
305 4040 336 4097 in
349 4039 421 4100 locis
435 4040 524 4100 sacris
538 4041 723 4102 collocantur.

283 4117 344 4176 XI.
366 4117 416 4176 Ab
429 4121 558 4196 Imapins
576 4123 691 4180 mentali
711 4122 749 4181 ad
762 4121 918 4198 Imaginem
938 4125 999 4181 ancl
1018 4131 1075 4182 tam
1093 4125 1138 4181 ael
1151 4121 1261 4198 pictava
1280 4139 1341 4181 non
1365 4123 1445 4182 valet

242 4198 455 4274 consequentia,
471 4200 539 4276 quie
558 4200 610 4259 illa
630 4209 674 4260 est
693 4201 884 4278 necessitatis,
907 4201 982 4279 siqui
1003 4221 1050 4260 em
1066 4201 1232 4278 conspicere
1245 4221 1305 4260 non
1324 4219 1444 4278 possum

241 4297 302 4338 rem
316 4276 406 4336 ullam
421 4276 483 4336 sine
496 4277 593 4356 aliqua
604 4281 699 4357 specie
713 4282 777 4358 ejus
791 4280 920 4341 antidea
933 4282 963 4338 in
977 4281 1074 4340 auimo
1088 4280 1190 4340 efficta.
1222 4280 1266 4340 At
1279 4279 1378 4359 imago
1388 4283 1445 4342 ista

241 4358 396 4435 conjuncta
410 4375 522 4434 semper
535 4367 580 4417 eat
592 4379 658 4418 cum
673 4360 776 4437 spiritu
789 4359 980 4436 discretionis,
992 4379 1050 4438 quo
1060 4379 1161 4419 rerum
1175 4379 1195 4418 a
1207 4359 1280 4419 falso
1294 4361 1337 4419 ita
1350 4379 1444 4420 secer-

241 4439 346 4514 nimus,
361 4443 394 4495 ut
407 4437 519 4496 nullum
534 4437 752 4498 sitidololatn'ae
765 4437 934 4518 periculum.
978 4438 1037 4498 Sed
1057 4439 1114 4499 ista
1133 4438 1206 4499 meri
1222 4439 1334 4499 arbitrii
1348 4449 1379 4499 et
1392 4459 1443 4499 vo·

240 4517 361 4576 luntatis
375 4535 456 4594 opus,
471 4517 550 4595 quod
569 4538 588 4577 a
609 4519 672 4578 Deo
686 4537 822 4596 expresse
842 4527 887 4578 est
907 4518 1092 4597 prohibitum,
1107 4527 1138 4578 et
1155 4517 1235 4595 quod
1247 4537 1356 4596 magno
1377 4537 1444 4579 cum

239 4595 411 4655 idololatriae
420 4598 548 4674 periculo
558 4616 671 4674 semper
678 4607 722 4657 est
728 4599 923 4676 conjunctum.
946 4597 1032 4657 Unde
1042 4617 1191 4676 perperam
1203 4617 1261 4658 uon
1271 4597 1368 4658 minus
1376 4619 1443 4677 pee-

241 4683 336 4734 catum
351 4675 457 4736 dicitur
470 4676 618 4754 Imagines
638 4686 780 4737 certarum
800 4695 895 4738 rerum
909 4677 1000 4737 menti
1014 4676 1148 4756 objicere,
1163 4677 1213 4736 rel
1234 4678 1351 4756 scriptis
1364 4697 1442 4738 ccm-
