3186 5210
119 389 233 436 curaer.
249 375 312 445 ιιι]
553 387 591 426 on
607 387 780 428 vocsrroau
794 387 830 426 nr
846 389 923 432 rior.
1272 377 1327 435 521

115 531 188 606 quia
202 530 282 586 enim
297 527 477 584 soliditatem
492 528 625 584 habetet
649 525 829 601 profundam
851 531 1064 588 radicationem
1086 533 1118 589 in
1141 534 1239 602 corde,
1257 532 1332 590 Ideo

117 614 256 667 constans
273 615 317 664 est
337 613 367 664 et
387 612 531 680 perpetuo
552 607 650 662 durat.
667 635 670 653 v
694 606 738 663 Ut
758 625 796 662 ex
815 607 938 666 levitate
960 611 1057 666 oritur
1076 612 1216 680 labilitas
1232 612 1276 668 ita
1296 631 1333 668 ex

117 687 268 746 soliditate
283 684 438 742 stabilitas.
481 682 566 740 Licet
579 684 659 740 enim
674 685 791 758 proprie
806 686 923 743 duratio
938 707 999 744 non
1010 689 1174 746 constituat
1185 690 1227 745 rei
1237 705 1334 746 essen-

117 766 202 833 tiam,
212 771 312 821 tumen
326 781 393 820 eam
407 762 451 818 ita
465 761 608 835 sequitur,
622 769 655 817 ut
669 781 706 818 ex
721 781 756 820 ea
771 764 808 819 de
823 765 1004 823 veritatemi
1014 767 1165 840 judicium
1179 769 1253 824 bone
1268 768 1332 823 fieri

119 843 214 919 possit
226 859 245 898 a
258 840 413 915 posteriori
425 859 433 908 ;
455 840 574 898 duratio
588 847 634 896 est
647 840 740 896 index
755 841 897 913 veritatis,
914 851 949 901 ut
962 846 1072 902 veritas
1089 852 1133 902 ost
1152 845 1332 921 principium

122 919 297 978 durationis,

162 998 261 1056 XIII.
283 997 371 1054 Nihil
385 997 422 1053 de
438 995 638 1070 Temporariis
652 998 772 1068 dieitur,
789 997 898 1057 Mattb.
914 1001 988 1072 xiii,
1004 1004 1083 1076 quod
1099 1009 1207 1076 arguat
1227 1021 1332 1060 eorum

119 1079 210 1134 fidem
221 1077 315 1151 specie
327 1073 483 1132 convenire
495 1092 563 1132 cum
572 1078 630 1134 fide
637 1076 828 1150 justificante,
841 1084 870 1133 et
881 1079 980 1136 solum
991 1083 1088 1154 gradu
1099 1081 1226 1138 differre.
1259 1081 1290 1137 N
1293 1101 1332 1138 on

119 1157 202 1230 quod
216 1155 338 1212 audiant
353 1151 484 1223 Verbum,
497 1164 524 1210 et
537 1153 611 1210 illud
624 1155 721 1211 stat-im
736 1156 877 1231 recipiant
891 1178 951 1214 cant
966 1159 1083 1233 quadie.
1115 1159 1195 1226 Quia
1206 1160 1334 1234 receptio

120 1235 175 1291 illa
189 1240 233 1290 εει
246 1233 277 1289 in
292 1239 399 1302 mente,
414 1250 474 1307 nou
489 1232 520 1288 in
535 1235 631 1302 corde,
644 1241 678 1290 ut
691 1251 790 1290 semen
805 1236 913 1292 cadens
928 1237 959 1292 in
974 1238 1040 1295 loca
1054 1244 1180 1312 petrosa,
1192 1238 1334 1312 recipitur

120 1313 242 1386 quidem
257 1313 288 1368 in
301 1317 435 1369 extrema
448 1311 601 1384 superficie
617 1319 711 1381 terrae,
727 1313 852 1370 sednon
877 1314 1004 1372 ulterius
1017 1323 1158 1389 penetrat.
1201 1315 1241 1373 Et
1261 1335 1335 1390 gau-

121 1391 206 1447 dium
220 1409 288 1447 cum
302 1407 362 1464 quo
376 1389 530 1462 excipitur,
545 1407 606 1446 non
620 1397 665 1446 cst
678 1391 806 1447 solidum
820 1399 850 1447 et
863 1409 975 1462 verum,
986 1395 1067 1468 quod
1083 1394 1199 1450 oriatur
1209 1413 1246 1450 ex
1256 1396 1334 1452 fidu-

122 1469 192 1526 ciali
207 1487 294 1525 sensu
307 1467 412 1541 gratiae
428 1466 493 1536 Dei,
509 1469 560 1523 sed
574 1485 612 1524 ex
622 1469 710 1524 rebus
723 1470 851 1539 caducis,
866 1471 1008 1528 doctrinae
1023 1471 1135 1528 scilicet
1149 1473 1290 1542 novitate,
1302 1480 1333 1530 et

117 1547 320 1622 jucunditate,
334 1545 383 1600 vel
397 1544 487 1601 etiam
502 1547 727 1603 commodorum
741 1555 925 1604 terrenorum
945 1568 1005 1623 spe.
1046 1548 1075 1606 N
1080 1568 1118 1605 on
1139 1551 1220 1622 qnod
1240 1540 1334 1608 semen

120 1625 272 1702 permittet,
287 1624 356 1680 licet
370 1641 430 1678 non
445 1631 631 1681 maturescat.
674 1624 755 1691 Quia
768 1625 945 1698 germinatio
960 1629 1014 1684 illa
1027 1627 1227 1702 superficialis,
1243 1635 1277 1685 ut
1301 1630 1335 1684 fit

124 1707 156 1762 in
172 1704 290 1760 diversa
304 1701 399 1776 specie
413 1707 508 1771 terra,
525 1701 568 1758 ita
589 1703 720 1776 specifice
734 1704 852 1760 differre
866 1705 955 1762 debet
968 1707 1006 1762 ab
1019 1705 1126 1762 intima
1139 1712 1169 1762 et
1178 1723 1255 1776 vera,
1268 1726 1334 1780 quae

125 1783 241 1840 fructus
254 1783 350 1837 bonos
365 1777 484 1853 profert.
526 1779 557 1836 N
560 1799 597 1836 on
613 1783 693 1855 quod
709 1783 783 1837 bona
795 1783 930 1857 quaedam
945 1785 1166 1859 opero-fociant,
1179 1791 1213 1841 ut
1226 1786 1335 1843 dicitur

126 1863 164 1918 de
181 1859 322 1917 Israiilitis
336 1858 417 1932 quod
432 1864 568 1931 quaerant
583 1857 680 1914 Deum
696 1867 726 1916 et
739 1861 925 1918 delectentur
945 1863 1113 1935 cognitione
1128 1863 1244 1920 viarum
1260 1863 1335 1938 ejus,

128 1940 188 1997 Isa.
203 1938 276 1994 lviii.
292 1938 319 2005 2,
329 1945 359 1992 et
373 1938 410 1992 de
425 1935 541 1993 Iudaeis
554 1936 606 2010 qui
620 1937 795 1996 exultabant
808 1941 846 1995 ad
861 1940 958 1997 lucem
973 1941 993 1997 J
998 1941 1044 1997 ob.
1057 1940 1210 2015 Baptistae,
1222 1941 1243 1998 J
1246 1943 1293 1998 oh.
1306 1961 1335 1998 v.

125 2017 174 2087 35,
200 2023 229 2074 et
250 2017 287 2072 de
302 2015 434 2083 Herode,
458 2015 539 2088 quod
562 2014 615 2070 illo
629 2016 733 2072 audito
754 2018 849 2073 nrnlta
862 2018 981 2088 faceret,
1001 2019 1094 2076 Marc.
1111 2019 1148 2075 vi.
1164 2017 1211 2075 20.
1255 2019 1336 2087 Quia

126 2098 185 2155 ista
198 2114 256 2152 non
273 2093 333 2151 alia
346 2101 416 2149 sunt
429 2111 519 2166 quam
534 2093 614 2149 bona
627 2111 717 2167 opera
730 2101 853 2152 externa
867 2099 966 2170 quoad
978 2097 1176 2154 substantiam
1190 2098 1295 2170 operis,
1307 2107 1337 2155 et

127 2178 314 2232 honestatem
327 2173 482 2240 moralem,
497 2172 547 2227 sed
563 2189 624 2226 non
639 2190 706 2228 vere
721 2172 802 2243 talia,
816 2177 915 2247 quoad
930 2175 972 2232 rei
986 2175 1151 2244 veritatem,
1166 2180 1196 2230 et
1212 2177 1336 2232 modurn

127 2253 292 2311 secundum
307 2268 396 2324 quem
411 2250 521 2308 debent
533 2249 605 2306 fieri.

85 2400 87 2404 ι
168 2329 261 2388 XIV.
284 2327 381 2385 Locus
395 2327 472 2386 Heb.
488 2327 526 2384 vi.
538 2329 566 2396 4,
578 2327 606 2398 5,
618 2329 646 2399 6,
658 2347 718 2386 non
733 2329 841 2386 evincit
856 2331 1018 2406 Apostatas
1029 2333 1120 2390 fuisse
1129 2351 1214 2390 veros
1224 2333 1335 2402 fideles,

127 2419 158 2469 et
177 2409 267 2464 fidem
281 2423 384 2462 eorum
404 2408 529 2464 eandem
549 2405 639 2464 fuisse
661 2408 755 2481 specie
769 2427 837 2465 cum
855 2410 1047 2483 justificante.
1091 2411 1116 2469 1.
1134 2410 1214 2477 Quia
1229 2409 1335 2486 Apost

128 2483 319 2562 hypothetice
329 2485 472 2559 loquitur,
484 2501 545 2540 non
556 2484 779 2557 absolute,nam
791 2495 817 2541 st
829 2499 1011 2562 augusteam,
1022 2491 1102 2547 idem
1112 2496 1201 2547 est-ac
1212 2489 1237 2544 si
1248 2489 1339 2546 dixis-

129 2573 182 2636 set,
199 2575 235 2619 aa·
247 2571 402 2637 «cartem.
446 2564 496 2620 Ab
516 2563 707 2636 hypothetico
722 2582 792 2622 vero
814 2568 853 2624 cd
867 2568 1040 2625 absolutum
1061 2586 1122 2625 non
1136 2568 1218 2623 valet
1237 2585 1339 2625 conse-

130 2644 263 2721 quentia,
279 2642 334 2700 nisi
349 2643 446 2718 posita
455 2641 634 2698 conditione.
656 2641 722 2699 Nec
733 2652 889 2720 propterea
899 2645 1011 2704 frustra
1019 2646 1151 2702 minatur
1163 2645 1338 2718 Apostolus,

129 2723 202 2800 quia
215 2741 267 2796 per
282 2722 356 2778 tales
370 2719 614 2777 comminationes
625 2721 840 2780 conditionales
851 2722 934 2781 Deus
946 2723 1035 2781 officit
1049 2724 1079 2780 in
1094 2723 1204 2780 renatis
1219 2741 1256 2778 ne
1270 2741 1338 2797 pro-

127 2803 280 2870 labantur,
295 2799 487 2857 absterrendo
500 2817 550 2856 eos
564 2816 583 2854 a
601 2797 723 2855 levitate
745 2799 970 2876 Apostatarum,
984 2809 1015 2858 et
1028 2803 1066 2857 ad
1087 2801 1221 2858 studium
1241 2818 1339 2873 perse·
1433 2863 1434 2868 .

129 2879 272 2938 versutiae
287 2877 453 2934 excitando.
486 2875 525 2933 Et
539 2875 609 2932 licet
622 2877 752 2934 conditio
767 2885 882 2954 aparte
897 2877 963 2950 Dei,
978 2886 1008 2936 et
1021 2879 1122 2953 quoad
1136 2883 1286 2948 eventum,
1301 2879 1340 2936 sit

130 2957 331 3032 impossibilis,
341 2975 359 3012 a
370 2961 452 3030 parte
463 2954 593 3010 bominis
605 2953 661 3010 sibi
675 2955 866 3012 relicti'nimis
875 2965 950 3014 esset
958 2957 1115 3032 possibilis.
1145 2957 1172 3012 2.
1187 2954 1339 3030 Quicquid

131 3036 194 3093 istis
209 3035 359 3104 tribuitur,
374 3040 472 3108 potest
485 3033 516 3089 in
531 3050 591 3088 non
606 3039 724 3090 renatos
739 3042 768 3091 et
782 3035 922 3108 reprobos
936 3038 1048 3104 cadere,
1063 3035 1116 3109 qui
1135 3041 1261 3107 possunt
1267 3035 1340 3110 fieri

125 3114 284 3194 participes
301 3113 424 3188 Spiritus
437 3113 478 3181 8.,
490 3111 515 3168 εἰ
529 3128 588 3166 ιιοιι
604 3113 706 3184 quoad
720 3113 800 3170 dona
814 3112 1054 3171 fundamentalia
1067 3121 1097 3168 et
1111 3112 1256 3169 salutaria
1269 3131 1339 3171 con-

130 3194 275 3252 versionis
288 3199 318 3248 et
331 3189 552 3256 consolationis,
567 3195 599 3244 at
612 3191 713 3263 quoad
734 3190 813 3248 dono
834 3192 955 3250 ardictio
975 3189 1204 3247 illuminationis
1225 3197 1255 3246 et
1269 3210 1339 3248 con-

128 3271 330 3342 victionis,vel
339 3270 428 3328 etiam
437 3268 536 3344 quoad
546 3269 623 3324 dono
634 3271 880 3339 ectruordinaria,
889 3271 1074 3339 miraculosa,
1085 3275 1115 3324 et
1123 3266 1337 3328 ministerialia.

131 3352 263 3410 Possunt
276 3348 444 3418 illuminari,
459 3352 489 3404 et
509 3344 709 3420 cognitionem
724 3348 855 3406 veritatis
875 3350 992 3418 babere,
1007 3347 1031 3404 si
1052 3365 1113 3402 uon
1133 3346 1294 3420 practicam
1308 3355 1340 3405 ει

129 3431 344 3498 consolantem,
360 3433 391 3483 at
404 3423 594 3485 theoreticam
610 3431 639 3480 et
653 3433 843 3485 coercentem.
887 3427 1018 3484 Possunt
1029 3436 1149 3502 pastore
1164 3425 1266 3482 bonum
1281 3425 1340 3483 Dei

138 3507 264 3568 Verbum
277 3513 368 3579 gustu
390 3504 501 3564 extimo
524 3508 554 3559 et
575 3501 687 3572 labiali,
701 3505 752 3560 scd
775 3523 833 3562 non
857 3507 962 3564 intimo
986 3497 1016 3561 ει
1037 3503 1166 3562 radicali.
1209 3502 1340 3562 Possunt

126 3599 246 3664 pastore
258 3579 587 3662 Vir-tatcsfuturiaeculi,
595 3597 654 3636 non
665 3589 726 3637 tarn
735 3601 788 3656 per
797 3601 877 3658 spem
888 3593 916 3642 ει
925 3583 1230 3658 gaudium,quaeaunt
1239 3583 1340 3657 primi·
1380 3617 1386 3629 ·

130 3669 179 3724 tiae
193 3665 297 3741 gloria
306 3662 439 3731 coelestis,
454 3677 546 3735 quam
561 3665 697 3732 respectu
711 3660 932 3732 miraculorum,
947 3681 1015 3736 quae
1025 3680 1102 3735 saepe
1111 3661 1231 3717 nomine
1246 3661 1339 3718 virtu·

130 3753 196 3800 turn
206 3743 340 3810 veniunt,
350 3761 416 3814 quoa
427 3740 459 3796 in
472 3735 604 3795 Ecclesia
617 3737 767 3810 primitiva
777 3741 840 3797 fieri
851 3742 996 3809 solebant,
1007 3760 1073 3815 quae
1085 3739 1194 3798 dicitur
1205 3741 1339 3796 seculum

130 3821 277 3890 futurum,
290 3826 327 3876 ut
340 3819 417 3876 Heb.
432 3818 462 3874 ii.
479 3815 505 3886 5,
521 3817 646 3872 mundas
659 3815 794 3891 futurus,
810 3819 881 3893 quia
895 3819 963 3876 talis
977 3827 1041 3875 erat
1061 3825 1193 3890 tempore
1214 3815 1338 3873 Petrum

132 3897 203 3953 Vct.
218 3895 295 3953 Τεει.
311 3896 440 3954 Possunt
450 3905 569 3972 prestare
583 3896 688 3952 donam
702 3895 818 3965 coeleste,
834 3898 933 3972 quoad
954 3895 1207 3970 participationem
1222 3893 1299 3962 fidei,
1314 3893 1338 3949 si

130 3993 192 4031 non
207 3975 353 4042 salvificae,
369 3981 399 4030 at
412 3993 489 4031 verae
503 3974 535 4029 in
556 3991 610 4029 suo
632 3989 748 4045 genere,
764 3981 793 4030 et
815 3993 882 4050 quae
900 3993 960 4030 non
983 3973 1105 4028 aliunde
1119 3989 1210 4044 quarn
1224 3970 1338 4028 coelitus

130 4052 232 4128 potuit
243 4051 352 4108 haberi.
383 4049 409 4106 3.
420 4050 496 4108 Haec
507 4051 604 4125 potius
615 4049 680 4106 istis
692 4051 867 4108 tribuuntur
877 4049 1128 4109 sacramentaliter
1136 4054 1166 4104 et
1176 4047 1337 4105 extrinsece

131 4132 232 4206 quoad
241 4127 374 4186 veritatis
386 4128 605 4202 professionem,
615 4135 646 4184 et
654 4127 801 4203 Baptismi
810 4129 1032 4203 susceptionem,
1045 4143 1135 4199 quam
1146 4123 1339 4198 spiritualiter

128 4218 159 4268 et
174 4210 297 4279 Inteme,
313 4207 412 4282 quoad
427 4208 496 4265 fidei
510 4215 666 4281 astraea-av,
682 4225 748 4281 quae
771 4207 942 4264 Electorum
956 4212 1001 4260 est
1020 4205 1136 4260 donum
1150 4211 1336 4276 aprsaptamr,

126 4288 335 4362 receptionem.

171 4366 242 4424 XV.
266 4364 351 4422 Liect
363 4365 436 4420 fides
447 4363 706 4438 Temporariorum
717 4364 755 4422 sit
763 4383 833 4420 vera
844 4363 874 4418 in
886 4381 940 4419 suo
952 4360 1064 4431 ordine,
1076 4361 1225 4435 quievere
1237 4377 1335 4417 semen

128 4445 240 4520 excipit
254 4462 321 4500 eum
335 4443 455 4516 gaudio,
467 4449 497 4500 et
511 4460 569 4497 non
582 4441 707 4514 fingitur
721 4444 759 4499 ab
773 4441 895 4514 illisqui
910 4441 951 4496 ita
965 4440 1099 4508 credunt,
1111 4439 1162 4514 qui
1177 4456 1236 4494 non
1247 4439 1336 4494 simu-

127 4526 193 4582 lant
216 4529 335 4580 tantum
357 4539 387 4578 se
412 4521 539 4586 credere,
554 4521 605 4574 scd
629 4520 727 4593 reipsa
748 4528 778 4577 et
791 4537 860 4576 vere
873 4519 1008 4586 credunt,
1023 4519 1104 4574 unde
1118 4520 1232 4575 credere
1246 4515 1335 4572 etiarn

128 4605 280 4671 dicuntur,
302 4601 324 4657 J
327 4601 373 4656 oh.
395 4599 425 4654 ii.
447 4597 494 4668 23,
515 4595 588 4653 Luc.
602 4596 663 4654 viii.
691 4596 737 4668 13,
759 4597 831 4654 Non
851 4603 951 4653 tamen
972 4602 1016 4651 est
1035 4613 1106 4653 vera
1126 4603 1156 4652 et
1175 4595 1245 4652 viva
1263 4594 1337 4650 fides

122 4683 301 4758 jrratificans,
327 4694 387 4751 qno
410 4694 499 4732 sensu
521 4675 695 4751 hypocritiae
718 4677 808 4733 etiam
833 4675 949 4745 dicitur,
972 4674 1042 4748 quia
1066 4681 1110 4732 est
1134 4675 1244 4732 aernrrla
1267 4672 1336 4730 fidei
