3146 5210
142 357 256 435 suasu.
272 362 341 445 mn]
499 384 539 424 nn
553 383 669 426 errrore
683 385 802 426 cunrsur
817 385 1009 426 nsnmromo.
1294 370 1352 428 385

143 525 291 585 suffecisse
310 524 348 583 ad
371 525 485 602 plenam
509 525 735 586 satisfactionem
760 546 811 604 pro
836 525 970 585 omnibus
993 523 1101 599 electis,
1124 525 1269 600 quomodo
1294 545 1352 586 nna

144 605 251 664 Adami
263 604 459 664 inobedientia
472 607 578 666 multos
593 606 742 666 constituit
752 607 939 683 peccatores?
954 605 1038 663 Rom.
1053 624 1081 662 v.
1097 605 1200 679 18,19.
1218 605 1351 684 Denique

143 704 218 744 nnus
228 705 280 762 pro
294 685 402 760 multis,
418 686 468 761 qui
482 683 541 744 sint
554 687 683 763 ejusdem
699 685 816 762 ordinis,
829 685 993 744 satisfacere
1008 704 1066 743 non
1079 692 1191 762 potest;
1209 685 1266 743 Sed
1278 686 1351 744 nihil

144 766 248 840 obstat,
273 784 363 842 quum
391 773 459 823 sunt
482 765 599 824 diversi.
643 766 727 826 Unus
752 765 890 824 Rusticus
913 783 973 823 non
996 772 1092 842 potest
1114 763 1277 824 satisfacere
1298 786 1351 843 pro

143 844 243 903 multis
254 844 388 920 rusticis3
413 844 464 903 sed
480 845 618 924 Princeps
631 853 727 922 potest
737 865 790 923 pro
800 845 900 903 multis
918 844 1043 902 rusticis.
1070 843 1101 902 Si
1114 843 1169 902 hoe
1184 845 1263 903 valet
1276 845 1352 904 inter

145 925 306 999 Creaturas,
322 944 387 1001 quae
409 943 508 983 omnes
530 933 598 984 sunt
611 926 700 984 finita
721 934 750 984 et
768 924 913 998 mortales,
936 923 1152 1001 quantomagis
1175 922 1251 983 inter
1265 924 1350 984 Crea-

144 1012 224 1063 turas
239 1011 267 1061 et
282 1004 455 1080 Creatorem,
470 1004 546 1062 inter
559 1025 632 1082 qnos
646 1014 690 1064 est
703 1004 816 1063 infinita
829 1004 989 1063 distantia?

186 1083 316 1159 XXXI,
329 1083 452 1160 Regula,
459 1086 638 1162 quam'ponit
648 1085 793 1159 Ezechiel,
804 1104 828 1142 c.
839 1084 931 1158 xviii,
938 1083 974 1142 de
981 1083 1076 1140 anima
1081 1083 1144 1161 ipsa
1149 1091 1286 1161 peccante
1297 1105 1350 1161 pu-

144 1163 257 1238 nienda,
278 1182 336 1221 non
346 1171 442 1240 potest
456 1163 586 1223 absolute
597 1173 627 1222 et
641 1163 809 1242 simpliciter
819 1163 952 1240 intelligi,
968 1163 1039 1221 alias
1054 1163 1147 1222 omnis
1167 1171 1350 1241 peccatorum

143 1243 296 1321 imputatio
323 1243 452 1301 tollenda
475 1251 559 1319 esset,
576 1264 662 1320 quam
687 1243 835 1322 Scriptura
857 1252 901 1302 tot
924 1242 1065 1320 exemplis
1079 1242 1218 1319 adstruit3
1240 1243 1291 1302 sed
1305 1263 1349 1303 se-

143 1322 268 1381 cundum
292 1321 362 1398 quid
375 1323 406 1379 in
420 1321 469 1380 via
483 1322 626 1382 ordinaris
639 1323 837 1401 previdentia,
853 1343 912 1381 non
926 1322 957 1380 in
970 1323 1019 1380 vis
1033 1323 1261 1381 extraordinaria
1276 1323 1349 1382 Gra·

143 1403 192 1461 tiae
207 1423 214 1478 ;
243 1401 346 1460 Velia
358 1402 476 1480 negotio
490 1403 628 1480 peculiari
642 1403 821 1478 Judaeorum,
833 1423 899 1461 cum
913 1403 1019 1479 quibus
1034 1402 1139 1479 agebat
1154 1402 1305 1479 Dominus,
1317 1412 1351 1462 ut

142 1481 201 1540 illis
219 1481 380 1541 obstrueret
394 1501 435 1557 os,
449 1501 487 1542 ne
501 1490 688 1559 quererentur
702 1503 733 1542 se
747 1482 930 1542 immerentes
944 1501 1044 1559 poenas
1058 1481 1132 1540 ferre
1152 1491 1269 1558 propter
1282 1503 1349 1559 pee-

143 1570 207 1620 cata
220 1568 391 1639 parentum
417 1561 537 1620 sednon
550 1563 580 1620 in
591 1563 736 1622 communi
749 1563 898 1621 hominum
916 1562 1064 1638 regimine,
1081 1561 1111 1618 in
1125 1581 1182 1638 quo
1198 1561 1278 1620 Deus
1292 1571 1350 1620 tes-

144 1649 222 1700 tatur
235 1661 266 1699 se
280 1641 463 1700 visitaturum
474 1642 640 1719 iniquitates
653 1651 767 1720 patrum
781 1643 811 1700 in
825 1642 909 1715 filios,
925 1641 1021 1699 Exod.
1037 1661 1088 1700 xx.
1104 1642 1131 1698 5.

185 1720 332 1778 XXXII.
355 1719 480 1780 Tantum
504 1722 586 1781 abest
604 1731 637 1781 ut
651 1721 782 1781 doctrina
796 1721 1000 1780 satisfactionis
1016 1720 1123 1779 Christi
1142 1720 1180 1778 sit
1193 1719 1349 1797 impictatis

140 1800 239 1876 janna,
258 1807 286 1858 et
301 1801 462 1859 securitatis
479 1821 513 1859 ac
527 1802 712 1879 negligentiae
727 1802 869 1879 pulvinar,
898 1809 931 1859 ut
950 1800 1111 1860 sanctitatis
1130 1799 1167 1858 sit
1186 1799 1348 1858 efficacissi-

143 1899 224 1937 mum
237 1877 371 1955 medium,
387 1887 416 1938 et
430 1900 507 1940 mors
518 1881 608 1958 ipsius
619 1881 737 1959 peceati,
754 1901 839 1959 quem
855 1881 986 1938 Christus
995 1880 1083 1937 finem
1094 1880 1169 1938 inter
1179 1879 1251 1938 alios
1262 1879 1349 1938 etiam

144 1957 201 2016 sibi
220 1960 377 2036 proposuit,
391 1967 424 2018 ut
437 1961 543 2020 mortni
556 1969 674 2039 peccato
689 1962 822 2019 vivamus
843 1960 973 2038 justitiae,
997 1979 1055 2018 non
1070 1959 1193 2036 amplius
1207 1959 1291 2018 nobis
1305 1959 1348 2017 vi·

144 2048 255 2114 ventes,
271 2037 323 2097 sed
336 2038 379 2096 illi
392 2039 443 2116 qui
456 2039 586 2100 mortuns
601 2049 646 2100 est
659 2049 688 2100 et
702 2041 858 2100 suscitatus
871 2060 924 2116 pro
938 2039 1032 2114 nobis,
1046 2049 1079 2098 ut
1093 2039 1180 2098 toties
1193 2040 1249 2098 hoc
1262 2057 1347 2116 urge-

143 2125 190 2176 tur
204 2139 222 2176 a
236 2119 336 2193 Paulo,
361 2119 445 2178 Rom.
457 2120 506 2194 vi,
522 2121 579 2180 Tit.
594 2122 623 2179 ii.
642 2124 687 2196 14,
706 2123 720 2177 l
738 2121 801 2179 Pet.
815 2121 845 2180 ii.
861 2123 909 2179 24.
961 2120 1049 2178 Plura
1062 2119 1130 2178 vide
1146 2118 1228 2198 Disp.
1244 2118 1280 2178 de
1297 2119 1349 2178 Sa·

144 2197 249 2258 tisfact.
264 2199 405 2275 Veritata,
420 2200 535 2259 aParte
549 2201 584 2277 1,
596 2220 688 2278 usque
703 2200 741 2259 ad
756 2200 816 2260 IX.

604 2440 798 2515 QUAESTIO
813 2440 890 2498 XII.

487 2618 526 2658 DE
541 2619 741 2660 praesumens
756 2617 1002 2660 SATISFACTIONIS.

141 2753 188 2812 Aa
208 2754 249 2812 ita
257 2759 387 2831 perficio
399 2759 491 2832 jiaerit
506 2759 613 2818 Chresti
629 2761 790 2835 satisfactio,
802 2770 835 2818 at
847 2762 939 2818 nullus
947 2768 1016 2835 post
1028 2775 1099 2830 eam,
1115 2758 1159 2814 vel
1172 2757 1355 2831 Satiaffactiov

181 2835 259 2893 nibus
272 2837 400 2895 baccanis
410 2839 440 2896 r'a
449 2839 503 2896 hac
512 2839 578 2914 vita,
588 2842 632 2898 cel
641 2839 888 2917 Purqatoriopost
897 2841 970 2898 hanc
979 2839 1074 2910 eitam,
1086 2838 1161 2894 aaa
1172 2855 1229 2895 esse
1235 2839 1349 2914 possit!

183 2913 295 2974 Affirm.
311 2924 411 2975 contra
426 2917 602 2977 Pontificios.

181 3071 206 3131 Ι.
230 3073 271 3133 Ut
292 3076 323 3133 in
341 3075 515 3153 precedenti
530 3077 694 3152 Quartione
718 3097 764 3137 rea
784 3077 869 3136 nobis
883 3077 938 3136 fuit
959 3095 1024 3134 cum
1041 3074 1220 3150 Socinianis;
1250 3074 1298 3133 Ita
1316 3076 1347 3133 in

140 3152 195 3210 hac
219 3155 363 3230 agendum
374 3164 418 3215 est
432 3177 498 3215 curn
513 3157 681 3232 Pontifieiis,
698 3157 748 3235 qui
761 3159 830 3216 lieet
843 3157 984 3216 unitatem
998 3162 1028 3213 et
1041 3153 1246 3232 perfectionem
1260 3155 1345 3213 satis·

140 3231 272 3293 factionis
287 3235 394 3294 Christi
408 3256 457 3295 ore
470 3245 555 3296 tenus
570 3247 708 3312 asserant,
720 3246 750 3296 et
762 3237 898 3314 injuriam
912 3255 1032 3314 gravem
1047 3234 1102 3292 sibi
1112 3233 1174 3291 fieri
1188 3233 1345 3310 clamitent,

139 3331 228 3388 quum
239 3312 309 3390 ipsis
320 3315 463 3392 tribuitur,
471 3315 550 3393 qnod
560 3316 658 3376 dicant
668 3317 800 3376 “Christi
810 3315 1002 3394 passionibus,
1011 3314 1240 3392 quibuspeccata
1249 3323 1348 3373 nostra

139 3393 276 3469 expiavit,
287 3395 397 3472 aliquid
405 3395 538 3471 defuisse,
552 3397 705 3473 quominus
718 3397 804 3475 plena
814 3417 847 3455 ac
856 3395 982 3474 perfecta
996 3414 1059 3453 esse
1073 3394 1165 3471 possit
1175 3394 1239 3471 ejus
1256 3394 1346 3453 Satis-

138 3470 255 3547 factio,”
279 3481 312 3533 ut
325 3475 453 3552 loquitur
467 3476 603 3534 Bellann.
618 3477 669 3535 lib.
684 3477 714 3535 ii.
733 3476 769 3535 de
787 3476 904 3554 Indulg.
920 3495 982 3552 cap.
1001 3478 1046 3550 14,
1062 3475 1157 3550 reipsa
1171 3483 1268 3533 tamen
1282 3495 1345 3533 eam

138 3571 197 3610 non
210 3572 268 3610 uno
278 3555 365 3614 modo
375 3555 550 3615 labefactant
560 3564 590 3615 et
600 3563 741 3631 evertunt,
752 3556 821 3615 dum
830 3563 960 3615 statuunt
971 3573 1034 3614 eam
1042 3554 1271 3632 restringendam
1283 3573 1346 3614 esse

139 3630 177 3689 ad
197 3641 315 3708 peccata
329 3635 587 3714 antebaptismalia,
604 3644 634 3694 et
647 3636 685 3694 ad
698 3645 808 3695 reatum
823 3636 923 3713 culpae,
939 3643 969 3694 et
982 3655 1040 3692 non
1054 3654 1155 3712 poenae,
1171 3634 1219 3693 vel
1234 3634 1271 3692 ad
1285 3655 1345 3713 poe·

139 3731 206 3769 nam
220 3720 364 3789 aeternsnr,
381 3724 410 3774 et
423 3735 482 3774 non
496 3716 691 3794 temporalem,
707 3723 740 3775 ut
757 3716 879 3794 jamjam
893 3714 1013 3774 dicetur.

440 3795 483 3854 ΙΙ,
506 3796 542 3854 In
566 3804 746 3854 antecessum
761 3794 982 3870 observandum,
1004 3795 1237 3870 Sotip‘actioaem,
1259 3794 1346 3852 aliam

169 3847 350 3952 Smilssffiael'
400 3894 462 3934 esse
477 3895 539 3952 qua
553 3878 617 3934 Deo
626 3883 791 3951 praefatur,
812 3875 907 3950 aliam,
923 3895 986 3951 qua
995 3875 1156 3933 hominebus.
1169 3872 1287 3931 Istavel
1302 3880 1346 3931 est

395 3956 521 4030 privata,
537 3975 601 4033 quas
620 3955 786 4030 reparativo
800 3954 912 4030 dicitur,
929 3962 958 4013 et
971 3954 1092 4013 debetur
1105 3951 1245 4028 proximis
1268 3951 1346 4010 laesis

139 4037 169 4088 et
182 4026 318 4103 offensis,
339 4032 388 4090 vel
403 4035 525 4108 publica,
546 4055 610 4112 qnae
634 4035 778 4094 Canonica
798 4041 927 4110 vocatur,
939 4034 1007 4110 qnia
1028 4031 1112 4090 certis
1132 4029 1296 4088 Canonibus
1316 4037 1346 4089 et

138 4108 249 4186 regulis
270 4111 376 4168 veteris
391 4112 528 4172 Ecclesiae
549 4115 757 4188 continebatur,
773 4121 802 4172 et
822 4113 1053 4190 frequentissime
1066 4109 1175 4186 imponi
1189 4109 1301 4167 solebat
1315 4109 1345 4168 in

137 4189 201 4248 foro
223 4197 343 4247 externo
363 4191 400 4248 ad
422 4193 624 4253 correctionem
638 4203 829 4271 peccaterum,
845 4200 874 4252 et
887 4190 1095 4269 raparationem
1109 4187 1246 4246 scandali,
1288 4189 1346 4246 Illa

139 4267 254 4347 proprie
276 4267 381 4328 dicitur
401 4271 437 4329 de
462 4270 543 4352 airgp
566 4273 681 4348 Christi,
705 4293 762 4350 quo
783 4273 833 4330 ille
853 4281 990 4348 tanquam
1015 4269 1142 4345 Sponsor
1169 4277 1268 4326 noster
1293 4287 1344 4344 pro

139 4349 225 4407 nobis
250 4346 405 4426 satisfecit;
449 4351 582 4410 Abusire
602 4373 672 4411 vero
700 4353 835 4411 tribuitur
855 4350 989 4430 operibns
1010 4347 1216 4421 satisfactoriis,
1238 4347 1344 4423 quibus

138 4427 329 4506 propeccatis
350 4429 410 4489 suis
424 4431 472 4489 vel
493 4431 593 4490 alienis
607 4433 738 4491 homines
751 4432 901 4508 finguntur
915 4429 1087 4488 satisfacere.
1130 4426 1188 4484 Hic
1201 4445 1272 4485 vcro
1285 4446 1344 4485 non

138 4509 174 4567 de
196 4507 253 4567 ista
273 4508 379 4585 agitur,
394 4509 446 4568 sed
467 4509 503 4568 dc
523 4511 572 4570 illa
585 4532 650 4588 quaa
663 4511 726 4570 Deo
739 4511 871 4588 praestari
885 4509 979 4584 debet,
995 4507 1032 4566 ad
1046 4504 1269 4565 satisfactionem
1280 4506 1343 4582 jus·

115 4613 119 4624 ·
138 4589 218 4664 titire,
234 4595 264 4646 et
284 4590 478 4667 expiationem
493 4593 611 4666 peceati.
654 4591 720 4650 Non
734 4591 811 4649 enim
825 4590 970 4667 quaeritur,
986 4587 1036 4645 An
1059 4585 1222 4646 Satiafactio
1238 4586 1345 4644 Christi

137 4667 276 4728 excludat
286 4689 387 4730 omnes
401 4669 610 4732 satisfactiones
623 4671 773 4746 humanas,
788 4670 837 4728 vel
850 4669 986 4747 privatas,
1002 4669 1050 4728 vel
1064 4666 1194 4744 publicas
1208 4675 1238 4727 et
1252 4667 1343 4726 Cano·

180 4767 254 4808 raas
269 4767 301 4808 11.
1132 4751 1184 4805 21³
