<?xml version="1.0" encoding="UTF-8"?>
<!DOCTYPE html PUBLIC "-//W3C//DTD XHTML 1.0 Transitional//EN"
    "http://www.w3.org/TR/xhtml1/DTD/xhtml1-transitional.dtd">
<html xmlns="http://www.w3.org/1999/xhtml" xml:lang="en" lang="en">
 <head>
  <title>
</title>
<meta http-equiv="Content-Type" content="text/html;charset=utf-8" />
  <meta name='ocr-system' content='tesseract 3.04.00' />
  <meta name='ocr-capabilities' content='ocr_page ocr_carea ocr_par ocr_line ocrx_word'/>
</head>
<body>
  <div class='ocr_page' id='page_1' title='image "./francisciturret00pictgoog_0331.png"; bbox 0 0 3192 5206; ppageno 0'>
   <div class='ocr_carea' id='block_1_1' title="bbox 250 375 1459 456">
    <p class='ocr_par' dir='ltr' id='par_1_1' title="bbox 250 375 1459 456">
     <span class='ocr_line' id='line_1_1' title="bbox 250 375 1459 456; baseline -0.007 -13"><span class='ocrx_word' id='word_1_1' title='bbox 250 387 309 443; x_wconf 83' lang='lat'>300</span> <span class='ocrx_word' id='word_1_2' title='bbox 682 401 773 442; x_wconf 80' lang='lat' dir='ltr'>nocua</span> <span class='ocrx_word' id='word_1_3' title='bbox 788 399 916 440; x_wconf 80' lang='lat' dir='ltr'>necinus</span> <span class='ocrx_word' id='word_1_4' title='bbox 931 399 1065 439; x_wconf 78' lang='lat' dir='ltr'>erarius.</span> <span class='ocrx_word' id='word_1_5' title='bbox 1271 375 1399 456; x_wconf 76' lang='lat' dir='ltr'>[Quaen.</span> <span class='ocrx_word' id='word_1_6' title='bbox 1416 395 1459 434; x_wconf 91' lang='lat' dir='ltr'>xr.</span> 
     </span>
    </p>
   </div>
   <div class='ocr_carea' id='block_1_2' title="bbox 246 535 1463 1574">
    <p class='ocr_par' dir='ltr' id='par_1_2' title="bbox 246 535 1463 1333">
     <span class='ocr_line' id='line_1_2' title="bbox 250 535 1459 619; baseline -0.006 -19"><span class='ocrx_word' id='word_1_7' title='bbox 250 542 343 600; x_wconf 83' lang='lat' dir='ltr'>Filius</span> <span class='ocrx_word' id='word_1_8' title='bbox 359 541 422 616; x_wconf 89' lang='lat' dir='ltr'>Dei,</span> <span class='ocrx_word' id='word_1_9' title='bbox 438 541 507 619; x_wconf 90' lang='lat' dir='ltr'>quia</span> <span class='ocrx_word' id='word_1_10' title='bbox 521 542 635 619; x_wconf 88' lang='lat' dir='ltr'>genitus</span> <span class='ocrx_word' id='word_1_11' title='bbox 656 563 693 599; x_wconf 89' lang='lat' dir='ltr'>ex</span> <span class='ocrx_word' id='word_1_12' title='bbox 717 541 825 619; x_wconf 83' lang='lat' dir='ltr'>Spiritu</span> <span class='ocrx_word' id='word_1_13' title='bbox 848 541 962 614; x_wconf 91' lang='lat' dir='ltr'>Sancto,</span> <span class='ocrx_word' id='word_1_14' title='bbox 982 539 1057 613; x_wconf 83' lang='lat' dir='ltr'>Quia</span> <span class='ocrx_word' id='word_1_15' title='bbox 1077 546 1230 614; x_wconf 78' lang='lat' dir='ltr'>antequam</span> <span class='ocrx_word' id='word_1_16' title='bbox 1250 535 1459 612; x_wconf 73' lang='lat' dir='ltr'>conciperetur,</span> 
     </span>
     <span class='ocr_line' id='line_1_3' title="bbox 246 616 1458 700; baseline -0.005 -21"><span class='ocrx_word' id='word_1_17' title='bbox 246 624 307 700; x_wconf 88' lang='lat' dir='ltr'>jam</span> <span class='ocrx_word' id='word_1_18' title='bbox 322 621 411 680; x_wconf 86' lang='lat' dir='ltr'>fuisse</span> <span class='ocrx_word' id='word_1_19' title='bbox 426 634 455 680; x_wconf 91' lang='lat' dir='ltr'>et</span> <span class='ocrx_word' id='word_1_20' title='bbox 470 622 632 680; x_wconf 83' lang='lat' dir='ltr'>substitisse</span> <span class='ocrx_word' id='word_1_21' title='bbox 647 621 760 694; x_wconf 88' lang='lat' dir='ltr'>dieitur,</span> <span class='ocrx_word' id='word_1_22' title='bbox 781 621 850 679; x_wconf 88' lang='lat' dir='ltr'>Joh.</span> <span class='ocrx_word' id='word_1_23' title='bbox 866 620 884 676; x_wconf 91' lang='lat' dir='ltr'>i.</span> <span class='ocrx_word' id='word_1_24' title='bbox 901 624 928 692; x_wconf 79' lang='lat'>2,</span> <span class='ocrx_word' id='word_1_25' title='bbox 944 629 974 676; x_wconf 88' lang='lat' dir='ltr'>et</span> <span class='ocrx_word' id='word_1_26' title='bbox 989 618 1063 676; x_wconf 86' lang='lat' dir='ltr'>Phil.</span> <span class='ocrx_word' id='word_1_27' title='bbox 1079 618 1108 674; x_wconf 93' lang='lat' dir='ltr'>ii.</span> <span class='ocrx_word' id='word_1_28' title='bbox 1125 621 1151 691; x_wconf 85' lang='grc'>6,</span> <span class='ocrx_word' id='word_1_29' title='bbox 1168 616 1219 675; x_wconf 85' lang='lat' dir='ltr'>sed</span> <span class='ocrx_word' id='word_1_30' title='bbox 1234 616 1458 692; x_wconf 81' lang='lat' dir='ltr'>consequentiae,</span> 
     </span>
     <span class='ocr_line' id='line_1_4' title="bbox 249 696 1459 777; baseline -0.007 -17"><span class='ocrx_word' id='word_1_31' title='bbox 249 701 360 760; x_wconf 89' lang='lat' dir='ltr'>ratione</span> <span class='ocrx_word' id='word_1_32' title='bbox 375 701 621 774; x_wconf 76' lang='lat' dir='ltr'>manifestationis,</span> <span class='ocrx_word' id='word_1_33' title='bbox 634 701 703 777; x_wconf 90' lang='lat' dir='ltr'>quia</span> <span class='ocrx_word' id='word_1_34' title='bbox 714 701 780 758; x_wconf 89' lang='lat' dir='ltr'>inde</span> <span class='ocrx_word' id='word_1_35' title='bbox 791 721 809 757; x_wconf 88' lang='lat' dir='ltr'>a</span> <span class='ocrx_word' id='word_1_36' title='bbox 818 699 969 776; x_wconf 79' lang='lat' dir='ltr'>posteriori</span> <span class='ocrx_word' id='word_1_37' title='bbox 984 697 1128 756; x_wconf 89' lang='lat' dir='ltr'>declarata</span> <span class='ocrx_word' id='word_1_38' title='bbox 1141 697 1195 754; x_wconf 92' lang='lat' dir='ltr'>fuit</span> <span class='ocrx_word' id='word_1_39' title='bbox 1209 697 1272 771; x_wconf 92' lang='lat' dir='ltr'>ejus</span> <span class='ocrx_word' id='word_1_40' title='bbox 1287 705 1393 753; x_wconf 80' lang='lat' dir='ltr'>aetema</span> <span class='ocrx_word' id='word_1_41' title='bbox 1409 696 1459 753; x_wconf 84' lang='lat' dir='ltr'>Fi-</span> 
     </span>
     <span class='ocr_line' id='line_1_5' title="bbox 250 776 1459 858; baseline -0.006 -20"><span class='ocrx_word' id='word_1_42' title='bbox 250 780 339 838; x_wconf 90' lang='lat' dir='ltr'>liatio.</span> <span class='ocrx_word' id='word_1_43' title='bbox 376 780 440 854; x_wconf 85' lang='lat' dir='ltr'>Quo</span> <span class='ocrx_word' id='word_1_44' title='bbox 454 781 586 858; x_wconf 83' lang='lat' dir='ltr'>pertinet,</span> <span class='ocrx_word' id='word_1_45' title='bbox 605 784 630 839; x_wconf 88' lang='lat' dir='ltr'>I.</span> <span class='ocrx_word' id='word_1_46' title='bbox 641 780 724 853; x_wconf 80' lang='lat' dir='ltr'>Quod</span> <span class='ocrx_word' id='word_1_47' title='bbox 739 800 796 837; x_wconf 93' lang='lat' dir='ltr'>non</span> <span class='ocrx_word' id='word_1_48' title='bbox 811 779 915 837; x_wconf 90' lang='lat' dir='ltr'>dicitur</span> <span class='ocrx_word' id='word_1_49' title='bbox 929 776 997 835; x_wconf 69' lang='grc' dir='ltr'><strong><em>ἔσται</em></strong></span> <span class='ocrx_word' id='word_1_50' title='bbox 1012 778 1074 850; x_wconf 88' lang='lat' dir='ltr'>erit,</span> <span class='ocrx_word' id='word_1_51' title='bbox 1086 777 1135 835; x_wconf 90' lang='lat' dir='ltr'>sed</span> <span class='ocrx_word' id='word_1_52' title='bbox 1147 779 1292 839; x_wconf 66' lang='lat' dir='ltr'>:antima</span> <span class='ocrx_word' id='word_1_53' title='bbox 1305 776 1459 850; x_wconf 79' lang='lat' dir='ltr'>vocabitur,</span> 
     </span>
     <span class='ocr_line' id='line_1_6' title="bbox 249 855 1463 936; baseline -0.003 -20"><span class='ocrx_word' id='word_1_54' title='bbox 249 859 289 918; x_wconf 91' lang='lat' dir='ltr'>id.</span> <span class='ocrx_word' id='word_1_55' title='bbox 304 861 542 930; x_wconf 82' lang='lat' dir='ltr'>manifestabitur,</span> <span class='ocrx_word' id='word_1_56' title='bbox 558 870 587 918; x_wconf 91' lang='lat' dir='ltr'>et</span> <span class='ocrx_word' id='word_1_57' title='bbox 601 879 664 918; x_wconf 89' lang='lat' dir='ltr'>esse</span> <span class='ocrx_word' id='word_1_58' title='bbox 678 869 851 936; x_wconf 80' lang='lat' dir='ltr'>agnoscetur</span> <span class='ocrx_word' id='word_1_59' title='bbox 873 859 965 915; x_wconf 79' lang='lat' dir='ltr'>Filius</span> <span class='ocrx_word' id='word_1_60' title='bbox 980 858 1035 914; x_wconf 88' lang='lat' dir='ltr'>Dei</span> <span class='ocrx_word' id='word_1_61' title='bbox 1052 858 1225 932; x_wconf 85' lang='lat' dir='ltr'>unigenitus,</span> <span class='ocrx_word' id='word_1_62' title='bbox 1241 855 1311 914; x_wconf 85' lang='lat' dir='ltr'>Joh.</span> <span class='ocrx_word' id='word_1_63' title='bbox 1327 855 1345 912; x_wconf 94' lang='lat' dir='ltr'>i.</span> <span class='ocrx_word' id='word_1_64' title='bbox 1365 857 1410 929; x_wconf 83' lang='lat'>18,</span> <span class='ocrx_word' id='word_1_65' title='bbox 1426 864 1463 913; x_wconf 86' lang='lat' dir='ltr'>ut</span> 
     </span>
     <span class='ocr_line' id='line_1_7' title="bbox 250 934 1460 1016; baseline -0.006 -18"><span class='ocrx_word' id='word_1_66' title='bbox 250 939 320 998; x_wconf 91' lang='lat' dir='ltr'>Joh.</span> <span class='ocrx_word' id='word_1_67' title='bbox 335 939 353 996; x_wconf 94' lang='lat' dir='ltr'>i.</span> <span class='ocrx_word' id='word_1_68' title='bbox 372 943 417 1014; x_wconf 77' lang='lat' dir='ltr'>lt,</span> <span class='ocrx_word' id='word_1_69' title='bbox 432 941 551 998; x_wconf 83' lang='lat' dir='ltr'>vidimus</span> <span class='ocrx_word' id='word_1_70' title='bbox 562 941 685 1016; x_wconf 75' lang='lat' dir='ltr'>gloriam</span> <span class='ocrx_word' id='word_1_71' title='bbox 699 943 757 1014; x_wconf 86' lang='lat' dir='ltr'>ejus</span> <span class='ocrx_word' id='word_1_72' title='bbox 771 949 802 996; x_wconf 85' lang='lat' dir='ltr'>ut</span> <span class='ocrx_word' id='word_1_73' title='bbox 819 939 966 1013; x_wconf 68' lang='lat' dir='ltr'>Unigeniti.</span> <span class='ocrx_word' id='word_1_74' title='bbox 1008 941 1037 994; x_wconf 75' lang='lat'>2.</span> <span class='ocrx_word' id='word_1_75' title='bbox 1052 936 1137 1009; x_wconf 80' lang='lat' dir='ltr'>Quod</span> <span class='ocrx_word' id='word_1_76' title='bbox 1151 956 1208 994; x_wconf 94' lang='lat' dir='ltr'>non</span> <span class='ocrx_word' id='word_1_77' title='bbox 1228 934 1399 1011; x_wconf 86' lang='lat' dir='ltr'>exprimitur</span> <span class='ocrx_word' id='word_1_78' title='bbox 1407 954 1460 1010; x_wconf 89' lang='lat' dir='ltr'>ge·</span> 
     </span>
     <span class='ocr_line' id='line_1_8' title="bbox 250 1015 1461 1094; baseline -0.004 -18"><span class='ocrx_word' id='word_1_79' title='bbox 250 1037 318 1076; x_wconf 89' lang='lat' dir='ltr'>nere</span> <span class='ocrx_word' id='word_1_80' title='bbox 343 1019 510 1093; x_wconf 86' lang='lat' dir='ltr'>masculino,</span> <span class='ocrx_word' id='word_1_81' title='bbox 537 1019 715 1094; x_wconf 62' lang='lat' dir='ltr'>lyrrvdpum,</span> <span class='ocrx_word' id='word_1_82' title='bbox 742 1019 793 1076; x_wconf 88' lang='lat' dir='ltr'>sed</span> <span class='ocrx_word' id='word_1_83' title='bbox 815 1027 916 1076; x_wconf 89' lang='lat' dir='ltr'>neutro</span> <span class='ocrx_word' id='word_1_84' title='bbox 941 1022 968 1073; x_wconf 73' lang='grc' dir='ltr'>τὶ</span> <span class='ocrx_word' id='word_1_85' title='bbox 997 1017 1142 1090; x_wconf 55' lang='lat' dir='ltr'>mandatur,</span> <span class='ocrx_word' id='word_1_86' title='bbox 1171 1024 1203 1074; x_wconf 92' lang='lat' dir='ltr'>ut</span> <span class='ocrx_word' id='word_1_87' title='bbox 1231 1015 1375 1086; x_wconf 85' lang='lat' dir='ltr'>innuatur,</span> <span class='ocrx_word' id='word_1_88' title='bbox 1399 1033 1461 1071; x_wconf 90' lang='lat' dir='ltr'>non</span> 
     </span>
     <span class='ocr_line' id='line_1_9' title="bbox 249 1093 1461 1174; baseline -0.003 -20"><span class='ocrx_word' id='word_1_89' title='bbox 249 1098 396 1156; x_wconf 89' lang='lat' dir='ltr'>hominem</span> <span class='ocrx_word' id='word_1_90' title='bbox 409 1094 500 1172; x_wconf 87' lang='lat' dir='ltr'>illiun,</span> <span class='ocrx_word' id='word_1_91' title='bbox 517 1100 567 1174; x_wconf 89' lang='lat' dir='ltr'>qui</span> <span class='ocrx_word' id='word_1_92' title='bbox 578 1101 740 1157; x_wconf 88' lang='lat' dir='ltr'>nasciturus</span> <span class='ocrx_word' id='word_1_93' title='bbox 754 1107 823 1172; x_wconf 87' lang='lat' dir='ltr'>erat,</span> <span class='ocrx_word' id='word_1_94' title='bbox 840 1097 896 1154; x_wconf 88' lang='lat' dir='ltr'>diei</span> <span class='ocrx_word' id='word_1_95' title='bbox 908 1098 1014 1154; x_wconf 81' lang='lat' dir='ltr'>Filiam</span> <span class='ocrx_word' id='word_1_96' title='bbox 1024 1097 1089 1169; x_wconf 85' lang='lat' dir='ltr'>Dei,</span> <span class='ocrx_word' id='word_1_97' title='bbox 1103 1096 1154 1154; x_wconf 91' lang='lat' dir='ltr'>sed</span> <span class='ocrx_word' id='word_1_98' title='bbox 1166 1096 1207 1152; x_wconf 89' lang='lat' dir='ltr'>sic</span> <span class='ocrx_word' id='word_1_99' title='bbox 1222 1094 1345 1152; x_wconf 85' lang='lat' dir='ltr'>discrete</span> <span class='ocrx_word' id='word_1_100' title='bbox 1360 1093 1461 1152; x_wconf 89' lang='lat' dir='ltr'>vocari</span> 
     </span>
     <span class='ocr_line' id='line_1_10' title="bbox 249 1173 1461 1253; baseline -0.003 -20"><span class='ocrx_word' id='word_1_101' title='bbox 249 1177 357 1253; x_wconf 91' lang='lat' dir='ltr'>aliquid</span> <span class='ocrx_word' id='word_1_102' title='bbox 373 1178 403 1234; x_wconf 93' lang='lat' dir='ltr'>in</span> <span class='ocrx_word' id='word_1_103' title='bbox 418 1179 532 1236; x_wconf 86' lang='lat' dir='ltr'>Christo</span> <span class='ocrx_word' id='word_1_104' title='bbox 547 1179 708 1251; x_wconf 85' lang='lat' dir='ltr'>essentiale,</span> <span class='ocrx_word' id='word_1_105' title='bbox 723 1189 852 1236; x_wconf 91' lang='lat' dir='ltr'>naturam</span> <span class='ocrx_word' id='word_1_106' title='bbox 864 1177 932 1234; x_wconf 89' lang='lat' dir='ltr'>nim.</span> <span class='ocrx_word' id='word_1_107' title='bbox 943 1185 994 1234; x_wconf 89' lang='lat' dir='ltr'>aut</span> <span class='ocrx_word' id='word_1_108' title='bbox 1005 1195 1155 1252; x_wconf 86' lang='lat' dir='ltr'>personam</span> <span class='ocrx_word' id='word_1_109' title='bbox 1167 1177 1231 1252; x_wconf 85' lang='lat' dir='ltr'>ejus</span> <span class='ocrx_word' id='word_1_110' title='bbox 1239 1173 1377 1248; x_wconf 90' lang='lat' dir='ltr'>divinam,</span> <span class='ocrx_word' id='word_1_111' title='bbox 1392 1192 1461 1250; x_wconf 79' lang='lat' dir='ltr'>quae</span> 
     </span>
     <span class='ocr_line' id='line_1_11' title="bbox 249 1256 1094 1333; baseline -0.004 -18"><span class='ocrx_word' id='word_1_112' title='bbox 249 1257 323 1315; x_wconf 90' lang='lat' dir='ltr'>bene</span> <span class='ocrx_word' id='word_1_113' title='bbox 337 1265 439 1315; x_wconf 91' lang='lat' dir='ltr'>neutro</span> <span class='ocrx_word' id='word_1_114' title='bbox 454 1277 567 1333; x_wconf 84' lang='lat' dir='ltr'>genere,</span> <span class='ocrx_word' id='word_1_115' title='bbox 584 1266 615 1315; x_wconf 92' lang='lat' dir='ltr'>ut</span> <span class='ocrx_word' id='word_1_116' title='bbox 629 1257 739 1333; x_wconf 87' lang='lat' dir='ltr'>aliquid</span> <span class='ocrx_word' id='word_1_117' title='bbox 751 1257 919 1331; x_wconf 70' lang='grc' dir='ltr'>ὑφιπιίμιιιι,</span> <span class='ocrx_word' id='word_1_118' title='bbox 933 1256 1094 1314; x_wconf 88' lang='lat' dir='ltr'>denotatur.</span> 
     </span>
    </p>

    <p class='ocr_par' dir='ltr' id='par_1_3' title="bbox 249 1332 1461 1574">
     <span class='ocr_line' id='line_1_12' title="bbox 290 1332 1459 1413; baseline -0.003 -21"><span class='ocrx_word' id='word_1_119' title='bbox 290 1335 381 1394; x_wconf 91' lang='lat' dir='ltr'>VIII.</span> <span class='ocrx_word' id='word_1_120' title='bbox 404 1337 465 1395; x_wconf 91' lang='lat' dir='ltr'>Nee</span> <span class='ocrx_word' id='word_1_121' title='bbox 479 1338 504 1395; x_wconf 91' lang='lat' dir='ltr'>si</span> <span class='ocrx_word' id='word_1_122' title='bbox 518 1337 618 1396; x_wconf 88' lang='lat' dir='ltr'>fideles</span> <span class='ocrx_word' id='word_1_123' title='bbox 632 1347 772 1394; x_wconf 89' lang='lat' dir='ltr'>vocantur</span> <span class='ocrx_word' id='word_1_124' title='bbox 795 1337 863 1394; x_wconf 85' lang='lat' dir='ltr'>Filii</span> <span class='ocrx_word' id='word_1_125' title='bbox 886 1336 941 1393; x_wconf 89' lang='lat' dir='ltr'>Dei</span> <span class='ocrx_word' id='word_1_126' title='bbox 955 1345 1072 1413; x_wconf 90' lang='lat' dir='ltr'>propter</span> <span class='ocrx_word' id='word_1_127' title='bbox 1085 1333 1310 1410; x_wconf 84' lang='lat' dir='ltr'>regenerationis</span> <span class='ocrx_word' id='word_1_128' title='bbox 1324 1332 1459 1408; x_wconf 86' lang='lat' dir='ltr'>gratiam,</span> 
     </span>
     <span class='ocr_line' id='line_1_13' title="bbox 249 1413 1461 1492; baseline -0.003 -18"><span class='ocrx_word' id='word_1_129' title='bbox 249 1416 378 1492; x_wconf 87' lang='lat' dir='ltr'>sequitur</span> <span class='ocrx_word' id='word_1_130' title='bbox 393 1415 538 1474; x_wconf 87' lang='lat' dir='ltr'>Christum</span> <span class='ocrx_word' id='word_1_131' title='bbox 553 1437 586 1475; x_wconf 88' lang='lat' dir='ltr'>eo</span> <span class='ocrx_word' id='word_1_132' title='bbox 601 1417 715 1474; x_wconf 92' lang='lat' dir='ltr'>nomine</span> <span class='ocrx_word' id='word_1_133' title='bbox 730 1417 863 1492; x_wconf 87' lang='lat' dir='ltr'>insigniri</span> <span class='ocrx_word' id='word_1_134' title='bbox 883 1427 999 1492; x_wconf 86' lang='lat' dir='ltr'>propter</span> <span class='ocrx_word' id='word_1_135' title='bbox 1016 1415 1217 1472; x_wconf 86' lang='lat' dir='ltr'>miraculosam</span> <span class='ocrx_word' id='word_1_136' title='bbox 1231 1413 1461 1488; x_wconf 88' lang='lat' dir='ltr'>conceptionem.</span> 
     </span>
     <span class='ocr_line' id='line_1_14' title="bbox 250 1491 1460 1574; baseline -0.004 -21"><span class='ocrx_word' id='word_1_137' title='bbox 250 1495 325 1568; x_wconf 86' lang='lat' dir='ltr'>Quia</span> <span class='ocrx_word' id='word_1_138' title='bbox 339 1494 395 1552; x_wconf 89' lang='lat' dir='ltr'>alia</span> <span class='ocrx_word' id='word_1_139' title='bbox 410 1497 482 1553; x_wconf 90' lang='lat' dir='ltr'>ratio</span> <span class='ocrx_word' id='word_1_140' title='bbox 496 1496 633 1574; x_wconf 85' lang='lat' dir='ltr'>fidelium,</span> <span class='ocrx_word' id='word_1_141' title='bbox 649 1497 698 1572; x_wconf 92' lang='lat' dir='ltr'>qui</span> <span class='ocrx_word' id='word_1_142' title='bbox 712 1497 862 1572; x_wconf 90' lang='lat' dir='ltr'>analogice</span> <span class='ocrx_word' id='word_1_143' title='bbox 883 1504 994 1553; x_wconf 87' lang='lat' dir='ltr'>tantum</span> <span class='ocrx_word' id='word_1_144' title='bbox 1008 1503 1124 1571; x_wconf 89' lang='lat' dir='ltr'>propter</span> <span class='ocrx_word' id='word_1_145' title='bbox 1138 1492 1384 1570; x_wconf 80' lang='lat' dir='ltr'>participatIonem</span> <span class='ocrx_word' id='word_1_146' title='bbox 1399 1491 1460 1548; x_wconf 85' lang='lat' dir='ltr'>vir·</span> 
     </span>
    </p>
   </div>
   <div class='ocr_carea' id='block_1_3' title="bbox 250 1571 1478 1650">
    <p class='ocr_par' dir='ltr' id='par_1_4' title="bbox 250 1571 1478 1650">
     <span class='ocr_line' id='line_1_15' title="bbox 250 1571 1478 1650; baseline -0.007 -17"><span class='ocrx_word' id='word_1_147' title='bbox 250 1584 345 1634; x_wconf 89' lang='lat' dir='ltr'>tutum</span> <span class='ocrx_word' id='word_1_148' title='bbox 369 1576 519 1633; x_wconf 89' lang='lat' dir='ltr'>moralium</span> <span class='ocrx_word' id='word_1_149' title='bbox 543 1576 678 1634; x_wconf 88' lang='lat' dir='ltr'>dicuntur</span> <span class='ocrx_word' id='word_1_150' title='bbox 699 1575 759 1633; x_wconf 88' lang='lat' dir='ltr'>nati</span> <span class='ocrx_word' id='word_1_151' title='bbox 783 1596 821 1633; x_wconf 91' lang='lat' dir='ltr'>ex</span> <span class='ocrx_word' id='word_1_152' title='bbox 847 1575 918 1646; x_wconf 86' lang='lat' dir='ltr'>Deo,</span> <span class='ocrx_word' id='word_1_153' title='bbox 942 1575 1000 1632; x_wconf 90' lang='lat' dir='ltr'>alia</span> <span class='ocrx_word' id='word_1_154' title='bbox 1025 1573 1176 1650; x_wconf 89' lang='lat' dir='ltr'>Unigeniti</span> <span class='ocrx_word' id='word_1_155' title='bbox 1196 1573 1261 1647; x_wconf 87' lang='lat' dir='ltr'>Dei,</span> <span class='ocrx_word' id='word_1_156' title='bbox 1276 1571 1378 1648; x_wconf 89' lang='lat' dir='ltr'>quiex</span> <span class='ocrx_word' id='word_1_157' title='bbox 1393 1572 1478 1647; x_wconf 88' lang='lat' dir='ltr'>ejus.</span> 
     </span>
    </p>
   </div>
   <div class='ocr_carea' id='block_1_4' title="bbox 248 1654 1459 4749">
    <p class='ocr_par' dir='ltr' id='par_1_5' title="bbox 250 1654 1289 1732">
     <span class='ocr_line' id='line_1_16' title="bbox 250 1654 1289 1732; baseline -0.002 -19"><span class='ocrx_word' id='word_1_158' title='bbox 250 1655 375 1713; x_wconf 88' lang='lat' dir='ltr'>essentia</span> <span class='ocrx_word' id='word_1_159' title='bbox 390 1655 513 1731; x_wconf 88' lang='lat' dir='ltr'>genitus,</span> <span class='ocrx_word' id='word_1_160' title='bbox 529 1666 558 1714; x_wconf 90' lang='lat' dir='ltr'>et</span> <span class='ocrx_word' id='word_1_161' title='bbox 570 1656 624 1732; x_wconf 92' lang='lat' dir='ltr'>ipsi</span> <span class='ocrx_word' id='word_1_162' title='bbox 639 1655 758 1732; x_wconf 81' lang='lat' dir='ltr'>aequalis</span> <span class='ocrx_word' id='word_1_163' title='bbox 772 1675 823 1732; x_wconf 89' lang='lat' dir='ltr'>per</span> <span class='ocrx_word' id='word_1_164' title='bbox 837 1654 933 1712; x_wconf 88' lang='lat' dir='ltr'>omnia</span> <span class='ocrx_word' id='word_1_165' title='bbox 946 1654 1059 1712; x_wconf 91' lang='lat' dir='ltr'>dieitur.</span> <span class='ocrx_word' id='word_1_166' title='bbox 1284 1671 1289 1679; x_wconf 69' lang='grc'><em>“</em></span> 
     </span>
    </p>

    <p class='ocr_par' dir='ltr' id='par_1_6' title="bbox 249 1729 1459 3872">
     <span class='ocr_line' id='line_1_17' title="bbox 291 1729 1458 1812; baseline -0.004 -21"><span class='ocrx_word' id='word_1_167' title='bbox 291 1734 351 1792; x_wconf 86' lang='grc' dir='ltr'>ΙΧ.</span> <span class='ocrx_word' id='word_1_168' title='bbox 375 1735 464 1792; x_wconf 85' lang='lat' dir='ltr'>l&#39;orro</span> <span class='ocrx_word' id='word_1_169' title='bbox 480 1736 534 1792; x_wconf 88' lang='lat' dir='ltr'>ista</span> <span class='ocrx_word' id='word_1_170' title='bbox 548 1736 675 1812; x_wconf 87' lang='lat' dir='ltr'>operatio</span> <span class='ocrx_word' id='word_1_171' title='bbox 692 1735 815 1811; x_wconf 85' lang='lat' dir='ltr'>Spiritus</span> <span class='ocrx_word' id='word_1_172' title='bbox 831 1733 929 1793; x_wconf 87' lang='lat' dir='ltr'>Sancti</span> <span class='ocrx_word' id='word_1_173' title='bbox 945 1734 974 1790; x_wconf 93' lang='lat' dir='ltr'>in</span> <span class='ocrx_word' id='word_1_174' title='bbox 999 1733 1121 1808; x_wconf 91' lang='lat' dir='ltr'>Virgine</span> <span class='ocrx_word' id='word_1_175' title='bbox 1143 1731 1255 1789; x_wconf 88' lang='lat' dir='ltr'>duabus</span> <span class='ocrx_word' id='word_1_176' title='bbox 1269 1729 1390 1788; x_wconf 89' lang='lat' dir='ltr'>vocibus</span> <span class='ocrx_word' id='word_1_177' title='bbox 1405 1749 1458 1787; x_wconf 85' lang='lat' dir='ltr'>ex-</span> 
     </span>
     <span class='ocr_line' id='line_1_18' title="bbox 250 1809 1457 1891; baseline -0.002 -21"><span class='ocrx_word' id='word_1_178' title='bbox 250 1813 381 1890; x_wconf 89' lang='lat' dir='ltr'>primitur</span> <span class='ocrx_word' id='word_1_179' title='bbox 409 1814 437 1870; x_wconf 93' lang='lat' dir='ltr'>in</span> <span class='ocrx_word' id='word_1_180' title='bbox 465 1815 620 1890; x_wconf 88' lang='lat' dir='ltr'>Scriptura,</span> <span class='ocrx_word' id='word_1_181' title='bbox 636 1835 687 1891; x_wconf 91' lang='lat' dir='ltr'>per</span> <span class='ocrx_word' id='word_1_182' title='bbox 703 1815 823 1874; x_wconf 69' lang='grc' dir='ltr'><strong><em>ἰπίλιισιι</em></strong></span> <span class='ocrx_word' id='word_1_183' title='bbox 838 1826 866 1872; x_wconf 90' lang='lat' dir='ltr'>et</span> <span class='ocrx_word' id='word_1_184' title='bbox 880 1815 1026 1888; x_wconf 70' lang='grc' dir='ltr'>ἐπιαίιιι-ιι,</span> <span class='ocrx_word' id='word_1_185' title='bbox 1051 1813 1121 1870; x_wconf 88' lang='lat' dir='ltr'>Luc.</span> <span class='ocrx_word' id='word_1_186' title='bbox 1146 1812 1165 1869; x_wconf 92' lang='lat' dir='ltr'>i.</span> <span class='ocrx_word' id='word_1_187' title='bbox 1181 1813 1229 1884; x_wconf 84' lang='lat'>35,</span> <span class='ocrx_word' id='word_1_188' title='bbox 1254 1810 1408 1886; x_wconf 86' lang='lat' dir='ltr'>“Spiritus</span> <span class='ocrx_word' id='word_1_189' title='bbox 1426 1809 1457 1868; x_wconf 83' lang='lat' dir='ltr'>S.</span> 
     </span>
     <span class='ocr_line' id='line_1_19' title="bbox 249 1890 1459 1970; baseline -0.004 -19"><span class='ocrx_word' id='word_1_190' title='bbox 249 1893 401 1951; x_wconf 66' lang='lat' dir='ltr'>inunitam</span> <span class='ocrx_word' id='word_1_191' title='bbox 413 1896 451 1952; x_wconf 75' lang='lat' dir='ltr'>iri-i</span> <span class='ocrx_word' id='word_1_192' title='bbox 461 1919 494 1967; x_wconf 78' lang='lat' dir='ltr'>rra,</span> <span class='ocrx_word' id='word_1_193' title='bbox 502 1903 546 1952; x_wconf 81' lang='grc' dir='ltr'><strong><em>ιιιιι</em></strong></span> <span class='ocrx_word' id='word_1_194' title='bbox 557 1892 657 1970; x_wconf 63' lang='grc' dir='ltr'>δύναμις</span> <span class='ocrx_word' id='word_1_195' title='bbox 667 1894 773 1956; x_wconf 66' lang='lat' dir='ltr'>stirne</span> <span class='ocrx_word' id='word_1_196' title='bbox 781 1895 917 1952; x_wconf 63' lang='grc' dir='ltr'><strong><em>ἐπισκιάσει</em></strong></span> <span class='ocrx_word' id='word_1_197' title='bbox 928 1899 964 1951; x_wconf 71' lang='lat' dir='ltr'>eoi</span> <span class='ocrx_word' id='word_1_198' title='bbox 974 1891 1146 1968; x_wconf 71' lang='lat' dir='ltr'>superveniet</span> <span class='ocrx_word' id='word_1_199' title='bbox 1159 1892 1187 1947; x_wconf 77' lang='lat' dir='ltr'>fn</span> <span class='ocrx_word' id='word_1_200' title='bbox 1197 1900 1230 1964; x_wconf 81' lang='lat' dir='ltr'>te,</span> <span class='ocrx_word' id='word_1_201' title='bbox 1241 1901 1267 1947; x_wconf 80' lang='lat' dir='ltr'>et</span> <span class='ocrx_word' id='word_1_202' title='bbox 1276 1890 1363 1948; x_wconf 75' lang='lat' dir='ltr'>virtus</span> <span class='ocrx_word' id='word_1_203' title='bbox 1372 1890 1459 1947; x_wconf 80' lang='lat' dir='ltr'>Attis-</span> 
     </span>
     <span class='ocr_line' id='line_1_20' title="bbox 250 1969 1456 2051; baseline -0.004 -21"><span class='ocrx_word' id='word_1_204' title='bbox 250 1969 1456 2051; x_wconf 81' lang='lat' dir='ltr'>simiteobumbrubit‚”quibusadmirabilisillaetpotentissiinaefficaciadesignatur,</span> 
     </span>
     <span class='ocr_line' id='line_1_21' title="bbox 251 2049 1457 2132; baseline -0.002 -23"><span class='ocrx_word' id='word_1_205' title='bbox 251 2072 309 2128; x_wconf 88' lang='lat' dir='ltr'>qua</span> <span class='ocrx_word' id='word_1_206' title='bbox 323 2054 492 2128; x_wconf 87' lang='lat' dir='ltr'>mysterium</span> <span class='ocrx_word' id='word_1_207' title='bbox 507 2054 579 2111; x_wconf 90' lang='lat' dir='ltr'>illud</span> <span class='ocrx_word' id='word_1_208' title='bbox 604 2063 737 2132; x_wconf 89' lang='lat' dir='ltr'>operatus</span> <span class='ocrx_word' id='word_1_209' title='bbox 749 2065 801 2112; x_wconf 89' lang='lat' dir='ltr'>est.</span> <span class='ocrx_word' id='word_1_210' title='bbox 824 2054 880 2112; x_wconf 91' lang='lat' dir='ltr'>Per</span> <span class='ocrx_word' id='word_1_211' title='bbox 891 2055 1012 2111; x_wconf 69' lang='grc' dir='ltr'><strong><em>ἔπίλιυιιι</em></strong></span> <span class='ocrx_word' id='word_1_212' title='bbox 1027 2060 1141 2110; x_wconf 86' lang='lat' dir='ltr'>notatur</span> <span class='ocrx_word' id='word_1_213' title='bbox 1162 2049 1315 2126; x_wconf 76' lang='lat' dir='ltr'>praesentia</span> <span class='ocrx_word' id='word_1_214' title='bbox 1331 2049 1457 2125; x_wconf 85' lang='lat' dir='ltr'>Spiritus</span> 
     </span>
     <span class='ocr_line' id='line_1_22' title="bbox 254 2128 1457 2208; baseline -0.005 -18"><span class='ocrx_word' id='word_1_215' title='bbox 254 2135 283 2190; x_wconf 84' lang='lat' dir='ltr'>S.</span> <span class='ocrx_word' id='word_1_216' title='bbox 294 2141 322 2189; x_wconf 91' lang='lat' dir='ltr'>et</span> <span class='ocrx_word' id='word_1_217' title='bbox 336 2133 489 2207; x_wconf 85' lang='lat' dir='ltr'>ejus&#39;actio</span> <span class='ocrx_word' id='word_1_218' title='bbox 505 2133 534 2189; x_wconf 93' lang='lat' dir='ltr'>in</span> <span class='ocrx_word' id='word_1_219' title='bbox 549 2153 662 2208; x_wconf 87' lang='lat' dir='ltr'>genere,</span> <span class='ocrx_word' id='word_1_220' title='bbox 675 2153 732 2191; x_wconf 93' lang='lat' dir='ltr'>non</span> <span class='ocrx_word' id='word_1_221' title='bbox 747 2135 907 2192; x_wconf 92' lang='lat' dir='ltr'>communis</span> <span class='ocrx_word' id='word_1_222' title='bbox 928 2143 957 2191; x_wconf 94' lang='lat' dir='ltr'>et</span> <span class='ocrx_word' id='word_1_223' title='bbox 971 2130 1122 2204; x_wconf 87' lang='lat' dir='ltr'>ordinaria,</span> <span class='ocrx_word' id='word_1_224' title='bbox 1138 2149 1203 2205; x_wconf 88' lang='lat' dir='ltr'>quae</span> <span class='ocrx_word' id='word_1_225' title='bbox 1217 2128 1328 2186; x_wconf 88' lang='lat' dir='ltr'>obtinet</span> <span class='ocrx_word' id='word_1_226' title='bbox 1342 2133 1372 2185; x_wconf 93' lang='lat' dir='ltr'>in</span> <span class='ocrx_word' id='word_1_227' title='bbox 1387 2148 1457 2185; x_wconf 91' lang='lat' dir='ltr'>ean·</span> 
     </span>
     <span class='ocr_line' id='line_1_23' title="bbox 251 2208 1457 2286; baseline 0 -18"><span class='ocrx_word' id='word_1_228' title='bbox 251 2211 382 2286; x_wconf 87' lang='lat' dir='ltr'>ceptione</span> <span class='ocrx_word' id='word_1_229' title='bbox 394 2213 528 2283; x_wconf 88' lang='lat' dir='ltr'>omnium,</span> <span class='ocrx_word' id='word_1_230' title='bbox 545 2213 614 2271; x_wconf 80' lang='lat' dir='ltr'>Job.</span> <span class='ocrx_word' id='word_1_231' title='bbox 630 2233 659 2270; x_wconf 88' lang='lat' dir='ltr'>x.</span> <span class='ocrx_word' id='word_1_232' title='bbox 675 2217 702 2284; x_wconf 82' lang='grc'>8,</span> <span class='ocrx_word' id='word_1_233' title='bbox 720 2213 796 2272; x_wconf 88' lang='lat' dir='ltr'>Psal.</span> <span class='ocrx_word' id='word_1_234' title='bbox 812 2213 933 2270; x_wconf 85' lang='lat' dir='ltr'>cxxxix.</span> <span class='ocrx_word' id='word_1_235' title='bbox 958 2215 1003 2286; x_wconf 82' lang='lat'>15,</span> <span class='ocrx_word' id='word_1_236' title='bbox 1020 2211 1071 2270; x_wconf 89' lang='lat' dir='ltr'>sed</span> <span class='ocrx_word' id='word_1_237' title='bbox 1085 2208 1312 2268; x_wconf 86' lang='lat' dir='ltr'>extraordinaria</span> <span class='ocrx_word' id='word_1_238' title='bbox 1326 2219 1355 2266; x_wconf 91' lang='lat' dir='ltr'>et</span> <span class='ocrx_word' id='word_1_239' title='bbox 1369 2208 1457 2268; x_wconf 83' lang='lat' dir='ltr'>coele·</span> 
     </span>
     <span class='ocr_line' id='line_1_24' title="bbox 250 2288 1457 2368; baseline -0.001 -21"><span class='ocrx_word' id='word_1_240' title='bbox 250 2289 288 2347; x_wconf 91' lang='lat' dir='ltr'>tis</span> <span class='ocrx_word' id='word_1_241' title='bbox 298 2311 304 2362; x_wconf 92' lang='lat'>;</span> <span class='ocrx_word' id='word_1_242' title='bbox 328 2290 471 2365; x_wconf 91' lang='lat' dir='ltr'>quomodo</span> <span class='ocrx_word' id='word_1_243' title='bbox 487 2293 670 2366; x_wconf 87' lang='lat' dir='ltr'>supervenire</span> <span class='ocrx_word' id='word_1_244' title='bbox 689 2292 794 2350; x_wconf 88' lang='lat' dir='ltr'>dicitur</span> <span class='ocrx_word' id='word_1_245' title='bbox 817 2293 942 2368; x_wconf 88' lang='lat' dir='ltr'>Spiritus</span> <span class='ocrx_word' id='word_1_246' title='bbox 962 2293 992 2348; x_wconf 91' lang='lat' dir='ltr'>in</span> <span class='ocrx_word' id='word_1_247' title='bbox 1013 2311 1071 2362; x_wconf 88' lang='lat' dir='ltr'>eos,</span> <span class='ocrx_word' id='word_1_248' title='bbox 1087 2291 1137 2365; x_wconf 91' lang='lat' dir='ltr'>qui</span> <span class='ocrx_word' id='word_1_249' title='bbox 1158 2288 1196 2345; x_wconf 86' lang='lat' dir='ltr'>ad</span> <span class='ocrx_word' id='word_1_250' title='bbox 1209 2307 1345 2363; x_wconf 90' lang='lat' dir='ltr'>magnum</span> <span class='ocrx_word' id='word_1_251' title='bbox 1360 2296 1390 2346; x_wconf 91' lang='lat' dir='ltr'>et</span> <span class='ocrx_word' id='word_1_252' title='bbox 1404 2307 1457 2346; x_wconf 88' lang='lat' dir='ltr'>ex-</span> 
     </span>
     <span class='ocr_line' id='line_1_25' title="bbox 251 2367 1457 2448; baseline 0 -22"><span class='ocrx_word' id='word_1_253' title='bbox 251 2368 470 2426; x_wconf 88' lang='lat' dir='ltr'>traordinarium</span> <span class='ocrx_word' id='word_1_254' title='bbox 481 2389 553 2444; x_wconf 91' lang='lat' dir='ltr'>opus</span> <span class='ocrx_word' id='word_1_255' title='bbox 565 2369 755 2445; x_wconf 87' lang='lat' dir='ltr'>destinantur,</span> <span class='ocrx_word' id='word_1_256' title='bbox 772 2373 792 2430; x_wconf 90' lang='lat' dir='ltr'><strong>J</strong></span> <span class='ocrx_word' id='word_1_257' title='bbox 794 2372 843 2430; x_wconf 92' lang='lat' dir='ltr'>ud.</span> <span class='ocrx_word' id='word_1_258' title='bbox 854 2373 913 2431; x_wconf 88' lang='lat' dir='ltr'>xiv.</span> <span class='ocrx_word' id='word_1_259' title='bbox 924 2374 952 2445; x_wconf 82' lang='lat' dir='ltr'>G,</span> <span class='ocrx_word' id='word_1_260' title='bbox 968 2379 997 2430; x_wconf 91' lang='lat' dir='ltr'>et</span> <span class='ocrx_word' id='word_1_261' title='bbox 1010 2371 1133 2448; x_wconf 86' lang='lat' dir='ltr'>Spiritus</span> <span class='ocrx_word' id='word_1_262' title='bbox 1142 2367 1309 2444; x_wconf 84' lang='lat' dir='ltr'>supervenit</span> <span class='ocrx_word' id='word_1_263' title='bbox 1318 2368 1346 2423; x_wconf 94' lang='lat' dir='ltr'>in</span> <span class='ocrx_word' id='word_1_264' title='bbox 1359 2367 1457 2443; x_wconf 85' lang='lat' dir='ltr'>Apos-</span> 
     </span>
     <span class='ocr_line' id='line_1_26' title="bbox 251 2447 1457 2526; baseline 0 -22"><span class='ocrx_word' id='word_1_265' title='bbox 251 2447 335 2519; x_wconf 89' lang='lat' dir='ltr'>tolos,</span> <span class='ocrx_word' id='word_1_266' title='bbox 352 2466 440 2522; x_wconf 89' lang='lat' dir='ltr'>quum</span> <span class='ocrx_word' id='word_1_267' title='bbox 455 2449 568 2506; x_wconf 67' lang='lat' dir='ltr'>caelitus</span> <span class='ocrx_word' id='word_1_268' title='bbox 582 2449 620 2506; x_wconf 88' lang='lat' dir='ltr'>ad</span> <span class='ocrx_word' id='word_1_269' title='bbox 634 2470 685 2508; x_wconf 89' lang='lat' dir='ltr'>eos</span> <span class='ocrx_word' id='word_1_270' title='bbox 699 2451 929 2523; x_wconf 87' lang='lat' dir='ltr'>sanctificandos,</span> <span class='ocrx_word' id='word_1_271' title='bbox 945 2461 974 2508; x_wconf 88' lang='lat' dir='ltr'>et</span> <span class='ocrx_word' id='word_1_272' title='bbox 988 2451 1017 2507; x_wconf 88' lang='lat' dir='ltr'>in</span> <span class='ocrx_word' id='word_1_273' title='bbox 1037 2469 1109 2526; x_wconf 89' lang='lat' dir='ltr'>opus</span> <span class='ocrx_word' id='word_1_274' title='bbox 1125 2447 1277 2522; x_wconf 85' lang='lat' dir='ltr'>Evangelii</span> <span class='ocrx_word' id='word_1_275' title='bbox 1293 2467 1457 2523; x_wconf 74' lang='lat' dir='ltr'>praeparan-</span> 
     </span>
     <span class='ocr_line' id='line_1_27' title="bbox 251 2525 1457 2606; baseline 0 -22"><span class='ocrx_word' id='word_1_276' title='bbox 251 2525 304 2584; x_wconf 87' lang='lat' dir='ltr'>dos</span> <span class='ocrx_word' id='word_1_277' title='bbox 319 2527 481 2602; x_wconf 89' lang='lat' dir='ltr'>linguarum</span> <span class='ocrx_word' id='word_1_278' title='bbox 497 2528 646 2603; x_wconf 87' lang='lat' dir='ltr'>ignearum</span> <span class='ocrx_word' id='word_1_279' title='bbox 662 2531 756 2606; x_wconf 91' lang='lat' dir='ltr'>specie</span> <span class='ocrx_word' id='word_1_280' title='bbox 770 2531 875 2588; x_wconf 90' lang='lat' dir='ltr'>missus</span> <span class='ocrx_word' id='word_1_281' title='bbox 890 2541 942 2604; x_wconf 88' lang='lat' dir='ltr'>est,</span> <span class='ocrx_word' id='word_1_282' title='bbox 960 2530 1027 2588; x_wconf 87' lang='lat' dir='ltr'>Act.</span> <span class='ocrx_word' id='word_1_283' title='bbox 1039 2530 1057 2586; x_wconf 95' lang='lat' dir='ltr'>i.</span> <span class='ocrx_word' id='word_1_284' title='bbox 1074 2531 1101 2586; x_wconf 85' lang='lat'>8.</span> <span class='ocrx_word' id='word_1_285' title='bbox 1118 2528 1319 2585; x_wconf 57' lang='lat' dir='ltr'>Perimam</span> <span class='ocrx_word' id='word_1_286' title='bbox 1329 2526 1457 2602; x_wconf 88' lang='lat' dir='ltr'>peculia-</span> 
     </span>
     <span class='ocr_line' id='line_1_28' title="bbox 250 2605 1458 2686; baseline 0.002 -24"><span class='ocrx_word' id='word_1_287' title='bbox 250 2605 320 2662; x_wconf 90' lang='lat' dir='ltr'>riter</span> <span class='ocrx_word' id='word_1_288' title='bbox 334 2617 449 2664; x_wconf 90' lang='lat' dir='ltr'>notatur</span> <span class='ocrx_word' id='word_1_289' title='bbox 464 2610 560 2664; x_wconf 83' lang='lat' dir='ltr'>arodus</span> <span class='ocrx_word' id='word_1_290' title='bbox 575 2609 651 2666; x_wconf 75' lang='lat' dir='ltr'>istius</span> <span class='ocrx_word' id='word_1_291' title='bbox 662 2611 840 2685; x_wconf 84' lang='lat' dir='ltr'>operationis,</span> <span class='ocrx_word' id='word_1_292' title='bbox 863 2610 912 2686; x_wconf 90' lang='lat' dir='ltr'>qui</span> <span class='ocrx_word' id='word_1_293' title='bbox 927 2609 982 2667; x_wconf 88' lang='lat' dir='ltr'>fuit</span> <span class='ocrx_word' id='word_1_294' title='bbox 1000 2613 1023 2666; x_wconf 93' lang='grc'>1.</span> <span class='ocrx_word' id='word_1_295' title='bbox 1041 2609 1246 2684; x_wconf 79' lang='lat' dir='ltr'>potentissimus</span> <span class='ocrx_word' id='word_1_296' title='bbox 1268 2605 1305 2663; x_wconf 89' lang='lat' dir='ltr'>ad</span> <span class='ocrx_word' id='word_1_297' title='bbox 1319 2607 1458 2682; x_wconf 85' lang='lat' dir='ltr'>protecti-</span> 
     </span>
     <span class='ocr_line' id='line_1_29' title="bbox 251 2686 1456 2766; baseline 0.001 -23"><span class='ocrx_word' id='word_1_298' title='bbox 251 2704 334 2743; x_wconf 89' lang='lat' dir='ltr'>onem</span> <span class='ocrx_word' id='word_1_299' title='bbox 350 2695 378 2744; x_wconf 90' lang='lat' dir='ltr'>et</span> <span class='ocrx_word' id='word_1_300' title='bbox 393 2687 566 2762; x_wconf 70' lang='lat' dir='ltr'>praesidium,</span> <span class='ocrx_word' id='word_1_301' title='bbox 583 2708 618 2746; x_wconf 92' lang='lat' dir='ltr'>ne</span> <span class='ocrx_word' id='word_1_302' title='bbox 634 2689 668 2748; x_wconf 91' lang='lat' dir='ltr'>B.</span> <span class='ocrx_word' id='word_1_303' title='bbox 687 2690 778 2766; x_wconf 86' lang='lat' dir='ltr'>Virgo</span> <span class='ocrx_word' id='word_1_304' title='bbox 793 2689 891 2746; x_wconf 85' lang='lat' dir='ltr'>divina</span> <span class='ocrx_word' id='word_1_305' title='bbox 905 2691 1055 2765; x_wconf 88' lang='lat' dir='ltr'>majestate</span> <span class='ocrx_word' id='word_1_306' title='bbox 1070 2695 1304 2760; x_wconf 72' lang='lat' dir='ltr'>consumeretur,</span> <span class='ocrx_word' id='word_1_307' title='bbox 1320 2691 1348 2742; x_wconf 78' lang='lat'>2.</span> <span class='ocrx_word' id='word_1_308' title='bbox 1364 2686 1456 2756; x_wconf 70' lang='lat' dir='ltr'>effica-</span> 
     </span>
     <span class='ocr_line' id='line_1_30' title="bbox 251 2764 1457 2845; baseline 0.001 -23"><span class='ocrx_word' id='word_1_309' title='bbox 251 2764 422 2823; x_wconf 80' lang='lat' dir='ltr'>cissimusad</span> <span class='ocrx_word' id='word_1_310' title='bbox 435 2767 685 2843; x_wconf 89' lang='lat' dir='ltr'>foecundationem,</span> <span class='ocrx_word' id='word_1_311' title='bbox 709 2779 741 2828; x_wconf 88' lang='lat' dir='ltr'>ut</span> <span class='ocrx_word' id='word_1_312' title='bbox 762 2768 823 2826; x_wconf 92' lang='lat' dir='ltr'>sine</span> <span class='ocrx_word' id='word_1_313' title='bbox 845 2789 898 2845; x_wconf 87' lang='lat' dir='ltr'>ope</span> <span class='ocrx_word' id='word_1_314' title='bbox 915 2770 976 2826; x_wconf 90' lang='lat' dir='ltr'>ulla</span> <span class='ocrx_word' id='word_1_315' title='bbox 996 2768 1053 2824; x_wconf 89' lang='lat' dir='ltr'>viri</span> <span class='ocrx_word' id='word_1_316' title='bbox 1072 2769 1235 2842; x_wconf 88' lang='lat' dir='ltr'>conciperet</span> <span class='ocrx_word' id='word_1_317' title='bbox 1256 2766 1285 2823; x_wconf 93' lang='lat' dir='ltr'>in</span> <span class='ocrx_word' id='word_1_318' title='bbox 1300 2775 1401 2824; x_wconf 87' lang='lat' dir='ltr'>utero:</span> <span class='ocrx_word' id='word_1_319' title='bbox 1424 2774 1457 2823; x_wconf 86' lang='lat' dir='ltr'>ut</span> 
     </span>
     <span class='ocr_line' id='line_1_31' title="bbox 251 2844 1457 2924; baseline -0.002 -20"><span class='ocrx_word' id='word_1_320' title='bbox 251 2846 314 2904; x_wconf 85' lang='lat' dir='ltr'>avis</span> <span class='ocrx_word' id='word_1_321' title='bbox 329 2865 385 2903; x_wconf 89' lang='lat' dir='ltr'>ova</span> <span class='ocrx_word' id='word_1_322' title='bbox 399 2865 451 2904; x_wconf 87' lang='lat' dir='ltr'>sua</span> <span class='ocrx_word' id='word_1_323' title='bbox 465 2855 571 2924; x_wconf 88' lang='lat' dir='ltr'>tegere,</span> <span class='ocrx_word' id='word_1_324' title='bbox 593 2846 691 2906; x_wconf 88' lang='lat' dir='ltr'>fovere</span> <span class='ocrx_word' id='word_1_325' title='bbox 712 2857 741 2906; x_wconf 89' lang='lat' dir='ltr'>et</span> <span class='ocrx_word' id='word_1_326' title='bbox 761 2848 797 2906; x_wconf 93' lang='lat' dir='ltr'>iis</span> <span class='ocrx_word' id='word_1_327' title='bbox 818 2849 953 2906; x_wconf 89' lang='lat' dir='ltr'>incubare</span> <span class='ocrx_word' id='word_1_328' title='bbox 974 2847 1088 2921; x_wconf 91' lang='lat' dir='ltr'>dicitur,</span> <span class='ocrx_word' id='word_1_329' title='bbox 1117 2854 1149 2904; x_wconf 91' lang='lat' dir='ltr'>ut</span> <span class='ocrx_word' id='word_1_330' title='bbox 1164 2846 1255 2922; x_wconf 87' lang='lat' dir='ltr'>ipsius</span> <span class='ocrx_word' id='word_1_331' title='bbox 1274 2845 1368 2902; x_wconf 90' lang='lat' dir='ltr'>calore</span> <span class='ocrx_word' id='word_1_332' title='bbox 1383 2844 1457 2921; x_wconf 91' lang='lat' dir='ltr'>pulli</span> 
     </span>
     <span class='ocr_line' id='line_1_32' title="bbox 251 2923 1458 3002; baseline 0.002 -22"><span class='ocrx_word' id='word_1_333' title='bbox 251 2925 408 3002; x_wconf 87' lang='lat' dir='ltr'>gignantur</span> <span class='ocrx_word' id='word_1_334' title='bbox 422 2935 451 2984; x_wconf 89' lang='lat' dir='ltr'>et</span> <span class='ocrx_word' id='word_1_335' title='bbox 465 2926 663 3001; x_wconf 88' lang='lat' dir='ltr'>excludantur,</span> <span class='ocrx_word' id='word_1_336' title='bbox 680 2929 802 2987; x_wconf 89' lang='lat' dir='ltr'>allusive</span> <span class='ocrx_word' id='word_1_337' title='bbox 817 2928 855 2986; x_wconf 89' lang='lat' dir='ltr'>ad</span> <span class='ocrx_word' id='word_1_338' title='bbox 880 2928 1069 3000; x_wconf 83' lang='lat' dir='ltr'>Creationem,</span> <span class='ocrx_word' id='word_1_339' title='bbox 1095 2925 1124 2983; x_wconf 92' lang='lat' dir='ltr'>in</span> <span class='ocrx_word' id='word_1_340' title='bbox 1139 2943 1196 3001; x_wconf 88' lang='lat' dir='ltr'>qua</span> <span class='ocrx_word' id='word_1_341' title='bbox 1213 2923 1336 3000; x_wconf 89' lang='lat' dir='ltr'>Spiritus</span> <span class='ocrx_word' id='word_1_342' title='bbox 1350 2923 1458 2982; x_wconf 88' lang='lat' dir='ltr'>dieitur</span> 
     </span>
     <span class='ocr_line' id='line_1_33' title="bbox 252 3004 1455 3082; baseline -0.001 -20"><span class='ocrx_word' id='word_1_343' title='bbox 252 3004 416 3064; x_wconf 88' lang='lat' dir='ltr'>incubuisse</span> <span class='ocrx_word' id='word_1_344' title='bbox 432 3007 522 3082; x_wconf 88' lang='lat' dir='ltr'>aquis,</span> <span class='ocrx_word' id='word_1_345' title='bbox 546 3007 620 3065; x_wconf 81' lang='lat' dir='ltr'>Gen.</span> <span class='ocrx_word' id='word_1_346' title='bbox 642 3007 661 3066; x_wconf 90' lang='lat' dir='ltr'>i.</span> <span class='ocrx_word' id='word_1_347' title='bbox 677 3013 704 3082; x_wconf 83' lang='lat'>2,</span> <span class='ocrx_word' id='word_1_348' title='bbox 720 3018 753 3066; x_wconf 91' lang='lat' dir='ltr'>ut</span> <span class='ocrx_word' id='word_1_349' title='bbox 773 3028 807 3066; x_wconf 89' lang='lat' dir='ltr'>ea</span> <span class='ocrx_word' id='word_1_350' title='bbox 821 3009 929 3067; x_wconf 85' lang='lat' dir='ltr'>virtute</span> <span class='ocrx_word' id='word_1_351' title='bbox 943 3008 1069 3065; x_wconf 88' lang='lat' dir='ltr'>oriturus</span> <span class='ocrx_word' id='word_1_352' title='bbox 1090 3004 1144 3062; x_wconf 88' lang='lat' dir='ltr'>iste</span> <span class='ocrx_word' id='word_1_353' title='bbox 1159 3004 1245 3062; x_wconf 83' lang='lat' dir='ltr'>foetus</span> <span class='ocrx_word' id='word_1_354' title='bbox 1259 3004 1380 3078; x_wconf 88' lang='lat' dir='ltr'>dicatur,</span> <span class='ocrx_word' id='word_1_355' title='bbox 1396 3023 1455 3080; x_wconf 91' lang='lat' dir='ltr'>qua</span> 
     </span>
     <span class='ocr_line' id='line_1_34' title="bbox 250 3083 1456 3163; baseline -0.001 -22"><span class='ocrx_word' id='word_1_356' title='bbox 250 3085 375 3142; x_wconf 88' lang='lat' dir='ltr'>mundus</span> <span class='ocrx_word' id='word_1_357' title='bbox 397 3087 547 3144; x_wconf 88' lang='lat' dir='ltr'>exordium</span> <span class='ocrx_word' id='word_1_358' title='bbox 568 3088 697 3163; x_wconf 88' lang='lat' dir='ltr'>sumpsit.</span> <span class='ocrx_word' id='word_1_359' title='bbox 741 3091 768 3146; x_wconf 91' lang='lat'>3.</span> <span class='ocrx_word' id='word_1_360' title='bbox 791 3107 914 3146; x_wconf 81' lang='lat' dir='ltr'>arcanus</span> <span class='ocrx_word' id='word_1_361' title='bbox 928 3084 1249 3160; x_wconf 81' lang='lat' dir='ltr'>etiacomprelreaaibilis,</span> <span class='ocrx_word' id='word_1_362' title='bbox 1278 3083 1328 3160; x_wconf 90' lang='lat' dir='ltr'>qui</span> <span class='ocrx_word' id='word_1_363' title='bbox 1343 3101 1397 3141; x_wconf 87' lang='lat' dir='ltr'>nee</span> <span class='ocrx_word' id='word_1_364' title='bbox 1411 3103 1456 3140; x_wconf 88' lang='lat' dir='ltr'>ra·</span> 
     </span>
     <span class='ocr_line' id='line_1_35' title="bbox 250 3163 1456 3244; baseline -0.001 -23"><span class='ocrx_word' id='word_1_365' title='bbox 250 3163 327 3222; x_wconf 91' lang='lat' dir='ltr'>tione</span> <span class='ocrx_word' id='word_1_366' title='bbox 343 3165 541 3241; x_wconf 86' lang='lat' dir='ltr'>pervestigari,</span> <span class='ocrx_word' id='word_1_367' title='bbox 557 3187 609 3224; x_wconf 88' lang='lat' dir='ltr'>nec</span> <span class='ocrx_word' id='word_1_368' title='bbox 625 3187 755 3225; x_wconf 88' lang='lat' dir='ltr'>sermone</span> <span class='ocrx_word' id='word_1_369' title='bbox 769 3168 895 3225; x_wconf 87' lang='lat' dir='ltr'>enarrari</span> <span class='ocrx_word' id='word_1_370' title='bbox 906 3175 1009 3244; x_wconf 88' lang='lat' dir='ltr'>potest.</span> <span class='ocrx_word' id='word_1_371' title='bbox 1052 3165 1114 3238; x_wconf 79' lang='lat' dir='ltr'>Quo</span> <span class='ocrx_word' id='word_1_372' title='bbox 1130 3172 1240 3240; x_wconf 85' lang='lat' dir='ltr'>spectat</span> <span class='ocrx_word' id='word_1_373' title='bbox 1253 3163 1340 3220; x_wconf 92' lang='lat' dir='ltr'>nubis</span> <span class='ocrx_word' id='word_1_374' title='bbox 1355 3163 1456 3220; x_wconf 90' lang='lat' dir='ltr'>obum-</span> 
     </span>
     <span class='ocr_line' id='line_1_36' title="bbox 250 3242 1455 3322; baseline -0.001 -22"><span class='ocrx_word' id='word_1_375' title='bbox 250 3242 344 3301; x_wconf 90' lang='lat' dir='ltr'>bratio</span> <span class='ocrx_word' id='word_1_376' title='bbox 358 3244 389 3299; x_wconf 93' lang='lat' dir='ltr'>in</span> <span class='ocrx_word' id='word_1_377' title='bbox 403 3243 609 3318; x_wconf 87' lang='lat' dir='ltr'>Tabernaeulo,</span> <span class='ocrx_word' id='word_1_378' title='bbox 626 3246 721 3304; x_wconf 83' lang='lat' dir='ltr'>Exod.</span> <span class='ocrx_word' id='word_1_379' title='bbox 736 3247 777 3304; x_wconf 92' lang='lat' dir='ltr'>xl.</span> <span class='ocrx_word' id='word_1_380' title='bbox 793 3249 840 3321; x_wconf 80' lang='lat'>35,</span> <span class='ocrx_word' id='word_1_381' title='bbox 857 3256 886 3304; x_wconf 91' lang='lat' dir='ltr'>et</span> <span class='ocrx_word' id='word_1_382' title='bbox 908 3246 986 3322; x_wconf 91' lang='lat' dir='ltr'>quod</span> <span class='ocrx_word' id='word_1_383' title='bbox 998 3243 1153 3303; x_wconf 84' lang='lat' dir='ltr'>Clrarubini</span> <span class='ocrx_word' id='word_1_384' title='bbox 1168 3242 1380 3300; x_wconf 87' lang='lat' dir='ltr'>obumbrabant</span> <span class='ocrx_word' id='word_1_385' title='bbox 1396 3242 1455 3299; x_wconf 86' lang='lat' dir='ltr'>Ar·</span> 
     </span>
     <span class='ocr_line' id='line_1_37' title="bbox 251 3321 1456 3395; baseline 0.002 -17"><span class='ocrx_word' id='word_1_386' title='bbox 251 3325 353 3395; x_wconf 81' lang='lat' dir='ltr'>cam,2</span> <span class='ocrx_word' id='word_1_387' title='bbox 377 3321 471 3378; x_wconf 91' lang='lat' dir='ltr'>Paral.</span> <span class='ocrx_word' id='word_1_388' title='bbox 500 3343 527 3382; x_wconf 88' lang='lat' dir='ltr'>v.</span> <span class='ocrx_word' id='word_1_389' title='bbox 541 3326 568 3380; x_wconf 87' lang='lat'>8.</span> <span class='ocrx_word' id='word_1_390' title='bbox 614 3325 658 3381; x_wconf 88' lang='lat' dir='ltr'>Ita</span> <span class='ocrx_word' id='word_1_391' title='bbox 674 3325 753 3383; x_wconf 89' lang='lat' dir='ltr'>Deus</span> <span class='ocrx_word' id='word_1_392' title='bbox 781 3326 828 3383; x_wconf 89' lang='lat' dir='ltr'>hie</span> <span class='ocrx_word' id='word_1_393' title='bbox 855 3326 986 3384; x_wconf 86' lang='lat' dir='ltr'>umbram</span> <span class='ocrx_word' id='word_1_394' title='bbox 1011 3323 1154 3382; x_wconf 88' lang='lat' dir='ltr'>obducere</span> <span class='ocrx_word' id='word_1_395' title='bbox 1182 3323 1276 3381; x_wconf 86' lang='lat' dir='ltr'>voluit</span> <span class='ocrx_word' id='word_1_396' title='bbox 1290 3321 1411 3379; x_wconf 72' lang='lat' dir='ltr'>occultae</span> <span class='ocrx_word' id='word_1_397' title='bbox 1427 3329 1456 3380; x_wconf 89' lang='lat' dir='ltr'>et</span> 
     </span>
     <span class='ocr_line' id='line_1_38' title="bbox 249 3399 1456 3482; baseline 0.002 -26"><span class='ocrx_word' id='word_1_398' title='bbox 249 3399 546 3474; x_wconf 89' lang='lat' dir='ltr'>incompreheusibilis</span> <span class='ocrx_word' id='word_1_399' title='bbox 562 3403 673 3482; x_wconf 66' lang='grc' dir='ltr'><strong><em>ἐιιςγιίιιι</em></strong></span> <span class='ocrx_word' id='word_1_400' title='bbox 688 3404 820 3478; x_wconf 89' lang='lat' dir='ltr'>iudicem,</span> <span class='ocrx_word' id='word_1_401' title='bbox 835 3425 872 3461; x_wconf 91' lang='lat' dir='ltr'>ne</span> <span class='ocrx_word' id='word_1_402' title='bbox 886 3425 939 3462; x_wconf 90' lang='lat' dir='ltr'>nos</span> <span class='ocrx_word' id='word_1_403' title='bbox 954 3406 982 3462; x_wconf 93' lang='lat' dir='ltr'>in</span> <span class='ocrx_word' id='word_1_404' title='bbox 992 3403 1109 3460; x_wconf 91' lang='lat' dir='ltr'>modum</span> <span class='ocrx_word' id='word_1_405' title='bbox 1121 3401 1204 3460; x_wconf 88' lang='lat' dir='ltr'>istius</span> <span class='ocrx_word' id='word_1_406' title='bbox 1218 3401 1347 3478; x_wconf 80' lang='lat' dir='ltr'>mysterii</span> <span class='ocrx_word' id='word_1_407' title='bbox 1363 3402 1456 3458; x_wconf 91' lang='lat' dir='ltr'>curio·</span> 
     </span>
     <span class='ocr_line' id='line_1_39' title="bbox 251 3477 1454 3560; baseline 0.002 -25"><span class='ocrx_word' id='word_1_408' title='bbox 251 3478 310 3536; x_wconf 88' lang='lat' dir='ltr'>sius</span> <span class='ocrx_word' id='word_1_409' title='bbox 325 3477 511 3553; x_wconf 79' lang='lat' dir='ltr'>inquiramus</span> <span class='ocrx_word' id='word_1_410' title='bbox 549 3483 596 3538; x_wconf 88' lang='lat' dir='ltr'>Sic</span> <span class='ocrx_word' id='word_1_411' title='bbox 619 3483 752 3558; x_wconf 84' lang='lat' dir='ltr'>Angelus</span> <span class='ocrx_word' id='word_1_412' title='bbox 773 3484 902 3559; x_wconf 89' lang='lat' dir='ltr'>apposito</span> <span class='ocrx_word' id='word_1_413' title='bbox 924 3483 1078 3560; x_wconf 88' lang='lat' dir='ltr'>respondet</span> <span class='ocrx_word' id='word_1_414' title='bbox 1100 3483 1134 3538; x_wconf 88' lang='grc' dir='ltr'>Β.</span> <span class='ocrx_word' id='word_1_415' title='bbox 1150 3481 1281 3557; x_wconf 87' lang='lat' dir='ltr'>Virginis</span> <span class='ocrx_word' id='word_1_416' title='bbox 1299 3480 1454 3558; x_wconf 88' lang='lat' dir='ltr'>postulato,</span> 
     </span>
     <span class='ocr_line' id='line_1_40' title="bbox 250 3558 1453 3638; baseline 0.004 -25"><span class='ocrx_word' id='word_1_417' title='bbox 250 3577 314 3633; x_wconf 76' lang='lat' dir='ltr'>quae</span> <span class='ocrx_word' id='word_1_418' title='bbox 330 3576 389 3614; x_wconf 90' lang='lat' dir='ltr'>rem</span> <span class='ocrx_word' id='word_1_419' title='bbox 404 3558 484 3616; x_wconf 88' lang='lat' dir='ltr'>volut</span> <span class='ocrx_word' id='word_1_420' title='bbox 498 3559 704 3634; x_wconf 88' lang='lat' dir='ltr'>impossibilem</span> <span class='ocrx_word' id='word_1_421' title='bbox 726 3561 900 3636; x_wconf 89' lang='lat' dir='ltr'>intuebatur,</span> <span class='ocrx_word' id='word_1_422' title='bbox 923 3583 957 3621; x_wconf 92' lang='lat' dir='ltr'>eo</span> <span class='ocrx_word' id='word_1_423' title='bbox 971 3561 1049 3638; x_wconf 87' lang='lat' dir='ltr'>quod</span> <span class='ocrx_word' id='word_1_424' title='bbox 1071 3562 1165 3618; x_wconf 91' lang='lat' dir='ltr'>virum</span> <span class='ocrx_word' id='word_1_425' title='bbox 1179 3580 1236 3618; x_wconf 90' lang='lat' dir='ltr'>non</span> <span class='ocrx_word' id='word_1_426' title='bbox 1253 3560 1453 3636; x_wconf 75' lang='lat' dir='ltr'>cognoscent,</span> 
     </span>
     <span class='ocr_line' id='line_1_41' title="bbox 251 3636 1456 3718; baseline 0.002 -24"><span class='ocrx_word' id='word_1_427' title='bbox 251 3636 317 3694; x_wconf 89' lang='lat' dir='ltr'>Hoc</span> <span class='ocrx_word' id='word_1_428' title='bbox 327 3636 382 3712; x_wconf 91' lang='lat' dir='ltr'>ipsi</span> <span class='ocrx_word' id='word_1_429' title='bbox 396 3637 499 3694; x_wconf 90' lang='lat' dir='ltr'>mirum</span> <span class='ocrx_word' id='word_1_430' title='bbox 515 3639 606 3696; x_wconf 90' lang='lat' dir='ltr'>videri</span> <span class='ocrx_word' id='word_1_431' title='bbox 620 3660 678 3698; x_wconf 90' lang='lat' dir='ltr'>non</span> <span class='ocrx_word' id='word_1_432' title='bbox 693 3641 805 3716; x_wconf 89' lang='lat' dir='ltr'>debere,</span> <span class='ocrx_word' id='word_1_433' title='bbox 832 3641 972 3718; x_wconf 90' lang='lat' dir='ltr'>siquidem</span> <span class='ocrx_word' id='word_1_434' title='bbox 992 3642 1047 3699; x_wconf 92' lang='lat' dir='ltr'>hoc</span> <span class='ocrx_word' id='word_1_435' title='bbox 1062 3660 1120 3698; x_wconf 93' lang='lat' dir='ltr'>non</span> <span class='ocrx_word' id='word_1_436' title='bbox 1134 3640 1172 3699; x_wconf 88' lang='lat' dir='ltr'>sit</span> <span class='ocrx_word' id='word_1_437' title='bbox 1186 3640 1313 3700; x_wconf 87' lang='lat' dir='ltr'>futumrn</span> <span class='ocrx_word' id='word_1_438' title='bbox 1328 3641 1456 3697; x_wconf 85' lang='lat' dir='ltr'>humana</span> 
     </span>
     <span class='ocr_line' id='line_1_42' title="bbox 250 3715 1454 3799; baseline 0.002 -25"><span class='ocrx_word' id='word_1_439' title='bbox 250 3735 344 3793; x_wconf 88' lang='lat' dir='ltr'>opera,</span> <span class='ocrx_word' id='word_1_440' title='bbox 360 3715 412 3774; x_wconf 89' lang='lat' dir='ltr'>sed</span> <span class='ocrx_word' id='word_1_441' title='bbox 438 3717 545 3775; x_wconf 88' lang='lat' dir='ltr'>virtute</span> <span class='ocrx_word' id='word_1_442' title='bbox 571 3719 635 3793; x_wconf 89' lang='lat' dir='ltr'>Dei,</span> <span class='ocrx_word' id='word_1_443' title='bbox 665 3721 710 3778; x_wconf 91' lang='lat' dir='ltr'>cui</span> <span class='ocrx_word' id='word_1_444' title='bbox 725 3722 798 3778; x_wconf 92' lang='lat' dir='ltr'>nihil</span> <span class='ocrx_word' id='word_1_445' title='bbox 824 3721 1011 3799; x_wconf 89' lang='lat' dir='ltr'>impossibile,</span> <span class='ocrx_word' id='word_1_446' title='bbox 1037 3729 1066 3779; x_wconf 88' lang='lat' dir='ltr'>et</span> <span class='ocrx_word' id='word_1_447' title='bbox 1079 3720 1165 3777; x_wconf 91' lang='lat' dir='ltr'>modo</span> <span class='ocrx_word' id='word_1_448' title='bbox 1179 3721 1264 3797; x_wconf 85' lang='lat' dir='ltr'>plane</span> <span class='ocrx_word' id='word_1_449' title='bbox 1279 3719 1454 3793; x_wconf 86' lang='lat' dir='ltr'>admirabili,</span> 
     </span>
     <span class='ocr_line' id='line_1_43' title="bbox 250 3796 787 3872; baseline 0.015 -21"><span class='ocrx_word' id='word_1_450' title='bbox 250 3815 335 3872; x_wconf 91' lang='lat' dir='ltr'>quem</span> <span class='ocrx_word' id='word_1_451' title='bbox 350 3796 446 3853; x_wconf 90' lang='lat' dir='ltr'>mirari</span> <span class='ocrx_word' id='word_1_452' title='bbox 461 3796 569 3872; x_wconf 88' lang='lat' dir='ltr'>deccat,</span> <span class='ocrx_word' id='word_1_453' title='bbox 585 3819 643 3856; x_wconf 91' lang='lat' dir='ltr'>non</span> <span class='ocrx_word' id='word_1_454' title='bbox 658 3802 787 3859; x_wconf 87' lang='lat' dir='ltr'>scrutari.</span> 
     </span>
    </p>

    <p class='ocr_par' dir='ltr' id='par_1_7' title="bbox 248 3875 1455 4749">
     <span class='ocr_line' id='line_1_44' title="bbox 289 3875 1454 3956; baseline 0.003 -24"><span class='ocrx_word' id='word_1_455' title='bbox 289 3875 331 3933; x_wconf 92' lang='lat' dir='ltr'>X.</span> <span class='ocrx_word' id='word_1_456' title='bbox 355 3877 427 3933; x_wconf 75' lang='lat' dir='ltr'>Dure</span> <span class='ocrx_word' id='word_1_457' title='bbox 442 3885 537 3934; x_wconf 73' lang='lat' dir='ltr'>aretem</span> <span class='ocrx_word' id='word_1_458' title='bbox 553 3878 599 3936; x_wconf 87' lang='lat' dir='ltr'>liic</span> <span class='ocrx_word' id='word_1_459' title='bbox 613 3881 764 3956; x_wconf 75' lang='lat' dir='ltr'>praecipuae</span> <span class='ocrx_word' id='word_1_460' title='bbox 778 3881 894 3939; x_wconf 88' lang='lat' dir='ltr'>fuerunt</span> <span class='ocrx_word' id='word_1_461' title='bbox 910 3881 1034 3956; x_wconf 88' lang='lat' dir='ltr'>Spiritus</span> <span class='ocrx_word' id='word_1_462' title='bbox 1050 3881 1079 3938; x_wconf 89' lang='lat' dir='ltr'>S.</span> <span class='ocrx_word' id='word_1_463' title='bbox 1096 3879 1275 3954; x_wconf 88' lang='lat' dir='ltr'>operationes</span> <span class='ocrx_word' id='word_1_464' title='bbox 1292 3900 1299 3937; x_wconf 90' lang='lat'><strong>:</strong></span> <span class='ocrx_word' id='word_1_465' title='bbox 1324 3881 1350 3938; x_wconf 91' lang='lat'>1.</span> <span class='ocrx_word' id='word_1_466' title='bbox 1366 3887 1454 3936; x_wconf 77' lang='lat' dir='ltr'>reate·</span> 
     </span>
     <span class='ocr_line' id='line_1_45' title="bbox 249 3956 1455 4037; baseline 0.002 -23"><span class='ocrx_word' id='word_1_467' title='bbox 249 3956 301 4014; x_wconf 81' lang='lat' dir='ltr'>rice</span> <span class='ocrx_word' id='word_1_468' title='bbox 307 3959 504 4031; x_wconf 52' lang='lat' dir='ltr'>preparatis·</span> <span class='ocrx_word' id='word_1_469' title='bbox 519 3961 546 4014; x_wconf 83' lang='lat'>2.</span> <span class='ocrx_word' id='word_1_470' title='bbox 560 3979 596 4016; x_wconf 86' lang='lat' dir='ltr'>ex</span> <span class='ocrx_word' id='word_1_471' title='bbox 612 3961 731 4017; x_wconf 89' lang='lat' dir='ltr'>materia</span> <span class='ocrx_word' id='word_1_472' title='bbox 745 3970 904 4037; x_wconf 79' lang='lat' dir='ltr'>praeparata</span> <span class='ocrx_word' id='word_1_473' title='bbox 919 3961 1055 4036; x_wconf 80' lang='lat' dir='ltr'>Corporis</span> <span class='ocrx_word' id='word_1_474' title='bbox 1066 3958 1325 4033; x_wconf 75' lang='lat' dir='ltr'>Christifhrmatr&#39;o.</span> <span class='ocrx_word' id='word_1_475' title='bbox 1355 3957 1455 4016; x_wconf 88' lang='lat' dir='ltr'>Primo</span> 
     </span>
     <span class='ocr_line' id='line_1_46' title="bbox 249 4036 1455 4116; baseline 0 -22"><span class='ocrx_word' id='word_1_476' title='bbox 249 4037 325 4094; x_wconf 91' lang='lat' dir='ltr'>enim</span> <span class='ocrx_word' id='word_1_477' title='bbox 340 4036 440 4094; x_wconf 88' lang='lat' dir='ltr'>debuit</span> <span class='ocrx_word' id='word_1_478' title='bbox 453 4038 601 4095; x_wconf 88' lang='lat' dir='ltr'>materiam</span> <span class='ocrx_word' id='word_1_479' title='bbox 616 4059 653 4096; x_wconf 88' lang='lat' dir='ltr'>ex</span> <span class='ocrx_word' id='word_1_480' title='bbox 669 4040 703 4098; x_wconf 90' lang='lat' dir='ltr'>B.</span> <span class='ocrx_word' id='word_1_481' title='bbox 720 4040 851 4116; x_wconf 86' lang='lat' dir='ltr'>Virginis</span> <span class='ocrx_word' id='word_1_482' title='bbox 866 4040 1027 4098; x_wconf 88' lang='lat' dir='ltr'>substantia</span> <span class='ocrx_word' id='word_1_483' title='bbox 1036 4039 1161 4097; x_wconf 87' lang='lat' dir='ltr'>decisam</span> <span class='ocrx_word' id='word_1_484' title='bbox 1173 4038 1276 4096; x_wconf 89' lang='lat' dir='ltr'>idonea</span> <span class='ocrx_word' id='word_1_485' title='bbox 1291 4037 1455 4095; x_wconf 86' lang='lat' dir='ltr'>sanetifica-</span> 
     </span>
     <span class='ocr_line' id='line_1_47' title="bbox 248 4115 1455 4192; baseline 0 -18"><span class='ocrx_word' id='word_1_486' title='bbox 248 4116 326 4174; x_wconf 91' lang='lat' dir='ltr'>tione</span> <span class='ocrx_word' id='word_1_487' title='bbox 341 4135 509 4192; x_wconf 78' lang='lat' dir='ltr'>praeparare,</span> <span class='ocrx_word' id='word_1_488' title='bbox 525 4137 583 4174; x_wconf 89' lang='lat' dir='ltr'>non</span> <span class='ocrx_word' id='word_1_489' title='bbox 598 4119 683 4176; x_wconf 93' lang='lat' dir='ltr'>modo</span> <span class='ocrx_word' id='word_1_490' title='bbox 698 4121 757 4176; x_wconf 86' lang='lat' dir='ltr'>vim</span> <span class='ocrx_word' id='word_1_491' title='bbox 772 4140 834 4178; x_wconf 87' lang='lat' dir='ltr'>eam</span> <span class='ocrx_word' id='word_1_492' title='bbox 849 4120 891 4177; x_wconf 90' lang='lat' dir='ltr'>illi</span> <span class='ocrx_word' id='word_1_493' title='bbox 906 4118 1039 4191; x_wconf 87' lang='lat' dir='ltr'>indende,</span> <span class='ocrx_word' id='word_1_494' title='bbox 1052 4127 1082 4177; x_wconf 91' lang='lat' dir='ltr'>et</span> <span class='ocrx_word' id='word_1_495' title='bbox 1095 4119 1132 4176; x_wconf 84' lang='lat' dir='ltr'>atl</span> <span class='ocrx_word' id='word_1_496' title='bbox 1150 4139 1211 4176; x_wconf 91' lang='lat' dir='ltr'>eam</span> <span class='ocrx_word' id='word_1_497' title='bbox 1227 4118 1405 4176; x_wconf 89' lang='lat' dir='ltr'>activitatem</span> <span class='ocrx_word' id='word_1_498' title='bbox 1420 4115 1455 4175; x_wconf 86' lang='lat' dir='ltr'>il-</span> 
     </span>
     <span class='ocr_line' id='line_1_48' title="bbox 248 4195 1455 4274; baseline 0.002 -22"><span class='ocrx_word' id='word_1_499' title='bbox 248 4195 306 4252; x_wconf 89' lang='lat' dir='ltr'>lam</span> <span class='ocrx_word' id='word_1_500' title='bbox 321 4195 469 4266; x_wconf 66' lang='lat' dir='ltr'>elevanda</span> <span class='ocrx_word' id='word_1_501' title='bbox 486 4215 549 4271; x_wconf 82' lang='lat' dir='ltr'>quae</span> <span class='ocrx_word' id='word_1_502' title='bbox 564 4197 601 4255; x_wconf 90' lang='lat' dir='ltr'>ad</span> <span class='ocrx_word' id='word_1_503' title='bbox 616 4200 829 4274; x_wconf 88' lang='lat' dir='ltr'>generationem</span> <span class='ocrx_word' id='word_1_504' title='bbox 844 4199 993 4271; x_wconf 88' lang='lat' dir='ltr'>sufficeret,</span> <span class='ocrx_word' id='word_1_505' title='bbox 1011 4200 1071 4256; x_wconf 88' lang='lat' dir='ltr'>sine</span> <span class='ocrx_word' id='word_1_506' title='bbox 1094 4199 1202 4256; x_wconf 88' lang='lat' dir='ltr'>semine</span> <span class='ocrx_word' id='word_1_507' title='bbox 1216 4197 1280 4270; x_wconf 86' lang='lat' dir='ltr'>riri,</span> <span class='ocrx_word' id='word_1_508' title='bbox 1304 4196 1455 4255; x_wconf 90' lang='lat' dir='ltr'>sedetiam</span> 
     </span>
     <span class='ocr_line' id='line_1_49' title="bbox 248 4273 1455 4354; baseline 0.005 -24"><span class='ocrx_word' id='word_1_509' title='bbox 248 4273 430 4350; x_wconf 88' lang='lat' dir='ltr'>repurgando</span> <span class='ocrx_word' id='word_1_510' title='bbox 445 4275 523 4332; x_wconf 88' lang='lat' dir='ltr'>illam</span> <span class='ocrx_word' id='word_1_511' title='bbox 538 4277 575 4333; x_wconf 88' lang='lat' dir='ltr'>ab</span> <span class='ocrx_word' id='word_1_512' title='bbox 600 4278 677 4336; x_wconf 93' lang='lat' dir='ltr'>omni</span> <span class='ocrx_word' id='word_1_513' title='bbox 705 4277 813 4354; x_wconf 88' lang='lat' dir='ltr'>peceati</span> <span class='ocrx_word' id='word_1_514' title='bbox 839 4279 913 4349; x_wconf 88' lang='lat' dir='ltr'>labe,</span> <span class='ocrx_word' id='word_1_515' title='bbox 928 4288 961 4336; x_wconf 90' lang='lat' dir='ltr'>ut</span> <span class='ocrx_word' id='word_1_516' title='bbox 971 4287 1047 4336; x_wconf 86' lang='lat' dir='ltr'>esset</span> <span class='ocrx_word' id='word_1_517' title='bbox 1063 4278 1171 4342; x_wconf 66' lang='lat' dir='ltr'>”maxa</span> <span class='ocrx_word' id='word_1_518' title='bbox 1186 4287 1214 4336; x_wconf 93' lang='lat' dir='ltr'>et</span> <span class='ocrx_word' id='word_1_519' title='bbox 1228 4280 1354 4352; x_wconf 69' lang='grc' dir='ltr'>ἇμίκιτις,</span> <span class='ocrx_word' id='word_1_520' title='bbox 1371 4286 1400 4334; x_wconf 90' lang='lat' dir='ltr'>et</span> <span class='ocrx_word' id='word_1_521' title='bbox 1414 4277 1455 4336; x_wconf 80' lang='lat' dir='ltr'>ita</span> 
     </span>
     <span class='ocr_line' id='line_1_50' title="bbox 249 4353 1453 4435; baseline 0.002 -25"><span class='ocrx_word' id='word_1_522' title='bbox 249 4353 380 4410; x_wconf 85' lang='lat' dir='ltr'>Christus</span> <span class='ocrx_word' id='word_1_523' title='bbox 395 4354 503 4430; x_wconf 89' lang='lat' dir='ltr'>absque</span> <span class='ocrx_word' id='word_1_524' title='bbox 517 4365 635 4431; x_wconf 88' lang='lat' dir='ltr'>peccato</span> <span class='ocrx_word' id='word_1_525' title='bbox 650 4367 823 4416; x_wconf 81' lang='lat' dir='ltr'>nasceretur.</span> <span class='ocrx_word' id='word_1_526' title='bbox 865 4358 942 4416; x_wconf 88' lang='lat' dir='ltr'>Nihil</span> <span class='ocrx_word' id='word_1_527' title='bbox 958 4367 1076 4435; x_wconf 78' lang='lat' dir='ltr'>etopus</span> <span class='ocrx_word' id='word_1_528' title='bbox 1088 4358 1125 4415; x_wconf 86' lang='lat' dir='ltr'>sit</span> <span class='ocrx_word' id='word_1_529' title='bbox 1139 4367 1289 4433; x_wconf 89' lang='lat' dir='ltr'>propterea</span> <span class='ocrx_word' id='word_1_530' title='bbox 1304 4356 1341 4414; x_wconf 90' lang='lat' dir='ltr'>ad</span> <span class='ocrx_word' id='word_1_531' title='bbox 1351 4356 1453 4413; x_wconf 90' lang='lat' dir='ltr'>imma·</span> 
     </span>
     <span class='ocr_line' id='line_1_51' title="bbox 249 4432 1452 4513; baseline 0.002 -24"><span class='ocrx_word' id='word_1_532' title='bbox 249 4432 372 4491; x_wconf 84' lang='lat' dir='ltr'>eulatam</span> <span class='ocrx_word' id='word_1_533' title='bbox 402 4434 502 4490; x_wconf 83' lang='lat' dir='ltr'>Mariae</span> <span class='ocrx_word' id='word_1_534' title='bbox 527 4436 743 4511; x_wconf 90' lang='lat' dir='ltr'>conceptionem</span> <span class='ocrx_word' id='word_1_535' title='bbox 771 4437 934 4513; x_wconf 86' lang='lat' dir='ltr'>confugere.</span> <span class='ocrx_word' id='word_1_536' title='bbox 978 4437 1116 4510; x_wconf 83' lang='lat' dir='ltr'>Quamvis</span> <span class='ocrx_word' id='word_1_537' title='bbox 1140 4437 1216 4494; x_wconf 88' lang='lat' dir='ltr'>enim</span> <span class='ocrx_word' id='word_1_538' title='bbox 1244 4437 1326 4493; x_wconf 89' lang='lat' dir='ltr'>nulla</span> <span class='ocrx_word' id='word_1_539' title='bbox 1353 4435 1392 4493; x_wconf 90' lang='lat' dir='ltr'>sit</span> <span class='ocrx_word' id='word_1_540' title='bbox 1415 4454 1452 4492; x_wconf 91' lang='lat' dir='ltr'>ex</span> 
     </span>
     <span class='ocr_line' id='line_1_52' title="bbox 250 4511 1452 4594; baseline 0.003 -26"><span class='ocrx_word' id='word_1_541' title='bbox 250 4511 394 4569; x_wconf 85' lang='lat' dir='ltr'>Creaturis</span> <span class='ocrx_word' id='word_1_542' title='bbox 408 4513 562 4588; x_wconf 90' lang='lat' dir='ltr'>quantavis</span> <span class='ocrx_word' id='word_1_543' title='bbox 577 4515 683 4572; x_wconf 87' lang='lat' dir='ltr'>virtute</span> <span class='ocrx_word' id='word_1_544' title='bbox 698 4515 813 4590; x_wconf 89' lang='lat' dir='ltr'>polleat,</span> <span class='ocrx_word' id='word_1_545' title='bbox 829 4536 894 4592; x_wconf 87' lang='lat' dir='ltr'>quae</span> <span class='ocrx_word' id='word_1_546' title='bbox 908 4516 1046 4574; x_wconf 87' lang='lat' dir='ltr'>mundum</span> <span class='ocrx_word' id='word_1_547' title='bbox 1062 4537 1099 4574; x_wconf 87' lang='lat' dir='ltr'>ex</span> <span class='ocrx_word' id='word_1_548' title='bbox 1113 4515 1261 4574; x_wconf 91' lang='lat' dir='ltr'>immundo</span> <span class='ocrx_word' id='word_1_549' title='bbox 1276 4515 1368 4594; x_wconf 90' lang='lat' dir='ltr'>possit</span> <span class='ocrx_word' id='word_1_550' title='bbox 1383 4513 1452 4572; x_wconf 85' lang='lat' dir='ltr'>edu-</span> 
     </span>
     <span class='ocr_line' id='line_1_53' title="bbox 249 4590 1452 4674; baseline 0.001 -26"><span class='ocrx_word' id='word_1_551' title='bbox 249 4609 321 4662; x_wconf 88' lang='lat' dir='ltr'>eere,</span> <span class='ocrx_word' id='word_1_552' title='bbox 344 4590 413 4649; x_wconf 84' lang='lat' dir='ltr'>Job.</span> <span class='ocrx_word' id='word_1_553' title='bbox 429 4592 490 4649; x_wconf 84' lang='lat' dir='ltr'>xiv.</span> <span class='ocrx_word' id='word_1_554' title='bbox 518 4596 546 4664; x_wconf 89' lang='grc'>4,</span> <span class='ocrx_word' id='word_1_555' title='bbox 576 4612 634 4650; x_wconf 90' lang='lat' dir='ltr'>non</span> <span class='ocrx_word' id='word_1_556' title='bbox 651 4603 805 4654; x_wconf 84' lang='lat' dir='ltr'>esttamen</span> <span class='ocrx_word' id='word_1_557' title='bbox 820 4615 857 4653; x_wconf 86' lang='lat' dir='ltr'>ex</span> <span class='ocrx_word' id='word_1_558' title='bbox 872 4615 906 4653; x_wconf 88' lang='lat' dir='ltr'>eo</span> <span class='ocrx_word' id='word_1_559' title='bbox 920 4595 1065 4654; x_wconf 89' lang='lat' dir='ltr'>metienda</span> <span class='ocrx_word' id='word_1_560' title='bbox 1081 4595 1136 4653; x_wconf 91' lang='lat' dir='ltr'>Dei</span> <span class='ocrx_word' id='word_1_561' title='bbox 1150 4597 1287 4674; x_wconf 86' lang='lat' dir='ltr'>potentia,</span> <span class='ocrx_word' id='word_1_562' title='bbox 1317 4593 1364 4653; x_wconf 91' lang='lat' dir='ltr'>cui</span> <span class='ocrx_word' id='word_1_563' title='bbox 1379 4593 1452 4650; x_wconf 90' lang='lat' dir='ltr'>nihil</span> 
     </span>
     <span class='ocr_line' id='line_1_54' title="bbox 248 4668 985 4749; baseline 0.011 -25"><span class='ocrx_word' id='word_1_564' title='bbox 248 4677 293 4724; x_wconf 87' lang='lat' dir='ltr'>est</span> <span class='ocrx_word' id='word_1_565' title='bbox 307 4668 492 4744; x_wconf 86' lang='lat' dir='ltr'>impossibile,</span> <span class='ocrx_word' id='word_1_566' title='bbox 508 4679 537 4728; x_wconf 89' lang='lat' dir='ltr'>et</span> <span class='ocrx_word' id='word_1_567' title='bbox 551 4671 599 4746; x_wconf 91' lang='lat' dir='ltr'>qui</span> <span class='ocrx_word' id='word_1_568' title='bbox 614 4681 700 4730; x_wconf 85' lang='lat' dir='ltr'>vocat</span> <span class='ocrx_word' id='word_1_569' title='bbox 714 4693 748 4729; x_wconf 89' lang='lat' dir='ltr'>ea</span> <span class='ocrx_word' id='word_1_570' title='bbox 762 4693 826 4749; x_wconf 82' lang='lat' dir='ltr'>quse</span> <span class='ocrx_word' id='word_1_571' title='bbox 841 4693 899 4731; x_wconf 91' lang='lat' dir='ltr'>non</span> <span class='ocrx_word' id='word_1_572' title='bbox 910 4683 985 4732; x_wconf 89' lang='lat' dir='ltr'>sunt.</span> 
     </span>
    </p>
   </div>
   <div class='ocr_carea' id='block_1_5' title="bbox 0 0 1600 5206">
    <p class='ocr_par' dir='ltr' id='par_1_8' title="bbox 0 0 1600 5206">
     <span class='ocr_line' id='line_1_55' title="bbox 0 0 1600 5206; baseline 0 0"><span class='ocrx_word' id='word_1_573' title='bbox 0 0 1600 5206; x_wconf 95' lang='lat' dir='ltr'> </span> 
     </span>
    </p>
   </div>
  </div>
 </body>
</html>
