3108 5198
225 347 263 407 34
680 365 772 410 nosos
786 365 965 408 uunscmos.
1245 342 1376 426 [aanor.
1398 365 1449 406 vr.

226 507 287 566 xiii.
303 509 351 566 35.
395 507 437 567 Ut
451 525 519 566 vero
533 505 642 584 duplex
656 508 762 566 amoris
780 507 925 586 objectum
946 505 1038 580 datur,
1053 506 1133 564 Deus
1147 513 1177 565 et
1189 506 1345 565 Proximm
1353 530 1366 578 ;
1392 506 1451 564 Ita

227 586 337 664 duplex
351 605 431 645 amor
444 586 616 664 praecipitur,
633 587 689 646 Dei
703 587 836 666 inprime
850 586 940 664 Legis
959 585 1067 660 tabula,
1090 585 1222 643 Proximi
1243 586 1272 644 in
1296 586 1448 646 secunda.

229 667 285 725 Ille
308 674 429 726 vocatur
450 667 577 742 primum
599 676 626 726 ct
652 687 784 744 magnum
811 669 985 741 maslaum,
1011 666 1072 724 Iste
1094 667 1246 724 atmodum
1270 665 1314 723 aa·
1334 666 1447 725 ιὶιιιιῖι.

228 745 322 805 Amor
336 746 392 805 Dei
413 755 490 806 reete
504 746 634 805 Primum
647 745 753 805 dicitur
765 755 949 824 praeceptum,
961 744 1030 822 quia
1039 753 1072 804 ut
1086 745 1150 804 Deo
1160 745 1232 802 nihil
1244 745 1330 804 datur
1343 745 1447 823 prius,

228 825 269 884 ita
282 825 378 885 cultus
391 826 455 902 ejus
468 826 560 904 primo
581 825 693 885 intendi
706 845 724 885 a
737 826 821 887 nobis
834 825 929 900 debet,
944 832 977 884 ut
991 825 1027 883 ab
1048 844 1083 883 eo
1094 825 1233 902 incipiant
1246 825 1319 884 etin
1334 844 1370 884 eo
1386 825 1447 884 de·

229 905 325 964 sinant
349 906 463 980 omnia;
492 907 640 982 Magnam,
668 907 694 964 1.
709 906 820 964 ratione
842 906 946 982 objecd
961 905 1029 981 quia
1041 913 1174 962 versatur
1194 904 1272 963 circa
1285 904 1446 982 objectum

228 985 387 1044 maximum
401 992 430 1044 et
444 985 596 1060 infinitum,
618 993 688 1062 puta
709 986 824 1061 Deum3
846 989 874 1044 2.
889 985 999 1052 ratione
1019 985 1139 1060 suffecti,
1154 984 1224 1061 quia
1236 984 1331 1061 exigit
1351 985 1445 1062 quie-

229 1064 299 1143 quid
314 1073 358 1124 est
371 1064 541 1124 facultatum
554 1073 584 1123 et
592 1064 697 1124 virium
708 1065 739 1123 in
752 1064 876 1140 homine,
891 1073 924 1123 ut
937 1084 976 1123 ax
986 1071 1048 1123 tota
1058 1071 1162 1138 mente,
1179 1071 1240 1122 toto
1251 1063 1347 1138 corde,
1364 1065 1445 1124 totis

228 1145 348 1220 viribus,
364 1145 459 1204 Βοιιιιι
473 1143 648 1220 diligamus;
670 1147 698 1205 3.
720 1145 831 1204 ratione
844 1144 1036 1221 amplitudinis
1050 1151 1079 1202 et
1099 1143 1274 1218 ατιοιιείοιιιζι,
1289 1143 1359 1220 quia
1373 1164 1444 1202 am·

140 1235 143 1242 ’
228 1225 291 1284 bitu
306 1245 358 1285 suo
379 1224 475 1284 omnia
489 1223 606 1299 claudit,
621 1232 650 1283 et
663 1223 759 1284 influit
779 1224 810 1282 in
829 1243 928 1282 omnes
952 1223 1080 1283 actiones
1103 1223 1236 1299 hominis,
1262 1223 1336 1281 nihil
1357 1224 1443 1282 enim

229 1305 293 1364 Deo
307 1313 421 1382 gratum
436 1323 499 1363 esse
509 1310 612 1381 potest,
628 1303 685 1362 nisi
698 1303 777 1380 quod
786 1312 903 1380 propter
914 1304 1009 1363 Deum
1023 1302 1064 1362 fit.
1108 1301 1273 1362 Secundum
1287 1303 1331 1360 illi
1344 1305 1444 1362 simile

228 1385 342 1460 dicitur,
358 1404 416 1443 non
429 1384 540 1443 ratione
554 1382 718 1460 ιὶίφιίίαίίη
739 1383 791 1442 sed
805 1384 914 1442 ratione
928 1383 1079 1460 qualitate,
1095 1382 1164 1460 quia
1181 1382 1344 1459 utrobique,
1360 1392 1392 1442 et
1407 1384 1442 1444 in

229 1483 325 1524 amore
340 1464 397 1523 Dei
417 1473 447 1523 et
464 1463 598 1542 proximi,
614 1461 763 1522 sinceritas
783 1471 813 1521 at
833 1462 942 1540 puritas
957 1461 1052 1521 cordis
1065 1462 1239 1538 requiritur;
1272 1465 1300 1520 2.
1322 1463 1441 1522 ratione

228 1545 414 1616 authoritate
429 1543 498 1619 quia
511 1551 664 1619 utrumque
678 1563 696 1600 a
718 1543 781 1601 Deo
794 1549 969 1620 praeceptum
990 1549 1043 1615 est,
1058 1550 1089 1601 et
1098 1541 1136 1600 ad
1149 1541 1214 1617 ejus
1227 1541 1351 1618 glutiam
1373 1551 1442 1601 ten-

227 1623 270 1683 dit
282 1647 289 1700 ;
312 1627 340 1684 3.
355 1624 465 1683 ratione
474 1642 574 1698 poenoe,
589 1622 658 1700 quia
670 1622 820 1699 utriusque
834 1621 940 1680 tabula
950 1621 1070 1679 violatio
1083 1630 1194 1680 reatum
1205 1620 1306 1680 mortis
1319 1630 1442 1681 aeternae

228 1703 355 1781 inducit3
378 1707 406 1762 4.
421 1703 531 1761 ratione
545 1703 723 1762 connexionis
737 1711 764 1760 et
778 1702 974 1777 dependendo,
990 1700 1058 1778 quia
1072 1700 1112 1760 ita
1125 1709 1202 1760 arcte
1223 1701 1299 1760 inter
1319 1721 1351 1760 se
1367 1721 1440 1760 con·

226 1792 389 1859 nectuntur,
404 1791 437 1844 ut
451 1791 584 1842 neutrum
599 1782 660 1841 sine
674 1783 765 1841 altero
778 1782 908 1860 praestari
922 1789 1017 1858 queat,
1033 1801 1099 1839 nam
1113 1789 1146 1839 ut
1160 1800 1218 1839 non
1232 1780 1323 1838 amari
1337 1791 1439 1858 potest

228 1864 317 1941 Deus,
333 1865 404 1942 quin
417 1871 529 1924 ametur
539 1862 628 1921 etiam
642 1862 792 1940 proximus
806 1860 843 1920 ad
857 1861 1013 1938 imaginem
1028 1860 1083 1918 Dei
1097 1859 1207 1936 factus;
1224 1861 1271 1919 Ita
1280 1879 1336 1920 nec
1350 1860 1439 1938 diligi

226 1953 322 2022 potest
332 1942 490 2021 proximus,
506 1942 577 2020 quin
587 1941 724 2020 diligatur
735 1941 824 2016 Deus,
840 1940 890 2018 qui
903 1960 970 2000 eum
989 1938 1126 1999 condidit.
1170 1942 1188 1972 “
1205 1940 1312 2018 Siquis
1327 1940 1441 2000 dixerit

247 2023 306 2083 uod
317 2023 413 2100 diligit
427 2023 531 2097 Deum,
553 2029 583 2080 et
606 2021 724 2080 huam
746 2041 830 2080 suum
848 2021 918 2095 odit,
942 2019 1067 2079 mendax
1088 2027 1151 2095 est;
1179 2019 1236 2094 Qui
1256 2039 1315 2078 non
1337 2020 1440 2098 diligit

271 2111 353 2176 hcm,
376 2121 462 2178 quem
475 2099 564 2176 videt,
585 2100 729 2177 quomodo
749 2107 844 2178 potest
864 2099 985 2177 diligere
1007 2099 1101 2159 Deum
1122 2118 1207 2176 quem
1229 2119 1287 2158 uon
1308 2099 1439 2160 videt?’'

230 2184 246 2240 l
261 2181 283 2241 J
285 2200 312 2240 o.
326 2182 367 2240 ir.
381 2183 430 2239 20.

148 2311 151 2318 ’
231 2293 470 2400 &matt
491 2259 1087 2416 estildtuttliltttoetttttt
1098 2259 1437 2416 mittit?

257 2411 302 2472 Ψ*
491 2419 534 2478 Ut
548 2419 624 2478 enim
639 2420 719 2480 Deus
729 2429 820 2480 totam
835 2420 945 2498 Legem
958 2419 1042 2479 nobie
1055 2419 1215 2497 praescribit
1225 2419 1321 2496 quoad
1336 2421 1438 2479 omnia

231 2517 283 2558 sua
295 2505 439 2576 praecepta
453 2498 514 2557 sine
528 2498 589 2557 ulla
600 2518 701 2559 eorum
715 2499 874 2577 divisiona;
898 2500 945 2559 Ita
958 2508 1051 2559 totum
1064 2499 1210 2558 hominem
1225 2519 1283 2558 non
1298 2498 1436 2559 dimidia·

228 2587 290 2638 tum
309 2577 445 2654 postulat,
460 2578 510 2655 qni
531 2598 594 2637 eam
615 2579 758 2656 observet,
780 2599 839 2640 non
859 2579 945 2638 modo
959 2588 1078 2638 externe
1092 2578 1188 2656 quoad
1202 2598 1314 2657 corpus,
1330 2580 1384 2638 sed
1406 2589 1437 2640 et

228 2657 340 2718 interne
354 2657 451 2735 quoad
472 2658 595 2716 animam
617 2667 647 2718 et
667 2679 767 2718 omnes
787 2661 852 2737 ojus
873 2659 1043 2719 facultates:
1065 2658 1108 2719 Ut
1126 2658 1199 2717 nihil
1221 2678 1258 2717 ex
1279 2662 1437 2738 praeceptis

230 2738 324 2798 omitti
338 2756 355 2797 a
368 2737 452 2796 nobis
466 2737 561 2814 debet
576 2739 646 2815 quin
661 2739 691 2797 in
702 2739 836 2799 omnibus
849 2759 1016 2798 maneamus
1027 2758 1091 2815 quse
1103 2739 1209 2816 scripta
1223 2747 1310 2798 sunt:
1333 2738 1390 2815 Ita,
1402 2748 1437 2800 ut

228 2819 315 2878 homo
329 2826 407 2877 totus
421 2825 466 2877 est
480 2817 583 2878 sublex
598 2819 670 2894 Deo,
686 2819 766 2878 nulla
779 2819 865 2880 etiam
879 2839 946 2898 pars
960 2821 1024 2896 ejus
1037 2825 1133 2896 potest
1146 2820 1195 2878 vel
1208 2818 1295 2877 debet
1309 2817 1437 2880 subduci
1545 2819 1546 2844 ¹

229 2900 292 2977 ejus
306 2897 494 2974 obedientiae;
516 2907 549 2958 ut
562 2898 700 2976 quicquid
714 2908 759 2959 est
772 2899 802 2958 in
816 2899 940 2974 homine,
956 2899 1018 2957 sive
1035 2899 1065 2957 in
1079 2905 1183 2974 mente,
1200 2898 1262 2957 sive
1283 2897 1314 2955 in
1328 2899 1435 2958 volun·

229 2987 288 3039 tata
302 2987 332 3039 et
345 2977 504 3053 affectibus,
520 2978 582 3038 aive
602 2979 633 3038 in
648 2979 753 3055 animo,
769 2979 831 3039 siva
851 2978 882 3036 in
896 2998 1023 3056 corporo,
1039 2978 1135 3037 Deum
1149 2978 1226 3037 colat
1245 2985 1275 3037 et
1297 2977 1342 3036 illi
1365 2980 1435 3040 sub·

224 3059 351 3137 jiciatur‚
373 3059 452 3138 quod
465 3066 495 3118 et
507 3060 622 3136 justitia
636 3061 819 3138 Legblcrtorb
831 3058 1025 3132 exactissime,
1041 3065 1070 3117 et
1083 3058 1149 3116 boni
1163 3066 1273 3133 natura,
1288 3057 1369 3135 quod
1383 3058 1436 3118 de·

228 3139 278 3199 bot
291 3159 355 3199 ease
369 3139 532 3199 absolutum
547 3141 681 3199 omnibus
694 3140 829 3215 numeris,
845 3139 998 3213 etsoedcrair
1011 3138 1126 3214 Leqalrs
1139 3135 1262 3196 formula
1274 3137 1416 3214 postulat.

530 3217 574 3276 X.
597 3219 739 3294 Secunda,
757 3219 948 3294 Quadmpuae
963 3219 1101 3294 perfectio
1120 3219 1149 3276 iu
1163 3217 1317 3276 ohedientia
1337 3221 1435 3295 repui-

288 3270 383 3328 Regula
392 3268 414 3313 ²¹
489 3296 584 3354 titur:
606 3297 712 3372 Primo,
728 3297 838 3356 ratione
846 3297 993 3374 principii,
1007 3305 1041 3356 ut
1057 3296 1095 3356 sit
1108 3317 1176 3356 vera
1191 3305 1220 3356 et
1232 3297 1352 3372 ancora,
1367 3318 1436 3374 quse

228 3393 288 3433 non
300 3373 331 3431 in
345 3393 394 3432 ore
408 3372 524 3432 demum
538 3382 589 3433 aut
602 3383 683 3434 motu
696 3383 816 3434 externo
830 3376 957 3453 corporis
971 3377 1118 3452 consistat,
1134 3377 1186 3435 sed
1206 3396 1270 3454 qum
1291 3376 1322 3434 in
1336 3377 1436 3438 animo

229 3453 327 3513 sedam
347 3453 461 3528 habeat,
476 3459 506 3511 et
519 3472 584 3528 quaa
598 3473 636 3512 ax
650 3453 735 3513 corde
756 3455 915 3531 purificato,
937 3463 966 3514 et
985 3455 1043 3515 fide
1056 3459 1208 3537 lvorughp
1222 3456 1338 3533 oriatur,
1355 3458 1437 3534 quod

230 3532 348 3607 Paulus,
365 3534 381 3590 1
397 3531 523 3590 Timoth.
537 3532 557 3591 i.
572 3535 599 3608 5,
621 3533 723 3610 innuit,
746 3533 815 3594 dum
836 3534 885 3610 ait,
899 3536 989 3614 finem
1002 3537 1133 3596 mandati
1144 3557 1201 3595 esse
1214 3536 1382 3596 maritatur
1396 3559 1435 3597 ca·

229 3615 405 3688 cordepuro,
420 3613 493 3670 horta
507 3614 680 3689 canscientia,
695 3623 723 3673 at
731 3616 794 3693 fide
807 3635 863 3674 non
872 3617 946 3694 ficta
953 3640 965 3689 ,·
988 3615 1130 3692 Secundo,
1145 3617 1256 3676 ratione
1271 3617 1370 3692 objecti
1381 3637 1435 3677 seu

223 3692 362 3770 portium,
377 3699 411 3751 ut
424 3691 462 3750 sit
471 3692 643 3769 anbnaolr'a
659 3713 717 3754 non
727 3695 837 3754 ratione
851 3696 939 3773 hujus
952 3704 1003 3754 aut
1015 3696 1095 3756 illius
1105 3694 1242 3771 mandati,
1258 3695 1310 3755 sed
1320 3697 1435 3757 ratione

229 3773 359 3847 ommuni,
373 3771 442 3850 quia
455 3772 506 3850 qui
526 3781 627 3865 peccat
647 3774 677 3834 in
697 3793 764 3849 uno,
786 3793 853 3834 reas
873 3784 918 3834 est
938 3774 1075 3852 omnium,
1097 3795 1151 3835 nac
1174 3783 1307 3834 censetur
1322 3775 1436 3854 Legem

228 3852 402 3930 implevisse,
418 3851 474 3912 nisi
488 3872 538 3929 qur
552 3852 583 3910 in
596 3852 730 3912 omnibus
743 3855 881 3913 manserit
895 3875 959 3932 quae
974 3853 1081 3932 scripta
1091 3862 1175 3930 sunt;
1198 3855 1304 3930 Tertio,
1320 3857 1434 3916 ratione

226 3935 375 4008 producam,
390 3939 423 3991 ut
437 3932 475 3991 sit
487 3933 596 3992 iuterna
610 3941 639 3992 at
652 3933 786 3993 absoluta
795 3934 929 3993 omnibus
942 3935 1078 4010 numeris,
1093 3934 1166 3994 nihil
1176 3943 1209 3994 ut
1222 3934 1265 3993 illi
1277 3936 1435 4012 superaddi

222 4011 337 4149 «ροεέἐις
358 4011 435 4071 unde
447 4012 613 4106 Bernartius
627 4011 743 4106 modurn
759 4013 1007 4151 diligendiDenm
1021 4015 1062 4108 ait
1074 4035 1147 4081 esse,
1163 4034 1229 4073 eum
1243 4015 1361 4091 diligere
1374 4017 1435 4076 sine

227 4091 1434 4251 lintriffitliiiiiiipiiioiaffitihiialililiiiiiiiffi

227 4253 339 4324 bamus,
355 4248 407 4307 sed
419 4268 471 4326 per
484 4256 574 4310 totam
587 4252 678 4310 vitam
692 4272 854 4312 moneamus
867 4253 898 4312 in
911 4253 948 4312 iis
961 4273 1027 4332 que
1041 4254 1148 4332 scripta
1162 4261 1238 4313 sunt.

530 4329 591 4388 XI.
608 4331 715 4407 Tertia,
735 4333 773 4391 Ut
785 4333 939 4393 obedientia
952 4333 1064 4392 intenta
1078 4336 1157 4410 longe
1165 4341 1290 4410 procat
1302 4343 1432 4412 extenta,

489 4410 605 4468 moroh's
618 4413 825 4487 carmaniam
845 4414 894 4472 Ito
906 4415 1025 4488 frastra
1046 4414 1101 4472 s'sta
1121 4413 1278 4474 obtenditur
1297 4413 1357 4472 aiae
1372 4415 1433 4475 allo.

228 4489 307 4548 Hinc
328 4505 433 4564 graves
448 4485 657 4565 Prophetarum
671 4492 812 4568 querelam
834 4494 885 4569 qui
904 4513 942 4570 po
962 4494 1012 4552 ulo
1033 4513 1114 4552 suam
1135 4493 1312 4570 impietatem
1326 4513 1433 4571 expro-

227 4570 320 4641 brant,
335 4565 404 4644 quia
418 4575 552 4660 separant
565 4587 600 4628 ea
613 4589 678 4646 quaa
698 4571 778 4632 Deus
799 4513 994 4632 indissolubili
1007 4573 1124 4632 vinculo
1138 4572 1294 4650 copulavit,
1310 4582 1433 4632 externo

227 4656 258 4726 at
270 4647 462 4709 oaeremoniah
476 4648 556 4710 cultu
570 4650 706 4729 contenti,
728 4650 801 4711 nihil
821 4651 858 4712 de
879 4651 991 4713 interno
1011 4660 1042 4714 et
1062 4653 1164 4714 morali
1184 4652 1310 4714 solliciti.
1354 4653 1434 4715 Vide

287 4377 413 4440 negata
