3186 5210
226 363 284 420 520
623 373 717 412 socos
733 374 864 414 urcruus
879 375 1021 418 ausurus.
1236 361 1363 435 [auser.
1379 371 1431 416 xv.

529 513 587 570 IX.
610 513 808 572 sanctificatio
823 516 911 572 fidem
926 517 1087 574 salvificam
1106 518 1240 592 sequitur
1260 517 1433 584 necessario,

488 593 560 667 quia
580 593 717 668 purificat
736 611 796 662 cor,
813 594 880 650 Act.
895 613 944 652 xv.
960 595 988 665 9,
1007 603 1038 652 et
1055 597 1159 653 efficax
1179 605 1226 653 est
1243 595 1436 670 1111111111-

487 677 556 740 tem,
579 670 647 729 Gal.
668 691 696 727 v.
720 672 751 739 6;
774 678 835 728 tam
858 674 1005 745 pathetice
1026 675 1135 749 quippe
1154 673 1357 732 incredibilem
1379 674 1434 731 Dei

232 771 303 826 erga
317 770 370 808 nos
384 767 522 818 amorem,
538 756 568 806 et
588 767 734 805 summam
750 747 858 806 Christi
879 752 1031 809 morientis
1046 754 1219 810 charitatem
1232 759 1434 827 repraesentat,

232 839 268 888 ut
281 837 386 886 mutuo
399 827 603 902 benignissimi
618 827 784 884 Servatoris
798 843 904 884 amore‘
913 830 1076 888 inflammet
1088 833 1216 900 fidelem,
1226 839 1261 888 ιι1
1270 831 1347 887 nihil
1361 831 1436 888 anti-

234 911 322 984 quius
341 909 440 976 ducat,
455 924 546 981 quam
565 905 627 980 >ipsi
645 923 748 962 rursus
766 906 865 962 vivere
889 917 919 965 et
939 909 1023 977 mori,
1040 908 1140 967 2Cor.
1153 929 1180 967 v.
1198 909 1304 979 14,15‚
1320 908 1390 967 Gal.
1406 910 1435 966 ii.

234 988 281 1057 20,
303 993 365 1043 tam
385 983 542 1059 profundis
562 983 781 1040 characteribus
803 985 920 1043 honesti
944 988 1069 1062 speciem
1096 989 1203 1045 animae
1228 987 1382 1061 imprimit,
1404 996 1438 1044 ut

233 1065 310 1122 nihil
324 1065 379 1122 sibi
394 1063 548 1138 pulchrius
561 1062 729 1131 arbitretur,
745 1080 835 1136 quam
849 1064 877 1120 ei
891 1066 971 1122 omni
986 1067 1086 1122 studio
1101 1084 1222 1141 operam
1235 1067 1317 1134 dare,
1329 1073 1360 1121 11
1374 1073 1435 1122 tam

235 1145 294 1200 alte
309 1141 533 1216 meditationem
546 1141 697 1215 promissae
709 1140 858 1198 beatitatis
872 1143 1021 1218 insculpit,
1030 1150 1128 1220 utpro
1142 1163 1178 1202 ea
1191 1143 1437 1218 omniacxperiri‚

234 1228 264 1279 et
284 1219 427 1278 sustinere
448 1224 571 1294 paratus
592 1219 638 1288 sit,
659 1217 940 1290 scortulum.
984 1222 1043 1280 Sed
1063 1223 1135 1279 fides
1155 1222 1334 1296 temporaria
1356 1222 1437 1278 inani

235 1297 414 1356 confidentia
441 1297 592 1355 hominem
619 1296 777 1370 decipiens,
802 1299 851 1354 vel
874 1301 1023 1373 profundo
1048 1300 1213 1358 securitatis
1236 1318 1341 1375 sopore
1368 1317 1436 1356 eum

236 1378 345 1446 obruit,
370 1383 405 1433 ut
428 1375 510 1433 carni
534 1375 719 1448 indulgendo
740 1377 834 1432 altum
857 1385 970 1450 stertat,
993 1379 1053 1436 Vel
1080 1380 1104 1435 si
1130 1397 1183 1454 per
1206 1377 1435 1454 superficiariam

238 1455 381 1514 Veritatis
397 1453 595 1528 Evangelicae,
608 1463 637 1513 et
658 1453 729 1510 boni
752 1455 833 1529 quod
857 1455 1021 1532 Evangelio
1033 1465 1209 1528 ostentatur,
1221 1457 1431 1532 cognitionem,

236 1533 384 1591 excitatur
397 1535 436 1590 ad
450 1533 583 1606 aliquam
597 1535 665 1590 vitae
680 1532 928 1607 emendationem,
940 1543 970 1593 et
983 1543 1136 1593 externam
1150 1543 1271 1593 actuum
1286 1535 1317 1591 in
1331 1535 1438 1592 melius

237 1613 444 1682 mutationem,
465 1618 500 1668 ut
522 1613 580 1684 per'
599 1619 616 1645 ‘⁴
628 1610 811 1684 agnitionem
834 1611 958 1670 Domini
982 1621 1012 1670 et
1038 1613 1201 1672 servatoris
1224 1613 1245 1670 J
1248 1631 1301 1670 esu
1326 1611 1437 1671 Christi

236 1691 419 1766 pollutiones
440 1690 545 1747 mundi
565 1691 755 1764 aliquatenus
774 1689 928 1764 effugiat,”
950 1693 969 1748 2
990 1691 1054 1750 Pet.
1078 1690 1108 1749 ii.
1130 1692 1177 1762 20,
1207 1691 1279 1748 Nou
1304 1697 1438 1766 penetrat

237 1788 331 1844 usque
355 1770 393 1825 ad
418 1769 516 1842 ipsum
540 1785 590 1824 cor
613 1769 653 1825 ad
680 1767 756 1824 illud
781 1769 1008 1842 purificandum,
1033 1777 1063 1826 et
1086 1769 1318 1828 introducendos
1344 1787 1438 1826 novos

237 1847 401 1906 sanctitatis
409 1847 536 1903 habitus.
559 1845 649 1903 Unde
660 1847 894 1921 quotiescunque
903 1850 952 1906 vel
960 1848 1113 1906 blanditiae
1122 1849 1227 1905 mundi
1239 1855 1270 1904 et
1279 1848 1437 1918 carnis,vel

237 1925 455 2001 persecutiones
476 1924 629 1997 ingruunt,
644 1942 714 1981 mox
735 1925 767 1981 in
787 1926 933 1984 inchoatae
954 1928 1110 2003 probitatis
1123 1945 1211 1986 cursu
1235 1926 1388 1995 fatiscunt,
1409 1931 1437 1982 11

238 2005 276 2062 ad
298 2005 398 2061 sordes
419 2003 558 2076 pristinas
578 2005 713 2060 redeunt.
755 2001 839 2060 Tunc
861 2006 996 2063 notiones
1017 2007 1079 2062 veri
1100 2014 1130 2062 et
1147 2005 1228 2076 boni,
1243 2023 1318 2079 quas
1340 2004 1450 2084 Euan-¹,

236 2083 349 2157 gelium
383 2082 454 2156 ipsis
475 2089 670 2154 suggesserat,
701 2083 775 2138 adeo
803 2099 839 2137 ex
862 2084 962 2140 auimo
987 2085 1178 2155 inducuntur,
1204 2091 1238 2140 ut
1264 2088 1437 2156 praesentem

237 2162 431 2235 voluptatem,
464 2159 694 2234 utilitatemque,
727 2168 758 2219 et
796 2159 899 2234 fugam
940 2163 1121 2220 imminentis
1154 2161 1266 2230 damni,
1302 2161 1439 2217 omnibus

237 2237 396 2372 Evapgclii
423 2237 582 2310 promissis,
610 2246 640 2294 et
672 2239 789 2314 pietatis
816 2257 835 2294 a
863 2239 981 2298 Christo
1016 2241 1191 2316 praescriptas
1219 2239 1320 2296 studio
1352 2239 1439 2296 facile

257 2335 296 2372 rae
312 2323 405 2372 erant.

236 2335 476 2488 iartionoonjecu.
528 2394 567 2452 X.
590 2394 718 2454 Ratione
731 2395 845 2472 objecti,
860 2404 890 2453 et
902 2405 1051 2474 respectus
1064 2399 1119 2456 sub
1134 2415 1193 2473 quo
1207 2397 1441 2472 apprehenditur

438 2501 441 2506 ·
492 2489 511 2528 a
529 2473 597 2530 fide.
639 2473 720 2531 Nam
741 2483 776 2532 ut
800 2475 949 2548 objectum
971 2477 1187 2551 Evangelioum
1209 2483 1317 2550 praeter
1342 2477 1438 2532 ideam

237 2549 306 2620 1111,
320 2551 411 2606 babet
430 2549 519 2606 etiam
541 2550 638 2608 ideam
659 2553 782 2627 triplicis
804 2554 1008 2625 1111111111,
1024 2555 1108 2626 111111,
1124 2567 1151 2612 et
1164 2553 1298 2630 jactandi,
1319 2555 1440 2630 quando

237 2628 414 2704 proponitur
434 2628 518 2685 nobis
539 2631 596 2686 sub
610 2631 685 2701 idea,
695 2631 743 2687 vel
758 2631 928 2689 deliciarum
948 2637 1044 2692 omnis
1062 2635 1187 2708 generis,
1201 2635 1249 2689 vel
1264 2633 1438 2700 divitiorum,

238 2715 268 2766 ct
291 2709 500 2765 thesaurorum
520 2707 740 2780 immensorum,
763 2712 811 2768 vel
832 2729 955 2770 summae
968 2714 1069 2790 glorior
1095 2720 1125 2770 et
1141 2712 1325 2788 perfectionis
1346 2711 1440 2769 omui·

238 2789 345 2857 modae,
383 2787 433 2844 Ita
460 2786 657 2845 diversimode
677 2789 749 2846 fides
780 2790 848 2846 inde
869 2791 1006 2848 afficitur.
1056 2791 1145 2848 Fides
1172 2792 1307 2850 11111νὶ11
1336 2807 1441 2866 appre-

238 2865 344 2923 hendit
363 2866 440 2923 illud
461 2865 632 2942 simpliciter
646 2867 701 2923 sub
715 2867 783 2925 idea
802 2870 869 2940 neri,
886 2868 1013 2946 Etficles
1028 2870 1204 2947 temporario
1217 2871 1273 2928 sub
1293 2871 1363 2928 idea
1375 2867 1441 2924 boni

239 2944 326 3013 utilis,
341 2947 389 3002 vel
403 2949 532 3020 jucundi,
554 2947 635 3018 quod
650 2945 697 3001 vel
711 2949 902 3004 commodum
915 2948 1038 3022 aliquod
1059 2948 1262 3020 memorabile,
1271 2951 1321 3006 rel
1334 2946 1440 3020 volup-

238 3029 330 3080 tatem
344 3025 474 3098 aliquam
489 3025 628 3081 eximiam
641 3031 739 3098 potest
752 3026 837 3083 nobis
851 3025 964 3084 afferre.
1007 3029 1051 3085 At
1058 3029 1138 3104 fidas
1146 3028 1310 3105 jaun'ficons
1323 3025 1440 3102 proprie

237 3107 268 3158 st
280 3102 421 3176 primario
435 3104 552 3178 respicit
568 3102 645 3159 illud
660 3102 715 3158 sub
734 3103 802 3161 idea
815 3105 931 3173 bonesti,
951 3106 1020 3162 licet
1034 3108 1106 3164 alias
1122 3115 1212 3176 extens
1229 3125 1288 3162 non
1308 3104 1443 3178 negligat

236 3182 421 3238 secundario.
464 3182 509 3240 Ut
528 3199 598 3238 vero
613 3180 721 3250 anima,
732 3201 798 3256 quas
813 3184 928 3241 honesti
943 3201 1043 3240 amore
1061 3191 1106 3242 est
1118 3185 1236 3260 penitus
1250 3185 1373 3252 imbuta,
1388 3187 1443 3238 aut

238 3275 298 3315 non
313 3259 446 3332 agitatur
458 3257 740 3333 perturbationibus,
756 3268 809 3318 aut
828 3263 853 3320 si
872 3279 1086 3336 nonnunquam
1106 3265 1259 3338 abaliquo
1274 3258 1442 3318 vehementi

239 3335 355 3408 objecto
365 3339 545 3411 percellitur,
555 3339 603 3392 vel
614 3337 806 3410 promissione
818 3340 973 3410 bonorum,
985 3341 1033 3396 vel
1043 3342 1132 3400 minis
1142 3343 1302 3410 malorum,
1314 3337 1443 3411 resurgit

237 3413 339 3468 ¹statim
352 3416 567 3487 praestantioris
587 3414 667 3483 boni,
693 3418 774 3489 quod
799 3417 891 3474 menti
914 3419 1096 3490 obversatur,
1119 3419 1366 3485 consideratione,
1388 3415 1440 3473 Ita

239 3508 306 3564 quae
329 3491 447 3549 honesti
470 3493 575 3565 specie,
591 3493 637 3548 vel
659 3510 720 3550 uon
745 3496 866 3554 ducitur
890 3495 1021 3567 omnino,
1037 3500 1084 3554 vel
1107 3499 1251 3573 languide
1274 3503 1390 3554 tantum
1413 3503 1443 3551 et

239 3567 348 3640 frigide
362 3575 506 3638 movetur,
522 3570 689 3626 utilisverc
703 3579 732 3628 et
751 3574 880 3647 jucundi
902 3575 971 3631 idea
984 3581 1102 3633 tenetur
1115 3577 1234 3634 fortiter
1244 3575 1366 3650 irretita,
1381 3591 1442 3629 non

237 3644 336 3702 deficit
346 3645 474 3719 quidem,
484 3647 619 3721 quandiu
627 3649 688 3704 duo
700 3650 778 3708 bona
788 3653 842 3710 illa
852 3653 1011 3728 conjuncta
1021 3662 1100 3711 sunt.
1136 3655 1180 3713 At
1191 3655 1243 3711 ubi
1255 3657 1440 3728 separantur,

240 3729 275 3780 ut
288 3729 464 3798 separantur
477 3742 580 3798 quum,
598 3741 635 3780 ex
654 3744 708 3799 gr,
724 3747 797 3787 crux
812 3737 842 3789 et
849 3731 1014 3806 persecutio
1029 3740 1148 3808 propter
1158 3733 1308 3791 Christum
1319 3729 1444 3803 ingruit,

239 3803 313 3858 levis
327 3809 391 3860 tum
401 3801 463 3858 veri
477 3808 508 3859 11
520 3803 591 3858 boui
606 3804 724 3862 honesti
734 3806 887 3883 impressio
902 3808 1028 3880 facessit,
1044 3817 1074 3867 ct
1088 3821 1200 3882 φιλαυτία
1214 3810 1287 3868 facit
1300 3816 1336 3865 ut
1350 3810 1444 3864 homo

239 3880 322 3939 utilis
336 3888 367 3938 et
382 3880 511 3954 jucundi
526 3881 622 3938 ideam
637 3886 818 3956 sequendam
835 3889 959 3963 judicet.

536 3959 594 4018 XI.
617 3959 650 4017 Si
664 3959 858 4038 Temporarii,
876 3965 984 4024 Christi
998 3967 1135 4044 discipuli,
1151 3979 1177 4025 et
1184 3967 1243 4045 filii
1258 3964 1446 4042 Dei,fldrlas,

468 4063 471 4070 ⁴
496 4051 522 4097 11
543 4041 693 4112 credentes,
714 4045 893 4119 quandoque
908 4053 1059 4113 vocantur,
1081 4048 1199 4116 1111111,
1221 4046 1269 4103 nel
1291 4055 1355 4099 ,κὰ
1372 4050 1446 4114 11111

495 4125 615 4194 propter
629 4119 659 4176 id
674 4123 755 4194 quod
770 4122 909 4180 videntur
922 4143 959 4180 ex
975 4125 1115 4198 opinione
1129 4125 1256 4181 aliorum
1271 4132 1301 4182 et
1314 4143 1350 4180 ex
1361 4123 1447 4197 judi-

239 4192 285 4250 cio
300 4195 462 4265 charitatis,
474 4197 545 4270 quia
558 4216 609 4270 per
622 4199 691 4254 fidei
705 4199 925 4274 professionem,
936 4209 966 4258 et
977 4203 1233 4260 Sacrameutcrum
1248 4203 1448 4260 initiationem

239 4270 271 4328 in
292 4272 441 4346 publicam
466 4272 605 4332 Ecclesiae
630 4277 799 4334 societatem
824 4280 1011 4348 coalescunt;
1033 4281 1085 4336 sed
1106 4299 1165 4336 non
1190 4299 1227 4336 ex
1251 4282 1296 4337 rei
1309 4279 1446 4336 veritate.

242 4348 332 4408 Unde
347 4349 476 4425 August.
492 4354 529 4409 de
542 4353 674 4428 Corrept.
686 4362 716 4411 et
728 4356 780 4412 Gr.
795 4375 858 4431 cap.
872 4357 909 4426 9.,
924 4358 1006 4427 dicit,
1022 4365 1039 4390 “
1050 4359 1143 4416 Filios
1154 4358 1211 4415 Dei
1222 4359 1367 4433 quosdam
1382 4375 1447 4414 esse

240 4427 315 4496 Deo,
330 4428 382 4502 qui
396 4447 456 4486 non
473 4438 542 4486 sunt
552 4432 645 4500 nobis,
657 4439 687 4488 et
700 4434 844 4506 quosdam
856 4451 926 4502 esse,
938 4435 990 4509 qui
1000 4443 1121 4510 propter
1132 4445 1295 4511 susceptam
1309 4435 1357 4492 vel
1372 4441 1449 4491 tem-

238 4506 384 4580 poraliter
397 4506 533 4578 gratiam,
547 4509 601 4564 filii
616 4509 673 4566 Dei
688 4511 829 4568 dicuntur
842 4529 860 4567 1
874 4512 967 4586 nobis,
984 4531 1037 4570 nec
1050 4521 1149 4571 tamen
1164 4525 1234 4572 sunt
1248 4514 1343 4570 Deo.'’

279 4581 358 4641 XII.
380 4583 405 4640 F
407 4584 469 4640 ides
476 4603 542 4674 ‘non
557 4592 602 4642 est
613 4605 690 4656 vera,
702 4589 773 4662 quia
785 4599 960 4663 perseverat,
971 4593 1021 4648 sed
1036 4601 1211 4666 perseverat,
1221 4593 1292 4668 quia
1302 4609 1373 4648 vera
1386 4599 1448 4660 est3

236 4669 272 4716 ut
285 4667 504 4734 perseverantia
517 4679 577 4718 non
602 4664 640 4719 sit
654 4683 743 4722 causa
758 4667 889 4724 veritatis
899 4669 976 4743 fidei,
992 4673 1043 4726 sed
1055 4689 1237 4746 consequens
1249 4679 1279 4728 et
1293 4671 1444 4740 effectum,

230 577 293 623 'lum
332 574 468 621 sanctifica-

315 637 390 679 tlonis

278 4025 370 4072 Fontes
381 4026 445 4070 solu·

314 4085 417 4129 tionum.
