3192 5206
194 379 200 388 ,
241 302 300 361 302
656 317 748 361 rocus
763 317 891 361 orciuos
905 316 1039 360 uramus.
1264 295 1391 378 [comer.
1406 314 1456 358 rr.

152 523 157 539 ⁸
240 479 307 518 cum
321 458 402 534 Levi,
426 479 479 518 nec
498 467 595 518 minen
617 479 682 519 cum
696 481 730 518 eo
755 459 899 533 decimari,
914 458 985 535 quid
1009 458 1114 534 obstat,
1134 457 1288 535 quominus
1309 457 1397 516 fuerit
1420 459 1456 514 in

148 562 150 564 ·
239 539 364 614 Adamo,
376 559 430 598 neo
443 549 540 600 nmen
554 559 619 597 cum
633 539 696 617 ipso
711 541 780 598 etin
790 541 854 617 ipso
864 538 1011 617 peccarit?

240 636 364 683 saaraim
385 637 478 684 curbat
541 619 631 677 XVI.
654 619 876 696 conceptionem
888 618 994 677 Christi
1003 616 1111 693 excipit
1128 616 1271 674 Natiuitaa
1284 635 1322 674 ex
1333 616 1369 674 B.
1380 616 1453 674 Vir-

262 697 309 740 fuit
329 696 459 741 ordinaria
501 698 578 775 gine,
593 719 658 775 qnae
677 700 799 775 contigit
823 707 906 772 stato,
919 706 948 756 et
966 717 984 754 a
1005 705 1108 755 natura
1124 696 1243 755 definito
1261 703 1361 773 partus
1375 706 1453 755 tem·

278 795 317 849 re,
338 775 388 851 qui
404 784 504 852 partus
520 779 590 836 licet
607 779 797 838 miraculosus
815 779 909 852 fuerit,
930 775 998 855 quia
1016 776 1175 852 virgineus,
1194 775 1335 834 naturalis
1349 783 1452 834 tamen

238 795 312 913 bilae
323 855 436 930 dicitur,
454 857 523 934 quia
542 866 680 916 consueto
697 859 837 916 matribus
853 877 931 915 more
942 851 1028 914 enixa
1042 867 1094 914 est.
1151 855 1237 914 Unde
1251 875 1305 913 nec
1319 856 1381 913 sine
1396 855 1462 921 ἀοι

238 933 300 992 lore
319 934 376 993 dici
396 945 492 1012 potest
515 937 669 1015 peperisse,
688 957 751 996 cnm
774 938 850 996 enim
867 945 985 1014 peceato
1009 955 1067 993 non
1086 935 1218 1008 caruerit,
1233 934 1344 1012 peccati
1358 936 1452 994 etiarn

238 1033 353 1090 posnam
367 1013 421 1073 hac
435 1017 466 1074 in
480 1025 568 1093 parte,
584 1025 614 1076 et
626 1018 793 1094 primaevam
810 1025 934 1075 matrum
944 1023 1049 1074 sortem
1063 1013 1188 1092 perferre
1203 1014 1311 1090 debuit,
1325 1015 1390 1074 Gen
1405 1013 1451 1072 iii.

242 1096 289 1168 16,
313 1095 377 1151 “In
398 1094 497 1154 dolore
515 1096 609 1173 paries
630 1097 765 1172 liberos,”
788 1105 817 1155 et
838 1096 906 1156 Joh.
928 1095 990 1154 xvi.
1012 1098 1059 1170 21,
1077 1094 1237 1151 “Foemina
1257 1113 1347 1170 quum
1369 1094 1451 1170 parit

239 1173 384 1232 tristitiam
399 1175 487 1234 habet
499 1177 525 1234 :''
568 1177 664 1235 Multo
679 1176 775 1234 minus
789 1195 854 1234 oum
870 1174 1029 1233 Pontifieiis
1056 1173 1094 1232 ad
1107 1193 1258 1250 corporum
1271 1174 1451 1250 penetratio-

239 1272 305 1310 nem
329 1252 396 1311 inde
420 1254 612 1330 asserendam,
627 1255 761 1313 affirmari
785 1254 872 1313 debet
886 1253 1009 1312 Mariam
1029 1253 1126 1312 clauso
1145 1261 1228 1311 utero
1241 1253 1356 1312 enixam
1371 1273 1450 1312 esse.

241 1332 389 1409 Scriptura
411 1335 584 1394 conuarium
599 1354 734 1411 expresse
748 1333 910 1407 definiente,
926 1333 997 1391 Luc.
1017 1333 1047 1390 ii.
1063 1337 1111 1405 22,
1121 1335 1169 1406 23,
1181 1352 1270 1408 quum
1284 1333 1452 1409 applicatam

239 1411 354 1470 Christo
366 1412 461 1472 Locus
475 1413 570 1473 Exod.
586 1414 647 1472 xiii.
662 1418 690 1488 2,
712 1413 762 1473 ubi
783 1414 879 1490 agitur
899 1412 935 1471 de
949 1413 1141 1490 primogenito
1155 1413 1273 1470 vulvam
1288 1412 1447 1488 aperiente,

238 1500 268 1551 et
281 1492 327 1550 rei¹
337 1491 428 1568 ipsius
441 1501 552 1568 natura,
567 1494 642 1552 hanc
656 1493 867 1552 dimensionum
880 1491 1106 1570 penetrationem
1121 1502 1151 1549 et
1161 1491 1282 1550 duorum
1292 1511 1449 1569 corporum

236 1589 295 1629 uno
315 1571 345 1628 in
366 1573 430 1631 loco
450 1593 560 1630 moram
580 1593 639 1632 non
659 1571 777 1632 ferente.
820 1573 880 1630 Nec
900 1579 1052 1649 propterea
1065 1571 1219 1646 virginitas
1231 1571 1332 1629 Mariae
1345 1572 1376 1628 in
1390 1571 1446 1630 du·

235 1650 316 1709 bium
330 1662 458 1711 vocatur.
482 1653 556 1724 Quia
569 1672 627 1710 non
640 1653 670 1711 in
685 1673 719 1711 eo
734 1653 790 1711 sita
803 1660 855 1727 est,
868 1651 946 1728 quod
961 1651 1093 1710 Christus
1101 1659 1186 1708 natus
1195 1651 1234 1709 sit
1243 1651 1342 1710 clauso
1350 1660 1445 1726 utero,

235 1731 286 1790 sed
301 1730 380 1807 quod
393 1732 487 1810 Virgo
501 1732 587 1791 fuerit
600 1733 708 1792 intaeta
719 1732 800 1790 Viro.

277 1810 385 1870 XVII.
408 1812 504 1870 Locus
515 1811 601 1870 Ilaec.
617 1812 689 1870 xliv.
705 1815 733 1887 2,
745 1812 782 1870 de
797 1820 887 1886 panta
897 1811 1061 1869 Sanctaaria'
1073 1812 1170 1868 clausa
1191 1818 1220 1868 et
1233 1829 1381 1886 perquam
1393 1829 1445 1869 ne·

233 1890 305 1947 mini
319 1891 415 1950 aditus
428 1899 526 1968 pateat
539 1892 595 1949 nisi
610 1891 746 1968 Principi,
761 1909 909 1968 perperam
923 1890 980 1948 buc
991 1888 1122 1947 trahitur.
1153 1889 1235 1963 Quia,
1251 1899 1443 1966 praeterquam

234 1969 314 2046 quod
335 1971 508 2047 allegoricus
535 1979 587 2046 est,
610 1980 697 2046 atque
718 1970 784 2028 ideo
805 1990 858 2028 nec
882 1969 1131 2046 argumentativus
1146 1987 1183 2026 ox
1198 1968 1444 2027 Adversariorum

234 2048 432 2124 confessione;
454 2050 565 2108 alienus
586 2059 630 2108 eet
644 2069 661 2108 a
674 2069 705 2108 re
716 2050 752 2108 de
766 2069 823 2126 qua
837 2049 884 2106 bie
898 2049 1003 2124 agitur.
1045 2047 1119 2105 Nam
1134 2047 1286 2106 edificium
1300 2058 1443 2106 monstra·

234 2134 296 2185 tum
313 2129 473 2205 Prophetae,
496 2129 629 2188 nonfuit
650 2138 737 2206 typus
759 2129 794 2186 Β.
810 2127 950 2204 Virginis,
973 2127 1024 2185 sed
1045 2127 1216 2185 universalis
1232 2127 1379 2202 Ecclesiae,
1396 2129 1444 2186 cui

231 2215 316 2283 porta
337 2207 402 2265 eoeli
422 2209 521 2266 clausa
542 2209 579 2266 ob
599 2217 757 2285 peceatum,
773 2216 853 2285 patet
863 2216 892 2266 et
912 2213 1055 2266 reseratur
1068 2225 1120 2284 per
1131 2207 1276 2266 Christum
1290 2207 1442 2266 Summum

233 2287 296 2362 ejus
313 2285 497 2345 Sacerdotem
508 2295 538 2346 et
553 2288 723 2364 Principem.

273 2365 399 2423 XVIII.
423 2366 471 2423 Ex
504 2366 559 2424 hac
595 2366 754 2424 Nativitate
787 2365 919 2425 Christus
952 2365 1026 2424 bene
1061 2364 1155 2424 Filius
1189 2365 1291 2424 Mariae
1325 2364 1441 2442 dicitur,

232 2452 265 2503 ut
283 2444 320 2502 ab
341 2453 448 2502 aeterna
483 2444 669 2522 generatione
694 2446 788 2503 Filius
813 2445 869 2503 Dei
892 2453 1021 2520 vocatur,
1050 2465 1104 2504 nec
1126 2455 1223 2504 tamen
1259 2445 1369 2521 duplex
1391 2446 1444 2505 illa

230 2523 332 2582 filiatio
349 2523 380 2581 in
405 2525 528 2597 Christo,
555 2525 645 2583 altera
661 2532 794 2601 respectu
817 2523 911 2582 Patris
930 2524 960 2581 in
984 2526 1067 2599 coelo,
1091 2525 1181 2584 altera
1194 2533 1326 2602 respectu
1340 2526 1443 2585 matris

231 2603 262 2660 in
285 2611 370 2678 terra,
396 2604 540 2681 duplicem
560 2603 652 2663 filium
674 2603 831 2678 constituit,
857 2603 909 2662 aed
931 2604 1046 2663 unicam
1073 2623 1233 2681 personam,
1257 2605 1304 2663 cui
1331 2604 1444 2682 duplex

231 2683 344 2742 accedit
357 2684 414 2743 ista
427 2684 537 2760 relatio,
553 2704 618 2743 eum
633 2703 722 2744 arnum
737 2683 871 2759 idemque
894 2683 1055 2760 subjeetum
1079 2684 1204 2761 plurium
1217 2684 1389 2742 relationum
1404 2685 1444 2743 sit

232 2782 334 2840 capax.

272 2842 367 2902 XIX.
390 2843 448 2902 Hic
461 2859 531 2903 'vero
546 2843 604 2904 duo
618 2843 761 2922 praecipue
775 2842 865 2920 quaeri
880 2844 991 2902 solent:
1008 2845 1035 2902 1.
1051 2843 1109 2902 Cur
1120 2843 1250 2902 Christus
1264 2863 1301 2902 ex
1317 2843 1441 2922 Virgine

231 2923 311 2981 nasci
332 2923 486 2983 debuerit?
506 2929 534 2982 2.
550 2924 608 3000 An,
623 2933 657 2983 ut
670 2925 763 3001 Virgo
785 2921 840 2981 fuit
860 2931 1053 2999 antepartum
1069 2932 1098 2982 et
1118 2922 1149 2980 in
1162 2932 1255 3000 partu,
1270 2923 1338 2982 talis
1352 2925 1441 2982 etiam

230 3001 318 3062 fuerit
337 3013 404 3081 post
424 3007 562 3081 partum?
603 3003 653 3063 Ad
666 3005 787 3082 primam
802 3003 832 3061 in
847 3023 952 3080 genere
966 3002 1162 3080 respondetur,
1178 3003 1371 3062 necessarium
1385 3003 1442 3062 hoc

231 3081 320 3141 fuisse
341 3084 379 3141 ad
394 3083 582 3144 Oraculorum
596 3093 726 3144 veterum
741 3084 990 3160 complementum,
1006 3102 1070 3159 quae
1084 3083 1138 3140 hoe
1149 3101 1285 3158 expresso
1298 3082 1441 3159 praedixe-

232 3169 305 3236 rant,
329 3161 387 3220 Isa.
409 3165 460 3222 vii.
484 3167 540 3240 14,
562 3172 592 3223 et
612 3164 754 3240 quaeideo
776 3163 914 3222 Messinm
935 3181 986 3239 per
1002 3163 1106 3220 Seman
1120 3162 1257 3235 mulieris,
1273 3171 1302 3220 et
1315 3162 1442 3222 fructum

231 3241 342 3298 ventris
365 3241 526 3300 describere
541 3243 680 3302 solebant.
724 3243 782 3302 Sed
796 3243 826 3301 in
841 3242 936 3320 specie
949 3241 1075 3300 rationes
1088 3241 1177 3298 variae
1191 3241 1331 3318 assignari
1347 3242 1443 3301 solent

231 3318 316 3377 istius
327 3317 558 3396 dispensationis.
602 3325 628 3380 1.
651 3323 725 3396 Quia
738 3341 832 3381 novus
846 3321 1040 3398 generationis
1050 3319 1153 3378 modus
1164 3339 1240 3379 novo
1250 3320 1362 3380 homini
1373 3342 1442 3380 oon-

233 3396 364 3472 grnebat,
379 3407 409 3455 et
430 3419 552 3476 persona
574 3401 802 3459 extraordinaria
815 3400 1071 3459 extraordinariam
1089 3400 1251 3476 genituram
1265 3401 1442 3477 postulabat.

234 3475 332 3534 Antea
344 3476 454 3553 primus
467 3479 554 3537 homo
568 3479 732 3538 immediate
746 3499 763 3537 a
779 3481 841 3538 Deo
856 3488 968 3538 creatus
981 3479 1082 3553 fuerat,
1097 3487 1198 3556 postea
1217 3479 1282 3538 Eva
1301 3479 1443 3556 producte

233 3562 279 3612 est
299 3573 336 3612 ex
357 3556 421 3613 viro
435 3557 496 3615 sine
510 3558 627 3616 soemina
641 3581 648 3633 ;
672 3559 787 3617 Exinde
801 3578 901 3616 omnes
915 3560 1046 3618 homines
1059 3558 1202 3616 ordinarie
1216 3577 1254 3617 ex
1267 3559 1331 3617 viro
1346 3567 1375 3618 et
1389 3560 1442 3618 foe·

233 3633 313 3690 mina
333 3645 508 3712 nascuntur;
531 3639 658 3697 restabat
671 3647 791 3714 quartus
809 3638 912 3696 modus
931 3639 968 3696 ad
982 3637 1181 3697 admirabilem
1196 3639 1252 3696 Dei
1271 3639 1442 3716 sapientiam

234 3711 265 3768 in
279 3712 427 3772 bominum
446 3723 511 3774 ortu
528 3717 768 3794 conspiciendam,
783 3726 816 3777 ut
833 3718 920 3775 homo
934 3738 971 3777 ex
985 3718 1102 3776 foemina
1116 3718 1177 3776 sine
1192 3718 1255 3776 viro
1266 3727 1441 3794 nasceretur,

234 3791 313 3867 quod
333 3793 364 3851 iu
378 3795 440 3852 solo
455 3795 569 3855 Christo
584 3798 741 3874 impletum.
758 3798 821 3871 Quo
834 3797 983 3857 refertnra
997 3796 1170 3874 quibusdam
1183 3798 1265 3856 locus
1280 3799 1301 3858 J
1302 3818 1341 3856 er.
1357 3800 1442 3858 xxxi.

235 3875 282 3947 22,
307 3873 596 3934 “CreavitJehovab
617 3877 764 3934 novumin
777 3885 862 3951 terra,
878 3877 995 3935 foemina
1005 3876 1163 3935 circumdat
1173 3879 1364 3952 masculum,''
1387 3878 1442 3937 sci·

234 3950 304 4010 licet
323 3952 355 4010 in
375 3961 465 4012 utero.
488 3959 515 4014 2.
538 3956 586 4014 Ex
600 3955 717 4014 foemina
736 3957 816 4015 nasci
837 3957 930 4017 voluit
944 3957 1063 4016 aliorum
1078 3957 1226 4015 hominurn
1240 3977 1329 4030 more,
1344 3965 1378 4016 ut
1391 3977 1441 4016 vc-

234 4049 298 4088 rum
313 4031 457 4092 hominem
479 4055 542 4095 sese
558 4036 701 4113 probaret.
744 4037 791 4094 Ex
811 4037 919 4095 semine
929 4036 985 4094 viri
998 4035 1078 4093 nasci
1098 4035 1200 4110 noluit,
1215 4045 1247 4095 ut
1270 4039 1353 4096 etiam
1362 4038 1445 4096 aliud

234 4129 292 4167 ease
305 4132 390 4188 qaam
400 4115 544 4189 barlaam,
556 4117 739 4191 medeamur,
753 4124 786 4174 nt
796 4116 924 4192 loquitur
935 4114 1070 4172 Ambros.
1085 4113 1122 4172 de
1138 4115 1217 4174 Saer.
1229 4117 1344 4174 Inoam.
1357 4117 1443 4176 Prius

234 4187 272 4245 ad
284 4192 484 4251 necessitatem
501 4203 628 4253 nostram
647 4195 817 4272 pertinebat,
832 4194 975 4271 posterius
991 4193 1028 4251 ed
1042 4193 1105 4270 ejus
1118 4193 1300 4271 dignitatem.
1322 4199 1351 4254 3.
1367 4195 1443 4271 Quia

234 4285 293 4324 non
307 4269 412 4346 decuit,
428 4282 461 4330 ut
474 4273 550 4332 idem
567 4274 659 4332 Filius
674 4274 746 4332 duos
760 4274 879 4332 haberet
893 4273 1003 4344 Patres,
1019 4272 1070 4331 sed
1083 4281 1116 4332 ut
1130 4273 1239 4332 nullam
1253 4277 1375 4334 matrem
1389 4295 1441 4353 ag·

233 4348 371 4408 noscebat
385 4350 415 4407 in
429 4353 511 4428 coelo,
523 4373 581 4430 qna
596 4353 689 4412 Filius
703 4354 778 4426 Dei;
802 4353 849 4411 Ita
858 4353 970 4412 nullum
986 4352 1102 4410 Patrem
1116 4362 1287 4430 agnosceret
1302 4354 1331 4412 in
1346 4356 1440 4430 terris,

233 4442 291 4498 qua
306 4426 399 4486 Filius
412 4428 546 4504 hominis,
561 4440 590 4491 et
604 4433 645 4491 sic
658 4451 727 4491 vere
741 4440 818 4491 esset
828 4432 933 4512 ἑπέτις
947 4441 976 4491 et
988 4435 1098 4512 ἐμέτοις.
1140 4437 1169 4491 4.
1190 4434 1265 4509 Quia
1279 4434 1303 4491 si
1318 4453 1439 4512 concep-

233 4513 281 4561 tus
294 4503 396 4565 fuissm
409 4527 447 4566 ex
461 4512 569 4568 semine
584 4511 656 4585 Viri,
672 4531 730 4569 nou
748 4519 847 4588 posset
860 4512 917 4570 dici
932 4521 1087 4589 conceptus
1101 4532 1138 4570 ex
1155 4513 1264 4590 Spiritu
1280 4513 1396 4589 Sancto,
1412 4521 1442 4573 et

232 4580 310 4640 filius
332 4587 471 4646 naturalis
490 4589 597 4648 Adami
619 4590 729 4664 suisset,
753 4589 881 4664 adaequa
900 4591 991 4649 haeres
1006 4591 1133 4650 omnium
1148 4593 1211 4671 ejus
1224 4593 1375 4652 melonum.
1400 4593 1442 4652 Ut
