3186 5210
161 413 278 459 oense.
293 393 371 472 xva]
629 407 668 448 ns
683 409 856 450 vocacione
871 410 907 449 ar
923 409 1000 450 rma.
1331 396 1388 456 533

165 554 297 612 voluerit
304 551 447 620 Christus,
458 548 519 615 eui
530 551 619 606 semel
630 549 745 619 biberit,
753 551 877 606 etsemel
883 551 1050 620 crediderit,
1060 552 1120 626 sed,
1128 550 1189 618 Qui
1195 552 1380 612 continenter

168 640 200 690 et
213 637 444 708 perseveranter,
459 628 510 684 ille
524 627 658 684 victurus
681 628 719 685 sit
742 628 773 684 in
798 630 973 685 aeternum.”
1016 629 1074 687 Sed
1089 631 1180 687 verba
1195 629 1303 689 Christi
1323 634 1379 692 hoc

164 711 311 786 effugium
321 707 526 786 praecludunt;
548 723 608 763 non
623 707 703 776 dicit,
719 706 771 780 qui
785 706 927 765 continuo
938 707 1054 778 biberit,
1069 709 1130 779 sed,
1145 708 1197 783 qui
1210 708 1325 782 biberit,
1337 713 1377 769 id.

165 791 220 866 qui
241 791 331 846 semel
345 804 413 843 vere
435 784 550 854 biberit,
566 785 636 860 quia
657 785 729 841 facit
750 790 839 859 potus
861 785 915 844 iste
940 787 1031 843 semel
1055 788 1189 858 haustus,
1205 794 1240 844 ut
1263 807 1378 864 semper

165 869 332 937 hauriatur,
357 865 428 940 quia
455 881 536 937 aqua
562 881 654 937 quam
679 862 814 924 Christus
838 864 891 920 dat
914 866 948 921 fit
971 864 1054 935 fons;
1084 865 1146 922 Dat
1167 883 1277 939 aquam
1301 869 1377 925 hanc

167 947 311 1016 Christus,
332 945 384 1001 ubi
398 942 490 999 semel
503 941 625 998 bibitur.
667 941 729 998 Ubi
751 959 823 1015 ergo
845 943 936 998 semel
949 943 1070 1014 bibitur,
1084 945 1118 1000 fit
1138 943 1179 1000 ibi
1200 944 1267 1000 fons
1289 963 1375 1020 aquae

165 1024 352 1083 scaturientis
366 1023 404 1079 ad
419 1019 610 1077 refectionem
625 1027 776 1076 aeternam.
809 1019 896 1077 Alias
910 1021 934 1077 si
948 1022 1005 1078 hoc
1025 1027 1144 1078 tantum
1152 1023 1219 1078 vult
1231 1022 1375 1096 Christus,

165 1104 247 1178 quod
262 1101 397 1176 quandiu
412 1101 503 1155 horno
518 1097 594 1155 bibit
607 1117 643 1154 cx
665 1098 718 1156 illa
732 1116 812 1171 aqua
825 1117 884 1154 non
900 1099 988 1168 sitiat,
1004 1099 1084 1156 idem
1105 1102 1143 1158 dc
1167 1101 1301 1173 quelibet
1315 1103 1375 1159 alio

164 1189 240 1257 potu
254 1181 312 1237 dici
327 1177 444 1254 poterit,
460 1177 540 1250 quod
556 1177 690 1250 quandiu
705 1195 791 1232 exeo
806 1176 916 1249 aliquis
931 1178 1014 1244 bibit,
1029 1196 1090 1235 non
1105 1179 1195 1235 sitiat.

483 1253 626 1311 XXVII.
649 1255 677 1311 6.
693 1254 764 1310 Huc
777 1254 848 1311 facit
861 1255 1019 1320 Jadiciam,
1035 1259 1116 1329 quod
1127 1259 1161 1314 tit
1173 1255 1205 1312 iu
1222 1255 1376 1334 Scriptura

163 1325 186 1372 ⁶·
208 1327 232 1371 A
253 1325 350 1408 Juneto
371 1324 400 1370 dc
421 1332 628 1408 deApastatie,
640 1332 1375 1412 quasiaverisfidelibusplanediversis;'“Egres-

215 1385 352 1441 Apostans.
421 1412 444 1468 si
459 1419 528 1468 suut
542 1429 579 1468 cx
593 1412 706 1480 nobis‚''
722 1410 818 1485 iuquit
826 1410 847 1468 J
850 1413 897 1468 oh.
915 1410 961 1468 1².
976 1412 1005 1468 ii.
1023 1412 1069 1481 19,
1082 1414 1159 1468 “sed
1171 1431 1231 1469 non
1243 1423 1328 1471 erant
1338 1435 1376 1473 ex

164 1489 259 1559 nobis,
287 1506 359 1544 nam
384 1490 408 1545 si
433 1490 559 1547 fuissent
578 1509 616 1546 ex
636 1489 730 1558 uobis,
755 1489 932 1547 mansissent
952 1490 1055 1564 utique
1080 1490 1243 1562 nobiscum,
1268 1495 1318 1549 sed
1341 1503 1376 1551 ut

164 1569 318 1642 patefieret
332 1569 413 1640 quod
428 1585 489 1624 non
503 1567 562 1624 sint
577 1586 679 1624 omnes
693 1585 730 1624 ex
747 1568 861 1624 nobis.'’
905 1568 993 1638 Quia,
1008 1574 1043 1624 ιιι
1056 1569 1130 1624 bene
1146 1569 1277 1642 August.
1290 1580 1375 1630 notat

166 1647 204 1702 de
219 1645 305 1702 Dect.
323 1643 430 1704 Christ.
445 1645 496 1702 lib.
511 1646 563 1716 iii,
585 1653 603 1680 “
613 1645 644 1702 N
647 1665 685 1702 on
700 1652 745 1703 est
760 1664 864 1702 revera
879 1646 996 1721 Corpus
1012 1646 1130 1720 Christi,
1146 1649 1227 1720 quod
1246 1651 1376 1708 nouerit

163 1742 233 1780 cum
246 1723 300 1780 illo
315 1723 346 1778 in
371 1725 545 1782 aternum.’'
588 1724 629 1782 Et
651 1725 723 1782 alibi
743 1725 780 1780 de
804 1723 935 1799 Corrept.
951 1743 1013 1800 cap.
1030 1727 1066 1783 9:
1090 1724 1190 1781 “Nou
1213 1735 1298 1783 erant
1320 1729 1374 1785 filii

164 1803 255 1858 etiam
269 1802 390 1876 quando
405 1809 490 1860 erant
506 1803 537 1858 in
551 1802 732 1878 professione
747 1809 777 1859 et
797 1803 918 1860 nomine
941 1803 1100 1860 filiorum.”
1144 1802 1193 1860 Ita
1208 1805 1374 1877 Apostolus

165 1880 323 1954 distinguit
336 1901 392 1938 esse
407 1883 434 1939 ia
449 1880 579 1940 Ecclesia
590 1882 691 1955 quoad
706 1880 917 1956 professionem
931 1889 1094 1952 externam,
1103 1889 1133 1938 et
1145 1880 1260 1956 Corpus
1272 1882 1373 1942 Eccle-

165 1958 334 2028 siasticum;
358 1961 397 2017 Et
411 1980 467 2018 csse
481 1981 517 2018 ea
532 1959 662 2018 Ecclesia
676 1960 776 2032 quoad
791 1959 1030 2016 communionem
1039 1960 1196 2029 internam,
1214 1967 1243 2016 et
1259 1961 1374 2036 Corpus

167 2035 276 2093 Christi
290 2039 467 2112 mysticum
482 2040 564 2114 quod
588 2039 658 2096 solis
673 2037 783 2094 Electis
796 2037 944 2110 competit.
988 2037 1143 2112 Apostatae
1158 2045 1258 2094 autern
1279 2039 1325 2096 illi
1345 2051 1375 2098 et

167 2114 376 2186 Anti-Christi,
392 2118 549 2192 dequibus
561 2115 868 2192 loquiturJohanncs,
883 2115 1003 2172 fuerant
1017 2116 1138 2190 quidem
1152 2117 1230 2172 inter
1243 2116 1322 2191 ipsos
1342 2119 1372 2175 in

168 2191 253 2250 Coetu
270 2192 440 2253 Christiano
454 2203 484 2253 et
506 2195 638 2254 Ecclesia
658 2193 768 2252 visibili
787 2193 922 2250 fidelium
945 2211 997 2268 per
1017 2194 1086 2250 fidei
1107 2193 1319 2268 professionem
1344 2204 1374 2254 et

168 2270 428 2331 Sacrameutorum
442 2275 691 2341 communionem,
707 2279 736 2328 et
750 2272 788 2328 ab
802 2271 856 2328 illa
880 2271 1089 2328 communione
1110 2271 1289 2344 defecerant,
1311 2293 1372 2332 nou

166 2357 229 2404 tam
240 2352 403 2408 mutatione
413 2353 480 2422 loci,
491 2371 580 2426 quam
592 2351 744 2420 doetrinae,
754 2357 784 2406 et
794 2349 917 2406 affectus
929 2372 936 2420 ;
951 2356 986 2406 ut
1000 2350 1126 2424 egredie
1141 2351 1255 2408 mundo
1269 2352 1374 2410 dicun-

167 2435 228 2495 tur,
243 2445 302 2482 nou
317 2431 368 2503 qui
382 2449 512 2505 corpore,
524 2432 575 2487 sed
590 2430 641 2505 qui
656 2429 755 2486 animo
769 2435 799 2485 et
812 2429 966 2484 affectibus
981 2429 1018 2485 ab
1032 2445 1068 2484 co
1079 2447 1110 2486 se
1124 2438 1270 2503 separant.
1295 2430 1375 2497 Quia

168 2523 240 2560 vero
256 2509 429 2565 scandalum
444 2509 548 2582 ingens
561 2509 630 2565 inde
645 2507 717 2564 oriri
731 2513 857 2580 poterat,
869 2507 954 2580 quasi
970 2506 1103 2564 Ecclesia
1123 2509 1198 2566 tales
1214 2515 1308 2582 pestes
1323 2527 1374 2582 ge-

168 2582 288 2653 nuisset,
304 2587 350 2642 vel
364 2588 425 2643 veri
439 2587 541 2644 fideles
552 2588 718 2654 deficerent,
734 2583 754 2642 J
757 2586 889 2642 ohannes
899 2585 945 2640 illi
956 2586 1091 2656 occurrit,
1106 2604 1200 2660 quum
1211 2588 1303 2656 addit,
1314 2605 1373 2644 non

166 2661 257 2718 fuisse
271 2681 307 2719 ex
317 2683 440 2721 numere
454 2683 591 2722 verorum
612 2664 755 2732 fidelium,
776 2664 846 2736 quia
860 2664 884 2718 si
898 2663 1023 2720 fuissent
1036 2681 1072 2719 ex
1095 2664 1164 2733 illis,
1188 2664 1291 2736 utique
1305 2683 1374 2722 cen·

165 2747 279 2797 stanter
292 2759 360 2798 cum
375 2743 410 2798 iis
425 2742 610 2814 mansissent,
626 2745 677 2799 sed
699 2743 756 2798 hoc
777 2741 844 2797 ideo
867 2741 981 2798 factum
995 2759 1065 2810 esse,
1091 2748 1125 2797 ιιι
1139 2743 1290 2814 patefieret
1312 2761 1371 2799 non

164 2837 276 2887 omues,
291 2821 342 2893 qui
358 2822 473 2877 suntin
489 2821 629 2890 Ecclesia,
645 2829 675 2877 et
688 2819 740 2893 qui
753 2819 842 2876 fidem
857 2821 1042 2892 profitentur,
1057 2837 1119 2874 esse
1134 2837 1202 2875 vere
1221 2820 1323 2876 fideles
1344 2829 1374 2877 et

167 2895 307 2970 Corporis
322 2898 433 2956 Christi
454 2901 603 2968 membra;
625 2900 705 2972 quod
720 2897 823 2971 utique
845 2897 941 2953 dicere
955 2915 1015 2954 non
1039 2896 1183 2970 potuisset
1198 2897 1373 2970 Apostolus,

167 2974 223 3030 nisi
237 2977 440 3050 supposuisset
459 2984 493 3034 ut
512 2985 627 3034 certum
651 2985 681 3034 ct
704 2975 915 3044 indubitatum,
941 2975 1009 3044 Eos,
1025 2975 1077 3049 qui
1091 2975 1181 3031 semel
1200 2975 1231 3030 in
1257 2974 1373 3050 Corpus

169 3050 278 3108 Christi
291 3055 449 3128 mysticum
463 3063 493 3112 et
514 3055 675 3112 Ecclesiam
695 3053 874 3110 invisibilem
895 3053 994 3110 allecti
1007 3060 1085 3122 suut,
1100 3070 1159 3108 non
1182 3070 1265 3126 posse
1280 3054 1317 3108 ab
1338 3073 1374 3110 ea

167 3130 298 3187 deficere.
320 3132 400 3190 Nam
412 3135 492 3208 quod
504 3152 522 3190 a
533 3133 710 3208 quibusdam
722 3131 876 3205 excipitur,
891 3129 1050 3203 Egressiun
1066 3131 1155 3188 istum
1165 3138 1268 3188 notare
1279 3131 1374 3187 missi·

166 3207 474 3284 enernApostolicam‚
489 3211 584 3291 (quasi
599 3212 644 3267 illi
658 3210 811 3268 finxissent
821 3227 851 3265 se
866 3209 969 3265 missos
983 3209 1020 3266 ab
1032 3207 1209 3284 Apostolis,)
1222 3209 1303 3283 quod
1314 3227 1374 3266 non

167 3293 242 3342 esset
256 3294 362 3359 tamen,
378 3297 437 3348 tam
453 3300 497 3346 est
511 3291 671 3347 absurdum
687 3295 721 3344 ut
741 3287 920 3344 refutatione
941 3305 1001 3343 non
1016 3287 1156 3360 indigeat.
1199 3286 1283 3344 Licet
1303 3304 1373 3344 vero

167 3381 226 3420 non
248 3385 389 3440 negemus
404 3387 489 3425 veros
510 3368 611 3425 fideles
626 3385 709 3441 posse
734 3368 772 3422 ad
787 3373 904 3439 tempus
918 3366 1052 3421 recedere
1067 3367 1105 3422 ab
1119 3371 1242 3421 autenm
1261 3365 1374 3440 profes-

166 3443 248 3500 sione
262 3453 291 3501 et
306 3445 335 3502 in
349 3447 579 3520 abnegationem
605 3445 714 3502 Christi
727 3444 878 3512 inciderc;
903 3445 954 3499 scd
976 3445 1024 3500 vel
1048 3450 1170 3500 metuet
1194 3443 1373 3514 infirmitate,

166 3523 213 3578 vel
228 3541 328 3580 errore
341 3526 449 3582 mentis
463 3525 510 3580 vel
525 3542 575 3598 spe
589 3523 683 3592 luori;
698 3541 716 3580 a
730 3540 790 3596 quo
800 3523 886 3594 lapsu
900 3530 1025 3594 possunt
1038 3540 1190 3596 resurgere
1202 3544 1209 3592 ;
1226 3521 1297 3579 Non
1308 3522 1375 3579 ideo

165 3601 229 3657 fieri
243 3609 350 3675 potest,
366 3611 400 3660 ut
414 3603 553 3659 deficiant
567 3603 652 3675 lapsu
667 3601 753 3657 totali
767 3607 796 3656 et
807 3617 843 3654 cx
859 3598 975 3656 malitia
985 3608 1016 3657 et
1029 3602 1192 3658 deliberato
1204 3601 1296 3660 animi
1307 3619 1374 3674 pro-

164 3680 272 3754 posito,
288 3699 325 3737 cx
339 3681 409 3736 edio
424 3689 454 3738 et
467 3687 640 3754 contemptu
655 3678 795 3746 veritatis,
810 3685 845 3732 ut
858 3677 932 3732 fiant
943 3687 1143 3751 persecutores
1154 3687 1183 3736 et
1197 3681 1374 3750 seductores,

165 3756 226 3812 imo
241 3765 271 3814 et
285 3759 497 3828 Anti-Christi,
512 3759 616 3832 quales
630 3764 716 3814 erant
731 3755 781 3812 isti
796 3753 961 3828 Apestatae,
975 3758 1013 3812 de
1027 3758 1135 3831 quibus
1149 3757 1290 3830 loquitur.

167 3831 189 3920 '7
213 3879 370 3924 Abnbsure·
463 3835 628 3894 XXVIII.
653 3833 681 3897 7.
704 3834 754 3890 Ab
778 3833 937 3889 Abscidis.
991 3835 1071 3900 Quia
1095 3833 1191 3908 posita
1216 3832 1377 3905 Apostasia

192 3909 197 3919 ¹
364 3895 392 3926 ω’
423 3914 609 3984 Sanctorum,
633 3914 658 3970 l.
675 3913 904 3985 suspenduntur
915 3911 970 3967 Dei
980 3914 1105 3980 decreta,
1115 3919 1144 3966 et
1158 3911 1238 3966 dona
1253 3909 1309 3964 Dei
1322 3922 1375 3978 ἁμι-

167 3995 293 4053 sectasse·
308 3989 345 4044 ab
360 3991 470 4050 incerte
484 3993 613 4049 heminis
627 3991 759 4049 arbitrie.
801 3990 828 4044 2.
852 3989 1016 4062 Rumpitur
1030 3998 1134 4044 catena
1149 3986 1314 4042 mediorum
1329 4007 1374 4044 sa-

165 4065 239 4122 lutis
252 4083 343 4142 quam
359 4067 440 4126 Deus
454 4070 485 4125 in
500 4087 622 4126 suorum
643 4069 783 4126 solatium
797 4067 950 4123 contexuit
970 4065 1181 4120 inviolabilem.
1224 4063 1251 4119 3.
1274 4063 1375 4121 Evan-

165 4143 238 4218 gelii
252 4145 390 4201 doctrina
403 4146 434 4202 in
448 4165 545 4203 meras
560 4149 745 4222 conjecturas
759 4145 950 4210 convertitur,
966 4151 995 4198 et
1005 4141 1114 4197 fiducia
1125 4147 1155 4196 et
1169 4140 1315 4197 certitudo
1329 4161 1375 4200 sa-

166 4222 239 4279 lutis
253 4222 368 4278 afflictis
383 4224 566 4282 conscientiis
577 4244 696 4300 prorsus
708 4224 840 4296 eripitur.
881 4222 909 4276 4.
931 4219 1090 4276 Distinetio
1101 4218 1218 4274 tollitur
1229 4218 1305 4274 inter
1317 4219 1374 4276 Rc-

164 4301 274 4375 probas
288 4307 318 4355 ct
334 4299 462 4371 Eiectos,
476 4304 548 4358 dum
560 4304 723 4377 promiscue
738 4303 769 4358 hi
783 4309 814 4356 et
827 4299 872 4355 illi
887 4299 933 4354 rel
948 4297 1150 4354 admittuntur
1172 4314 1225 4370 pro
1238 4295 1324 4351 libitu
1336 4299 1375 4353 ad

166 4379 380 4435 salvandorum
401 4379 609 4450 conditionem,
624 4382 671 4437 vel
692 4380 901 4436 excluduntur.
944 4376 970 4432 5.
993 4374 1069 4430 Tota
1088 4373 1252 4430 oecononria
1272 4373 1376 4430 salutis

166 4457 264 4513 inanis
286 4457 439 4514 redditur..
471 4457 552 4514 Nam
574 4459 597 4513 si
619 4458 757 4531 possibile
778 4463 822 4510 est
841 4455 957 4510 fidelem
979 4470 1098 4507 ornnem
1121 4453 1243 4506 deficere
1268 4469 1286 4506 a
1309 4451 1376 4522 lida,

165 4535 229 4592 ficri
243 4541 342 4607 potest
356 4541 392 4591 ut
405 4535 480 4590 nulli
495 4537 617 4592 omuino
632 4536 691 4592 sint
706 4532 820 4601 Electi;
843 4550 913 4587 nam
928 4532 952 4586 si
975 4549 1052 4585 unus
1073 4530 1191 4599 excidit,
1212 4546 1304 4602 quare
1317 4547 1376 4585 nou

165 4622 195 4671 et
205 4614 304 4670 alteri
347 4611 388 4668 Et
398 4614 501 4669 eadem
513 4614 636 4681 ratione,
652 4632 705 4669 eur
719 4631 778 4668 nen
791 4627 892 4666 omnes
905 4613 915 4666 ἓ
940 4609 988 4666 Sic
1003 4608 1088 4663 nulla
1099 4615 1195 4680 potest
1206 4625 1266 4662 esse
1279 4605 1378 4664 Eccle-

166 4693 220 4762 sia,
236 4699 266 4748 et
281 4689 417 4748 Christus
431 4691 522 4764 gratis
537 4699 612 4748 essct
627 4698 771 4748 mortuns.
