3150 5206
234 361 293 418 218
686 372 777 414 rocus
792 372 992 413 nuouucruus.
1261 348 1388 429 [eumer.
1405 367 1442 407 ιι.

240 517 374 594 symbolo
398 513 505 592 passim
530 513 725 588 adumbratur,
741 513 864 573 allusive
878 514 916 572 ed
929 514 1017 573 ritum
1032 513 1172 572 Veterum
1186 513 1217 569 in
1232 508 1376 569 conviviis
1389 507 1443 566 usi·
1554 503 1555 526 ¹

239 604 340 670 tatum,
356 593 506 672 inquibus
530 594 663 652 solebant
676 595 716 651 ita
740 593 917 668 accumbere,
933 601 966 652 ut
990 593 1064 652 alter
1076 594 1107 651 in
1121 591 1239 651 alterius
1253 589 1348 648 sinum
1362 597 1444 664 caput

238 675 399 750 reclinaret,
415 673 493 751 quod
504 672 540 733 de
554 673 690 733 Johannc
704 673 810 732 dicitur
823 673 893 733 Joh.
909 673 970 731 xiii.
986 676 1034 747 23,
1046 673 1115 750 quia
1129 671 1262 731 Christus
1275 667 1445 728 accumbens

237 755 269 813 in
291 754 436 847 superiori·
452 761 533 832 parte
547 753 616 812 lecti
629 752 731 813 habuit
750 753 917 812 «Iohannem
940 753 1113 830 proximum,
1129 751 1179 829 qui
1200 747 1322 828 proinde
1346 747 1447 806 dicitur
1554 783 1555 788 κ

239 834 406 894 recubuisse
428 854 459 892 ιιι
483 834 547 911 ejus
572 833 646 892 sinu.
689 833 736 892 Ite
759 833 833 892 nihil
851 833 1008 910 prochvius
1027 840 1079 907 est,
1105 851 1192 909 quarn
1212 838 1246 890 nt
1269 828 1385 887 dicatur
1402 826 1447 884 hic

241 914 383 974 Lazarum
407 914 496 974 fuisse
521 913 698 987 Abrahamo,
714 912 793 989 quod
817 913 968 974 Johannss
993 913 1119 971 Domino
1133 911 1196 986 hait,
1212 910 1242 967 in
1257 907 1370 968 coelesti
1381 925 1446 964 con·
1554 947 1555 984 ,

240 995 329 1070 rivio,
345 1015 410 1055 cum
424 993 583 1072 prasertim
598 992 730 1052 Christus
751 993 821 1052 alibi
835 991 912 1070 apud
927 993 1032 1052 Matth.
1047 992 1109 1050 viii.
1131 995 1176 1064 ll,
1202 989 1257 1048 hoc
1281 987 1448 1064 mysterium

242 1075 318 1134 clare
332 1074 466 1152 explicet,
481 1093 571 1150 quum
585 1072 634 1147 ait,
667 1074 685 1105 “
697 1073 804 1132 multos
817 1073 853 1131 ab
874 1071 990 1131 Oriente
1005 1081 1034 1132 et
1047 1072 1085 1130 ab
1099 1069 1255 1130 Occidente
1269 1075 1410 1126 venturos
1423 1075 1450 1124 st

241 1154 424 1213 accubiturus
433 1173 499 1212 cum
513 1152 689 1227 Abrahamo,
706 1151 816 1227 Isaaco,
839 1160 869 1211 et
879 1152 900 1213 J
902 1152 992 1210 acobo
1007 1151 1037 1208 in
1051 1171 1141 1228 reguo
1152 1147 1320 1221 coelorum,”
1332 1146 1372 1205 id.
1388 1165 1449 1204 cnm

241 1235 305 1311 ipso
320 1232 486 1292 coelestibus
508 1232 602 1308 epulis
625 1229 771 1292 fruituros.
802 1231 1010 1290 “Accumbere
1025 1251 1091 1290 cunr
1105 1228 1347 1302 Abrahamo,”et
1362 1228 1449 1284 “esse

240 1313 272 1370 in
286 1312 352 1370 sinu
372 1311 563 1386 Abrahami,''
583 1310 662 1369 idem
683 1320 758 1387 sunt,
780 1311 837 1370 nisi
850 1310 928 1389 quod
942 1312 973 1369 in
987 1311 1052 1370 sinu
1066 1330 1129 1370 esse
1149 1307 1269 1385 majoris
1289 1304 1397 1364 amoris
1410 1313 1452 1363 est

241 1390 389 1465 indicium,
414 1390 484 1467 quia
507 1409 565 1448 ιιοιι
587 1409 687 1448 omnes
710 1392 742 1449 in
764 1391 828 1450 sinu
849 1391 1066 1467 accumbebant,
1091 1399 1124 1448 ut
1145 1389 1219 1448 hene
1240 1386 1356 1446 notavit
1380 1384 1452 1443 Mal·

242 1469 368 1528 donatus
378 1469 409 1527 in
421 1469 451 1526 h.
466 1469 486 1527 l.
509 1468 669 1527 Abrahemi
684 1479 779 1530 autem
794 1472 902 1530 mentio
915 1471 949 1530 fit
962 1469 1068 1548 potius,
1083 1488 1170 1548 quam
1184 1466 1299 1541 Jacohi,
1314 1474 1367 1525 aut
1380 1465 1451 1524 alius

244 1548 395 1627 cujusdam
409 1548 507 1625 beati;
528 1557 591 1607 tum
608 1548 677 1626 quia
701 1551 788 1609 Pater
810 1549 988 1610 credentium
1010 1549 1073 1625 fuit,
1093 1550 1176 1627 cujus
1190 1548 1221 1606 in
1234 1547 1340 1621 sinum,
1355 1545 1450 1618 idest,

243 1629 448 1690 suavissimum
473 1630 656 1706 complexum
679 1630 863 1707 colliguntur,
879 1631 929 1708 qui
943 1630 1074 1708 ejusdem
1088 1647 1152 1688 oum
1178 1647 1212 1686 eo
1236 1625 1306 1684 fidei
1329 1625 1451 1684 fructum

243 1709 414 1788 percipiunt,
429 1708 504 1768 sicut
517 1709 571 1767 tilii
594 1711 770 1770 conveniunt
794 1710 825 1768 in
849 1709 943 1769 einum
969 1709 1072 1784 Patris,
1095 1727 1184 1786 quum
1198 1706 1314 1783 abipso
1329 1705 1454 1764 suaviter

243 1789 447 1867 excipiuntur;
469 1797 532 1858 tum
551 1791 638 1850 etiam
658 1799 775 1870 propter
793 1789 1029 1867 hospitalitatem,
1050 1789 1135 1866 cujus
1148 1786 1203 1846 fuit
1224 1785 1453 1844 studiosissimus

242 1867 368 2008 ipbuphta,
391 1877 424 1962 ut
445 1869 666 2009 ihhispithlimii
687 1869 954 2009 dlilvitistffipuslonis
977 1876 1138 1946 opponatur
1159 1886 1198 1926 ex
1217 1865 1342 1926 adverso
1356 1863 1453 1923 divitis

295 1967 892 2026 ram1‚seomv1s,orr.

286 2027 342 2087 VL
366 2027 452 2088 Unde
469 2037 549 2106 patet
567 2029 674 2089 frustra
695 1970 904 2088 Beffmmum
923 2029 943 2087 l.
958 2029 997 2088 iv.
1013 2049 1038 2088 c.
1056 2032 1101 2094 11,
1117 2027 1194 2086 velle
1209 2026 1304 2085 sinum
1326 2024 1452 2083 Abrahae

245 2107 318 2166 nihil
331 2106 489 2166 aliudesse
504 2127 591 2185 quam
610 2108 754 2184 Limbum,
770 2109 974 2168 etAbrahami
987 2117 1017 2168 ct
1032 2109 1134 2166 Lazari
1148 2107 1259 2166 animas
1273 2123 1339 2164 cum
1361 2104 1454 2163 anima

246 2186 389 2263 Epulonis
402 2184 491 2245 fuisse
505 2187 535 2244 in
549 2187 650 2246 eadem
661 2189 808 2268 voragine,
823 2189 947 2248 multum
964 2187 1080 2265 quidem
1095 2188 1170 2246 inter
1183 2205 1214 2246 se
1228 2184 1388 2258 distinctas,
1405 2183 1454 2242 sed

246 2266 321 2324 inter
342 2284 415 2341 qaas
439 2265 512 2322 nihil
534 2265 619 2326 solidi
644 2267 682 2326 sit
702 2269 894 2346 interjectum,
910 2268 963 2328 sed
985 2275 1098 2328 tantum
1121 2265 1190 2338 absa
1212 2265 1310 2342 W
1333 2283 1455 2342 magnus

246 2344 353 2403 hiatus.
384 2343 459 2402 Nam
481 2343 588 2420 Primo,
600 2347 694 2423 posite
705 2347 939 2424 interpretatione
954 2357 1054 2407 nostra
1067 2347 1104 2406 de
1123 2346 1257 2406 accubitu
1276 2345 1307 2402 in
1321 2343 1454 2402 convivio

248 2423 360 2483 coelesti
377 2422 484 2481 comuit
496 2424 552 2482 hoc
565 2424 745 2502 figmentum.
768 2425 854 2486 Unde
870 2428 975 2487 Matth.
990 2448 1019 2486 x.
1038 2431 1083 2502 12,
1099 2434 1166 2504 post
1178 2425 1355 2484 mentionem
1378 2423 1454 2481 illiue

248 2501 406 2610 moabitas,
418 2501 536 2596 additur
549 2503 622 2564 alios
636 2505 793 2583 ejiciendos
804 2511 835 2572 tta
848 2512 875 2564 vl
890 2533 975 2574 nna
986 2513 1012 2566 rt
1025 2507 1130 2588 ἐξόπςοι
1144 2507 1197 2564 “in
1212 2505 1338 2564 toreham
1353 2502 1453 2562 ateri-

249 2603 335 2723 tta
357 2581 827 2738 tttltttatttttttt
846 2597 1014 2728 {lilith
1028 2582 1455 2745 tltgttthttttttt

249 2762 371 2822 regnum
385 2743 523 2803 coelorum
546 2754 599 2821 cst,
614 2746 664 2805 uhi
688 2747 740 2806 lux
758 2755 866 2807 aeterna
888 2747 989 2826 fulget,
1005 2748 1131 2807 tenebra
1153 2753 1246 2805 erunt.
1289 2741 1412 2816 Deinde,
1426 2741 1455 2798 in

247 2825 315 2884 ιὶιιιι
333 2823 461 2883 Abrahae
485 2825 662 2904 recipiuntur
681 2827 766 2903 bona,
782 2836 812 2887 et
835 2827 969 2888 solatium
991 2827 1076 2886 datur
1094 2826 1203 2885 Lazaro
1224 2842 1276 2902 pro
1296 2821 1455 2894 tormentis,

249 2924 315 2983 quae
328 2923 431 2983 passus
445 2913 514 2980 eret,
533 2905 575 2965 sic
590 2909 608 2940 “
619 2907 744 2968 alternas
758 2907 899 2969 malorum
913 2916 942 2967 et
957 2909 1098 2967 bonorum
1119 2907 1199 2965 vices
1220 2903 1317 2982 ampla
1334 2901 1455 2961 retribu-

249 2985 327 3045 tione
342 2985 583 3064 oompeusaudo,''
595 2997 628 3047 ut
642 2989 683 3048 ait
696 2987 826 3062 Tertull,
840 2987 891 3047 sed
905 2988 935 3046 in
950 2987 1053 3046 Limbo
1067 3006 1121 3045 nec
1134 2986 1190 3045 hoc
1203 2985 1312 3043 bonum
1325 2981 1454 3055 habetur,
1470 3056 1472 3060 .

249 3085 303 3125 nec
316 3065 394 3126 ullue
408 3065 494 3126 datur
507 3067 610 3129 solatio
624 3069 714 3146 locus,
729 3067 798 3146 quia
814 3068 855 3127 ihi
875 3077 919 3128 est
932 3087 1018 3146 poena
1031 3066 1137 3142 damni,
1153 3074 1182 3125 et
1202 3062 1332 3124 exclusio
1346 3082 1364 3120 a
1385 3060 1455 3120 facie

251 3145 315 3204 Dei.
358 3144 465 3222 Tertio,
481 3146 507 3206 si
529 3148 714 3208 Abrahamus
728 3148 830 3208 fuisset
853 3149 884 3206 in
898 3147 1005 3222 inferis,
1030 3145 1174 3224 quomodo
1199 3143 1256 3203 dici
1269 3151 1377 3221 posset,
1398 3149 1455 3214 tam

249 3223 422 3300 profundam
435 3224 524 3284 fuisse
548 3228 694 3304 abyssum,
710 3236 743 3286 ut
761 3227 797 3286 ah
812 3247 870 3286 uno
884 3227 921 3286 ed
935 3227 1024 3286 elium
1037 3226 1175 3285 transitus
1194 3222 1256 3282 dari
1271 3242 1329 3281 non
1342 3223 1458 3299 posset?

251 3303 403 3376 Quomodo
425 3303 569 3365 diceretur
588 3307 716 3367 Lazarus
735 3312 871 3383 ἅπτηχθιὶς
893 3308 1037 3366 inlocum
1060 3306 1170 3365 scilicet
1192 3304 1339 3362 diversum
1362 3301 1399 3360 ah
1414 3301 1455 3358 in-

251 3379 328 3455 feris,
339 3380 390 3439 ubi
401 3379 506 3440 dicittrr
516 3384 605 3444 firisee
614 3387 722 3462 epulo?
746 3386 863 3460 Quarto,
874 3387 1024 3445 sententiae
1034 3395 1140 3445 nostra
1145 3385 1224 3443 favet
1234 3384 1328 3461 ipsum
1340 3381 1456 3440 Rituale

252 3459 424 3533 Romanum,
441 3458 510 3537 (lap.
525 3462 562 3521 de
577 3463 749 3539 Funeribus,
764 3483 832 3522 nam
846 3466 920 3523 inter
934 3465 999 3540 elis,
1022 3485 1086 3543 quaa
1106 3465 1192 3524 debet
1216 3471 1331 3522 cantare
1347 3461 1455 3532 uterus,

252 3536 489 3628 quamprimum
501 3540 598 3630 ‘funus
620 3542 650 3600 in
674 3543 826 3620 Templum
850 3542 973 3619 ducitur,
1006 3547 1024 3578 “
1037 3545 1181 3622 Suscipiat
1204 3553 1234 3603 te
1252 3541 1385 3601 Christus
1408 3540 1456 3618 qui

250 3623 530 3690 vocavrtte,et1n
552 3621 647 3680 sinum
669 3621 779 3699 Angeli
802 3622 930 3682 Abrahae
944 3624 1089 3684 deducant
1103 3625 1165 3684 te.''
1208 3622 1351 3682 Caeterum
1366 3629 1456 3680 totum

251 3697 306 3754 hoc
321 3693 496 3772 colloquium
511 3699 572 3759 sive
587 3701 625 3760 ait
634 3701 763 3778 historia,
780 3704 842 3762 sive
856 3704 1002 3781 parabola,
1018 3705 1080 3764 sive
1097 3702 1217 3764 historia
1230 3701 1395 3780 parabolice
1410 3699 1456 3757 de-

251 3775 366 3852 scripta,
381 3793 439 3833 non
452 3801 523 3837 aare
535 3785 563 3839 vt
574 3786 639 3862 tarta
652 3790 682 3840 et
700 3781 846 3858 historice,
862 3783 914 3842 sed
926 3784 1089 3862 parabolice
1104 3793 1148 3843 est
1162 3780 1392 3860 intelligendum,
1408 3799 1458 3838 nec

250 3855 327 3916 euim
342 3854 493 3916 animabus
505 3859 615 3938 lingua,
629 3862 753 3938 loquela,
769 3871 798 3922 et
812 3863 897 3941 digiti
910 3871 1032 3942 possunt
1045 3873 1215 3941 competere.

272 3987 472 4044 mmm,
533 3939 606 3999 VII.
628 3940 735 4017 Tertio,
759 3941 834 4018 Quia
856 3943 944 4004 Latro
968 3945 999 4002 in
1022 3943 1187 4021 paradisum
1206 3940 1368 4000 admittitur
1395 3947 1459 3998 ante

250 4105 299 4178 43,
325 4101 452 4161 “Hodie
466 4121 579 4161 mecum
593 4101 650 4161 eris
671 4100 701 4158 in
719 4102 882 4178 paradiso.”
926 4105 987 4163 Nec
1009 4104 1057 4164 hic
1072 4102 1235 4177 dicendum,
1258 4099 1315 4159 Vel
1337 4104 1366 4157 τὶ
1379 4098 1459 4158 toda

493 4021 691 4082 ascensionem
713 4021 820 4082 Christi
839 4024 926 4102 juxta
946 4024 1165 4102 promissionem
1185 4022 1257 4100 ejus,
1281 4021 1353 4080 Luc.
1375 4019 1457 4077 xxiii.
1554 4045 1555 4062 ι

251 4180 474 4242 construendum
497 4201 560 4241 esse
583 4201 648 4241 cum
659 4181 748 4240 verbo
762 4183 936 4260 praecedenti
950 4185 1033 4259 Dico,
1048 4203 1106 4243 non
1121 4202 1187 4243 cum
1209 4180 1341 4258 sequenti
1355 4197 1460 4237 naccum
1554 4235 1555 4252 ,

252 4262 316 4336 eris,
331 4269 364 4320 ut
378 4281 480 4320 sensus
494 4261 540 4336 ait,
558 4261 671 4320 “hodie
685 4259 752 4320 dioc
761 4262 823 4338 tibi,
840 4263 918 4341 quod
927 4264 983 4323 eris
996 4283 1108 4324 mecum
1119 4263 1151 4321 in
1164 4259 1328 4340 paradiso,”
1350 4257 1461 4318 scilicet
1554 4257 1555 4326 l

252 4341 283 4398 in
303 4341 406 4400 ultimo
422 4340 553 4418 judicio,
583 4341 651 4419 quia
676 4343 852 4401 constructio
866 4343 1020 4402 verborum
1033 4343 1089 4401 hoc
1103 4363 1161 4400 non
1176 4341 1291 4420 petitur,
1313 4347 1342 4398 et
1355 4338 1462 4398 frustra
1554 4335 1555 4382 i

252 4421 308 4480 hoc
326 4429 525 4498 apponeretur,
541 4421 610 4498 quia
623 4440 707 4480 nemo
721 4421 851 4498 loquitur
863 4421 919 4481 nisi
933 4431 1061 4500 tempere
1075 4421 1218 4500 prasenti,
1235 4430 1263 4481 et
1277 4417 1461 4479 manifestum
1554 4409 1555 4432 ³

253 4507 297 4558 est
319 4499 464 4559 Christum
489 4502 630 4578 respicere
645 4500 683 4559 ad
702 4499 793 4560 verba
807 4501 950 4576 Latronis,
968 4505 986 4534 “
999 4502 1046 4562 Sis
1069 4521 1180 4562 memor
1198 4501 1264 4577 mci,
1280 4517 1345 4559 cum
1361 4499 1418 4556 eris
1432 4496 1461 4553 in

255 4597 346 4654 reguo
360 4586 410 4638 tuo
422 4580 450 4652 ;''
472 4579 530 4638 Vel
544 4581 709 4657 paradisum
734 4600 797 4639 esse
817 4581 947 4656 limbum,
968 4589 1001 4640 ut
1014 4583 1078 4642 vult
1102 4584 1295 4655 Maldonataa,
1311 4577 1380 4656 quia
1394 4595 1461 4636 con·
1554 4593 1555 4652 ι

160 4689 164 4698 ·
254 4659 355 4716 stetin
372 4657 519 4736 Scriptura
532 4657 698 4737 paradisum
719 4661 749 4719 in
774 4661 847 4721 coelo
862 4663 1005 4739 collocari,
1021 4672 1158 4740 tanquam
1182 4661 1276 4720 lecum
1293 4656 1460 4720 deliciarum
1554 4653 1555 4686 l
