3192 5206
231 402 346 452 cuman.
363 382 440 464 mn]
590 404 628 443 nn
644 404 775 444 reasons
791 403 825 441 nr
840 403 929 443 aranu
944 403 1067 444 cunrsnr.
1385 385 1443 442 327

232 553 263 604 et
280 553 381 623 postea
403 544 617 622 corruptibilem
632 545 748 619 factum,
764 564 822 602 non
836 553 987 620 propterea
1001 544 1049 602 vs]
1072 563 1176 620 corpus
1190 545 1293 602 animae
1308 562 1443 619 exaequa-

233 645 306 700 mus,
321 625 369 685 vel
381 625 505 684 animam
518 624 556 683 ad
570 624 705 702 Corporis
725 643 816 702 usque
830 623 1018 700 ignominiam
1040 623 1201 700 dejicimus.

274 704 400 764 XVIII.
423 703 514 764 Aliud
542 711 587 762 est
609 704 755 762 Christum
779 703 887 780 ubique
911 711 1082 779 presentem
1111 703 1215 776 dicere,
1242 703 1347 780 aequali
1376 721 1442 762 cum

234 785 319 844 Patre
334 784 427 861 gloria
440 783 600 861 praeditum,
610 792 640 842 et
654 783 750 842 omnia
763 783 891 861 implere,
905 781 996 842 Aliud
1010 782 1065 841 hoc
1078 782 1165 841 Carni
1180 782 1288 841 Christi
1302 783 1440 842 tribuere.

231 865 307 940 Quia
321 863 399 941 quod
423 863 459 922 ds
483 881 606 941 persona
627 863 733 922 dicitur
756 862 787 920 in
803 871 949 937 concreto,
971 881 1029 920 non
1051 861 1148 920 statim
1169 870 1265 939 potest
1285 862 1333 921 vel
1354 862 1442 922 dehet

232 944 307 1004 trahi
322 944 359 1002 ad
373 951 490 1002 naturas
504 943 534 1002 in
548 943 702 1002 abstracto.
745 941 828 1001 Licet
851 941 927 1000 enim
948 960 1050 1001 verum
1065 942 1104 1000 sit
1126 941 1273 1001 Christum
1295 942 1442 1002 hominem

231 1043 295 1082 esse
311 1023 415 1099 Deum,
431 1023 505 1081 male
528 1030 624 1081 tamen
646 1021 756 1081 dixeris
779 1021 854 1080 hanc
868 1039 983 1080 carnem
1007 1040 1070 1080 ease
1093 1020 1283 1097 divinitatem,
1299 1021 1440 1098 quianon

231 1102 445 1178 commixtione,
461 1110 511 1161 aut
525 1101 701 1176 confusione,
724 1101 776 1160 sed
797 1099 949 1160 inconfusa
971 1107 1001 1159 ct
1014 1099 1200 1178 impermixta
1221 1101 1341 1161 duarum
1356 1111 1440 1162 natu-

232 1203 327 1240 rarum
337 1183 453 1257 unione,
466 1181 560 1240 Filius
575 1181 632 1240 Dei
642 1181 735 1241 factus
749 1187 793 1240 eat
806 1187 902 1239 homo.

273 1262 368 1320 XIX.
391 1260 483 1321 Aliud
505 1270 550 1320 est
573 1280 677 1338 corpus
700 1259 892 1338 glorificatum
909 1259 972 1320 fieri
996 1261 1145 1338 spirituale
1160 1259 1256 1338 quoad
1284 1261 1439 1337 qualitates

232 1342 342 1401 ratione
354 1341 501 1417 claritatis,
511 1340 659 1418 agilitatis,
675 1339 843 1399 subtilitatis
854 1348 883 1398 et
897 1340 1042 1416 similium,
1056 1339 1149 1399 Aliud
1157 1360 1227 1400 vcro
1236 1340 1297 1398 fieri
1307 1341 1438 1417 spiritum

231 1441 282 1481 seu
310 1421 415 1480 mutari
428 1421 458 1478 in
486 1429 618 1480 naturam
632 1420 758 1497 spiritus,
783 1428 814 1478 et
837 1418 955 1496 spiritus
975 1419 1108 1480 immensi
1122 1427 1151 1478 et
1174 1419 1288 1478 infiniti.
1331 1421 1439 1481 Christi

230 1503 342 1579 Corpus
355 1521 407 1578 pcr
427 1500 632 1559 exaltationem
643 1507 672 1559 ct
685 1499 842 1559 sessionem
856 1498 894 1557 od
914 1498 1046 1558 dextram
1061 1499 1126 1574 Dei,
1141 1499 1249 1558 factum
1263 1499 1380 1577 quidem
1394 1509 1440 1560 est

231 1581 379 1659 spirituale
393 1580 489 1657 quoad
503 1579 666 1656 qualitates,
682 1578 733 1638 sed
755 1597 814 1637 non
827 1586 969 1638 mutatum
994 1587 1038 1638 eat
1059 1579 1090 1637 in
1104 1579 1236 1656 spiritum
1258 1580 1354 1656 quoad
1368 1581 1436 1640 sub·

231 1661 375 1736 stantiam,
387 1660 436 1718 vel
449 1659 639 1738 proprietates
659 1657 836 1733 essentiales,
851 1658 1054 1718 multominus
1081 1659 1111 1716 in
1132 1658 1264 1738 spiritum
1284 1660 1435 1738 omniprae-

231 1750 352 1800 sentem.

273 1820 351 1878 XX.
366 1819 507 1878 Caeterum
523 1817 547 1876 si
561 1817 714 1878 diversitas
728 1817 861 1894 quasdam
882 1837 1031 1878 occurrere
1052 1818 1168 1878 videtur
1181 1818 1256 1878 inter
1269 1818 1436 1898 Theologos

231 1907 346 1960 nostros
369 1899 399 1957 iu
424 1897 617 1976 explicatione
643 1897 787 1958 Sessionis
807 1897 914 1956 Christi
928 1898 966 1956 ad
979 1898 1112 1958 dextram
1128 1898 1192 1974 Dei,
1208 1897 1277 1956 dum
1305 1899 1355 1958 alii
1371 1920 1434 1958 eam

231 1987 342 2058 ponunt
352 1979 382 2036 in
391 1987 531 2055 quatuor:
548 1981 574 2036 l.
592 1978 628 2037 In
641 1977 805 2055 aequalitate
818 1983 862 2036 cot
875 1977 958 2049 Almo
969 1996 1020 2036 seu
1035 1978 1170 2036 Personae
1184 1977 1356 2040 Mediatoris
1369 1999 1435 2039 cum

233 2058 326 2134 Patre,
342 2077 429 2136 quam
443 2059 474 2116 in
490 2057 624 2117 Sessione
638 2056 755 2135 quidem
775 2076 834 2115 non
848 2057 998 2136 acceperit,
1021 2057 1072 2116 sed
1086 2065 1214 2135 tempore
1228 2057 1436 2119 humiliationis

229 2139 403 2199 occultatam
423 2136 632 2212 manifestarit,
654 2141 683 2195 2.
706 2135 743 2194 In
765 2136 940 2215 perfectione
965 2135 1059 2197 Officii
1080 2137 1259 2213 Mediatoris,
1284 2157 1336 2216 per
1357 2139 1436 2217 quod

232 2218 406 2278 constitutus
432 2217 488 2276 fuit
515 2217 581 2275 Rex
609 2225 638 2274 ct
666 2217 759 2293 Caput
787 2217 945 2292 Ecclesiae,
968 2219 997 2276 3.
1034 2216 1069 2274 In
1097 2216 1272 2294 perfectione
1300 2219 1434 2278 humanae

230 2298 338 2357 Christi
359 2297 397 2356 ad
417 2315 557 2355 summam
572 2295 694 2373 gloriam
714 2303 842 2370 evectae3
871 2300 900 2356 4.
916 2297 951 2354 In
986 2295 1140 2356 erfectione
1154 2296 1271 2356 honoris
1286 2305 1315 2356 et
1329 2299 1433 2376 cultus,

230 2397 282 2456 per
296 2397 381 2455 quem
396 2376 527 2436 Christus
537 2385 674 2453 tanquam
689 2375 832 2434 Dominus
845 2384 875 2435 et
889 2377 954 2435 Rex
966 2317 1105 2435 licclesiae
1120 2375 1224 2435 colitur
1237 2385 1266 2435 et
1280 2377 1434 2456 adoratur,

234 2456 296 2514 Alii
306 2455 390 2516 unice
417 2455 448 2514 in
462 2455 720 2515 communicatione
747 2455 864 2514 honoris
878 2464 908 2515 et
936 2455 1054 2534 Imperii
1075 2456 1131 2533 ipsi
1158 2463 1224 2534 post
1237 2458 1434 2518 ascensionem

232 2536 353 2596 collati:
382 2535 448 2595 Non
458 2545 517 2594 tam
539 2543 583 2594 est
604 2533 753 2594 dissensus
777 2534 807 2592 in
821 2535 923 2614 reipsa,
939 2555 1026 2613 quam
1040 2535 1071 2594 in
1085 2535 1207 2594 docendi
1222 2536 1318 2596 modo.
1361 2538 1436 2612 Quia

231 2615 317 2694 primi
330 2615 414 2675 latius
427 2615 611 2675 considerant
625 2614 781 2674 sessionem
795 2615 889 2690 istam,
907 2623 936 2674 et
956 2634 1020 2674 eam
1042 2615 1217 2690 describunt,
1239 2635 1297 2675 non
1317 2617 1404 2677 modo
1417 2639 1436 2678 a

232 2697 348 2774 propria
367 2695 466 2770 forma,
490 2694 541 2754 sed
563 2693 681 2753 chama
702 2693 846 2770 principio
867 2714 917 2754 sen
931 2693 1137 2771 fundamento;
1172 2695 1336 2770 aequalitate
1364 2698 1433 2757 nim.

231 2795 296 2835 cnm
314 2777 408 2851 Patre,
424 2775 485 2834 sins
499 2793 557 2852 qua
569 2792 628 2832 non
639 2793 731 2850 capax
752 2773 854 2833 fuisset
871 2774 945 2833 tanti
958 2774 1076 2834 honoris
1090 2783 1119 2832 et
1132 2775 1253 2852 imperii,
1275 2775 1313 2834 ab
1325 2785 1434 2836 antece·

230 2857 355 2916 denhhm
375 2863 405 2915 st
431 2853 661 2931 comequmthus,
681 2872 746 2930 quae
767 2872 832 2913 cum
853 2873 888 2912 ea
906 2854 1059 2932 conjuncta
1080 2861 1148 2912 sunt
1168 2855 1350 2931 necessario,
1372 2855 1436 2915 Alii

231 2955 301 2995 vero
313 2936 435 2995 amessa
455 2953 519 2994 eam
540 2941 671 3011 spectant
694 2932 790 3010 quoad
813 2932 934 2992 formam
951 2933 1094 2993 Sessionis
1109 2932 1213 3011 simpli.
1234 2954 1299 3012 quae
1319 2937 1434 3014 proprie

231 3015 363 3076 consistit
377 3015 406 3073 in
428 3013 602 3092 perfectione
617 3011 710 3073 Officii
730 3012 908 3089 Mediatoris,
924 3032 982 3090 quo
996 3013 1089 3090 gloria
1113 3021 1142 3072 et
1161 3013 1269 3074 honore
1281 3024 1434 3076 coronatus

230 3095 362 3156 Christus
375 3095 540 3154 dominatur
552 3093 583 3151 in
596 3091 692 3152 medio
705 3091 894 3152 inimicorum.
