3152 5198
267 404 328 461 618
662 419 753 460 noces
767 417 896 458 necinus
911 417 1063 458 surrruus.
1306 397 1452 478 [ounsr.
1469 421 1499 460 u.

270 559 372 636 Quoad
398 561 554 634 subjectum,
580 557 648 634 quia
668 560 765 618 lumen
786 557 1005 635 irregeuitorum
1027 565 1071 616 est
1089 577 1167 616 mere
1182 556 1400 634 theoreticnm‚
1417 561 1498 636 qued

268 650 364 698 manet
378 639 408 696 iu
418 638 575 713 intellectu,
591 657 644 697 nee
657 639 695 696 ad
709 659 759 698 cor
771 639 922 716 pervadit:
959 636 1018 696 Sed
1031 639 1131 714 gratiae
1145 637 1254 710 lumen,
1270 638 1362 714 quod
1384 641 1497 698 renatis

269 719 445 796 indulgetur,
475 737 533 776 non
560 719 652 777 haerct
666 727 777 776 tantum
791 719 866 786 ine?
883 725 1016 790 ιγιμιηιᾷ,
1039 736 1090 776 seu
1114 716 1258 793 superiori
1276 717 1395 775 animae
1411 731 1495 795 parte
1555 723 1556 746 ³

270 797 322 857 sed
336 799 440 857 transit
453 797 538 856 etiam
564 797 601 854 sd
615 805 806 864 ettaereapnma
820 816 871 854 sen
891 795 1054 854 inferiorem
1073 796 1136 874 ejus
1150 805 1272 872 partem.
1333 799 1368 855 3.
1386 797 1494 872 Quoad

268 881 382 954 objecta,
405 897 472 936 nam
485 895 583 953 pugna
597 875 815 951 irregenitornm
834 883 965 934 versatur
985 883 1096 934 tantum
1110 876 1187 933 cirea
1201 875 1352 932 crassiora
1368 877 1493 942 seelera.

267 978 335 1036 quae
360 977 459 1016 omnes
483 955 606 1014 naturali
637 955 745 1012 lumine
768 955 991 1014 abominantur:
1036 955 1093 1014 Sed
1120 953 1199 1012 lucta
1225 953 1366 1012 fidelium
1401 958 1491 1015 etiam

269 1039 348 1096 cirea
360 1057 403 1110 ee,
427 1035 531 1113 quaein
554 1035 705 1093 hominum
715 1033 777 1092 loro
802 1043 922 1092 externo
935 1053 988 1092 nec
1003 1053 1104 1111 poenae,
1119 1053 1173 1092 nee
1188 1032 1249 1092 fere
1263 1033 1320 1091 ulli
1335 1035 1489 1114 vituperio

271 1117 401 1175 subsunt.
443 1119 471 1172 4.
491 1113 593 1187 Quoad
614 1117 719 1188 effecta,
741 1114 810 1190 quia
822 1112 901 1191 prior
923 1113 1002 1171 lucta
1025 1120 1121 1190 potest
1144 1113 1305 1171 consistere
1320 1133 1394 1172 cum
1417 1135 1488 1192 qne

269 1195 380 1252 tidiano
400 1193 538 1269 peccandi
561 1193 707 1266 exercitio,
730 1203 759 1252 et
778 1195 803 1251 si
821 1191 908 1251 efficit
925 1193 1089 1270 aliqnando,
1116 1201 1150 1251 ιιι
1169 1192 1280 1250 bonum
1306 1193 1364 1251 fist
1384 1196 1435 1252 rel
1457 1207 1487 1254 ut

268 1273 377 1334 malum
388 1272 504 1348 vitetur,
516 1292 663 1351 nunquam
678 1282 774 1332 tamen
784 1293 818 1330 eo
828 1280 924 1348 potest
934 1291 1093 1348 assurgere,
1108 1279 1141 1331 ιιι
1162 1272 1236 1330 bene
1251 1271 1313 1344 fiat,
1329 1281 1425 1349 etque
1448 1275 1486 1331 ita

270 1352 399 1430 reprimit
413 1352 509 1430 potius
523 1364 672 1430 peccatum
686 1373 772 1428 quam
785 1352 908 1430 perimit,
924 1351 1001 1409 unde
1010 1352 1125 1409 tandem
1134 1351 1208 1410 ratio
1223 1370 1289 1408 cum
1299 1351 1417 1410 lumine
1435 1373 1484 1410 sue

269 1431 432 1490 succumbit
446 1442 475 1491 ιι
499 1433 632 1493 vincitur.
677 1432 734 1489 Sed
757 1433 788 1489 in
808 1431 887 1489 lucta
907 1430 1044 1504 fidelium,
1069 1431 1141 1488 Caro
1156 1440 1276 1488 eatenus
1299 1433 1444 1490 atteritur
1457 1449 1483 1490 et
1556 1435 1557 1486 ἒ

270 1511 466 1585 mortificatur,
481 1521 514 1572 ut
528 1514 581 1572 etsi
595 1530 653 1570 non
667 1511 759 1589 possit
772 1511 903 1569 absolute
917 1509 1063 1584 eradicem,
1079 1511 1151 1568 etin
1171 1509 1273 1567 multis
1287 1509 1391 1568 adhue
1413 1514 1483 1570 acti-
1556 1537 1557 1574 ι

269 1591 323 1649 bus
336 1612 366 1650 se
380 1601 487 1666 exerat,
502 1611 559 1648 non
569 1593 662 1671 possit
676 1600 771 1649 tamen
784 1589 949 1668 praevalere,
966 1589 1016 1647 sed
1031 1609 1048 1646 a
1064 1589 1173 1666 Spiritu
1185 1587 1304 1646 tandem
1315 1601 1482 1666 superetur,
1556 1587 1557 1610 ¹

268 1673 319 1747 qul
331 1671 399 1728 sddil
412 1671 512 1728 fideles
525 1679 649 1744 ὖτψιιιᾷν.

270 1787 501 1835 seam
533 1746 1482 1900 mnanenelamurantrannis-n

270 1907 449 1984 imponentes
463 1874 578 1984 Jugum'
596 1909 702 1966 cervici
723 1849 937 1984 discipulgourum,
953 1906 1031 1982 quod
1045 1926 1098 1964 nec
1113 1906 1214 1963 Patres
1228 1905 1331 1976 nostri,
1348 1926 1407 1964 nec
1430 1927 1483 1964 nos

268 1996 382 2064 portare
407 1988 551 2064 potuimus
561 1988 594 2045 ?'’
636 1988 711 2046 Nam
726 1988 751 2045 si
770 2007 829 2044 non
856 1987 923 2044 ferri
950 1993 1052 2062 potest,
1074 1984 1219 2062 quomodo
1244 1995 1345 2061 posset
1368 2005 1388 2042 a
1410 2006 1482 2061 quo

268 2087 356 2142 quam
376 2067 511 2143 impleri?
546 2067 666 2126 Frustra
685 2066 831 2145 reponitur
854 2086 872 2124 a
896 2065 1071 2123 Bellarmino
1090 2065 1139 2140 agi
1160 2064 1196 2122 de
1223 2063 1304 2140 Lege
1331 2064 1482 2123 Caeremo-

269 2145 348 2220 nieli,
372 2165 430 2203 non
455 2147 569 2204 Morali.
620 2147 694 2221 Quia
710 2151 735 2204 l.
754 2145 784 2203 Si
813 2145 915 2203 hocde
945 2145 1024 2219 Lege
1056 2143 1254 2202 Ceremoniali
1284 2143 1344 2201 dici
1371 2155 1481 2220 potest.

269 2225 355 2300 louge
374 2225 476 2283 fortius
497 2225 649 2284 dicendum
673 2235 717 2285 est
738 2225 773 2283 dc
787 2225 897 2283 morali.
927 2227 955 2282 2.
977 2224 1038 2280 Lex
1058 2221 1273 2282 Caeremonialis
1292 2242 1345 2298 per
1365 2243 1400 2280 se
1422 2243 1483 2281 non
1557 2255 1558 2288 ι

268 2311 380 2379 poteret
401 2304 458 2361 dici
468 2306 572 2380 jugum
587 2315 746 2379 andream,
770 2303 820 2362 sed
837 2303 950 2380 proprie
960 2303 1015 2360 hoc
1030 2302 1152 2362 refertur
1164 2301 1201 2358 ad
1215 2301 1366 2374 moralem,
1384 2321 1453 2380 quae
1466 2325 1483 2360 a
1557 2301 1558 2322 ³

268 2381 381 2438 nemine
396 2400 520 2456 uuquam
533 2384 626 2458 potnit
641 2383 770 2458 impleri;
792 2394 821 2441 et
835 2403 899 2459 quae
914 2382 968 2440 sub
982 2381 1163 2440 execratione
1177 2381 1259 2457 ponit
1279 2400 1339 2455 eos,
1355 2381 1410 2457 qui
1427 2383 1481 2440 sub

269 2479 303 2517 ea
314 2459 425 2516 vivunt.
448 2465 476 2518 3.
492 2460 619 2533 Quaestio
630 2481 694 2536 que
705 2463 883 2534 movebatur,
896 2471 985 2520 totam
998 2462 1106 2536 Legem
1116 2459 1296 2536 respiciebat,
1308 2479 1369 2518 non
1383 2462 1480 2519 solum

270 2539 513 2613 tlneremonialem,
530 2539 580 2596 sed
596 2539 681 2597 etiam
699 2541 848 2614 Moralem,
863 2542 929 2598 Gal.
944 2560 973 2598 v.
990 2543 1017 2599 3.
1041 2541 1102 2598 Nec
1116 2539 1212 2598 obstat
1226 2538 1305 2615 qnod
1317 2539 1480 2598 Decretum

270 2618 469 2696 Apostolicum
494 2639 580 2694 agere
603 2618 717 2676 videtur
738 2625 850 2678 tantum
872 2619 908 2676 de
924 2619 1003 2694 Lege
1018 2617 1224 2676 Caeremoniali.
1260 2617 1337 2691 Quia
1352 2622 1479 2695 quaestie

268 2709 346 2757 mota
360 2699 451 2757 luerat
465 2699 580 2776 quidem
602 2717 639 2757 ex
661 2697 810 2756 occasione
836 2697 924 2774 Legis
939 2697 1160 2770 Caeremonialis,
1176 2697 1228 2754 scd
1251 2697 1358 2755 Petrus
1371 2699 1480 2756 videns

267 2778 388 2836 ulterius
402 2779 528 2854 extendi,
558 2778 594 2837 de
616 2787 677 2836 tota
699 2777 776 2853 Lege
797 2778 933 2855 loquitur,
949 2777 1104 2835 ostendeus
1125 2777 1188 2854 ejus
1202 2775 1482 2852 Impossibilitstem,

266 2859 335 2934 quia
349 2865 410 2915 erat
420 2860 534 2936 jugum,
550 2858 627 2934 quod
641 2877 694 2916 nee
708 2857 763 2933 ipsi
773 2877 827 2915 nec
850 2857 950 2914 Patres
964 2876 1062 2914 eorum
1076 2864 1189 2932 portare
1204 2863 1368 2931 potuerant

310 2937 416 2994 XVII.
439 2937 629 2996 Confirmatur
652 2957 689 2994 ex
712 2956 746 2994 eo
770 2936 847 3014 quod
868 2936 931 2993 Lex
952 2935 1144 2993 omnimodam
1159 2933 1353 2992 obedientiam
1368 2935 1476 3012 exigit,

268 3025 327 3074 tam
351 3017 447 3091 quoad
469 3017 595 3076 internos
619 3015 747 3090 affectus,
771 3035 857 3092 qnam
882 3014 977 3091 quoad
1001 3023 1136 3072 extomos
1159 3012 1286 3088 effectus,
1311 3032 1370 3070 non
1386 3015 1477 3072 modo

266 3096 362 3172 quoad
387 3105 491 3173 partes,
513 3096 564 3154 sed
588 3097 673 3155 etiam
698 3095 793 3173 quoad
807 3093 923 3173 gradus,
948 3101 981 3151 ιιι
1003 3101 1064 3151 tota
1087 3101 1191 3166 mente,
1207 3101 1268 3150 toto
1291 3091 1388 3164 corde,
1406 3096 1478 3152 totis
1558 3129 1559 3140 ι

267 3175 378 3232 viribus
393 3176 487 3234 Deum
502 3175 664 3252 diligamus,
680 3183 713 3233 nt
727 3195 813 3233 verus
833 3174 936 3232 modus
956 3193 1021 3231 eum
1036 3171 1177 3248 diligendi
1192 3171 1229 3229 sit
1241 3171 1302 3228 sinc
1316 3171 1417 3247 modo,
1445 3185 1478 3232 ιιι
1558 3215 1559 3218 ,

268 3254 406 3312 Bemard.
421 3255 557 3330 loquitur.
599 3254 683 3328 Quod
697 3273 762 3312 cum
777 3254 884 3312 anullo
898 3251 1059 3310 mortalium
1075 3250 1188 3326 impleri
1201 3268 1286 3327 posse
1301 3259 1428 3324 constet,
1443 3261 1477 3310 ut

265 3333 387 3409 quisque
402 3333 437 3392 de
452 3353 485 3391 eo
497 3334 647 3392 convictus
661 3341 723 3408 cst;
746 3334 875 3411 sequitur
890 3333 997 3408 Legem
1011 3331 1065 3388 hac
1079 3330 1109 3386 in
1123 3337 1204 3408 parts
1215 3329 1323 3386 homini
1339 3347 1405 3388 esse
1421 3331 1476 3388 im·

286 3411 441 3470 ossibilem.
484 3413 545 3470 Nee
560 3414 654 3490 excipi
668 3421 763 3490 petest
777 3413 959 3470 dilectionem
974 3419 1085 3469 tantum
1108 3411 1246 3467 sinceram
1269 3415 1298 3466 et
1309 3427 1367 3465 ιιοιι
1383 3410 1473 3468 simu·

265 3431 353 3546 Istam
367 3490 499 3566 intelligi.
523 3491 596 3564 Quia
610 3493 678 3551 lieet
692 3493 808 3550 dilectio
824 3492 934 3550 sincera
948 3496 1112 3566 acceptetur
1126 3509 1143 3546 a
1159 3489 1222 3546 Dee
1236 3507 1273 3545 ex
1288 3487 1475 3564 indulgentia

264 3573 401 3642 paterna;
418 3567 483 3625 Non
497 3567 603 3629 desinit
617 3579 711 3629 tamen
725 3571 870 3649 postulare
885 3569 1038 3647 perfectam
1053 3567 1224 3642 omnimode,
1239 3566 1335 3644 qualis
1349 3566 1475 3626 debetur

269 3664 287 3702 a
301 3645 439 3703 Oreatura
455 3647 599 3705 rationali.

429 3793 435 3804 ι
566 3725 690 3784 XVIII.
704 3727 820 3802 Quarto,
834 3728 908 3802 Quia
918 3727 1055 3804 jubemur
1069 3725 1197 3804 quotidie
1212 3733 1309 3803 petere
1324 3725 1471 3784 remissio

265 3791 503 3896 lmffissffiffffiffloff
523 3825 586 3865 nem
595 3813 785 3883 peccatorum.
809 3807 831 3865 J
833 3826 878 3864 am
888 3805 912 3863 si
923 3807 1059 3882 possibile
1071 3814 1115 3864 est
1123 3805 1230 3863 renatis
1244 3813 1276 3862 ut
1288 3803 1397 3880 Legem
1416 3805 1472 3863 Dei

295 3915 416 3956 catorum.
450 3863 479 3909 p,
526 3886 672 3964 impleant,
688 3885 824 3962 possibile
849 3893 893 3943 est
907 3885 1018 3959 ilsdem,
1044 3895 1077 3943 nt
1097 3894 1279 3960 peccatorum
1299 3883 1471 3942 remIssione

526 3987 583 4024 nou
594 3965 749 4039 indigeant,
762 3973 791 4022 et
801 3985 859 4023 non
868 3973 1020 4022 teneantur
1029 3964 1123 4021 dicere
1127 3965 1214 4040 juxta
1222 3963 1390 4020 mandatum
1404 3963 1469 4020 Ser·

266 4047 382 4121 vetoris,
396 4047 513 4104 Dimitte
522 4047 597 4105 nodia
607 4047 698 4105 debita
711 4055 828 4104 metra:
842 4043 946 4101 namin
961 4062 1019 4121 qno
1028 4043 1108 4101 nulla
1119 4043 1207 4119 Legis
1221 4043 1413 4118 transgressio
1428 4063 1472 4100 rc·

265 4126 382 4202 peritur,
405 4125 433 4182 in
462 4145 496 4183 eo
524 4127 603 4184 nulla
630 4125 807 4184 remissionis
833 4143 919 4182 eausa
946 4123 1127 4198 intelligitur,
1143 4133 1172 4180 et
1194 4121 1274 4180 nulla
1288 4121 1354 4178 ideo
1369 4141 1469 4179 neccs-

265 4205 335 4264 sitas
362 4204 493 4282 petendae
517 4205 692 4264 remIssionis
716 4205 863 4282 reperitur.
919 4203 985 4262 Hoc
1013 4211 1181 4279 argumento
1210 4219 1268 4257 non
1296 4201 1386 4258 semel
1414 4201 1469 4258 uti·

265 4294 312 4341 tur
319 4284 501 4360 Augustinus
511 4292 610 4342 contra
625 4284 812 4360 Pelagianos:
828 4282 992 4359 “Quisquis
1005 4280 1080 4339 lianc
1096 4279 1283 4354 orationem,”
1298 4279 1402 4356 iuquit,
1418 4279 1468 4336 lib.

264 4362 304 4420 iii.
321 4361 356 4420 de
371 4371 479 4440 peccat.
495 4363 574 4422 meri.
590 4371 619 4421 et
633 4363 741 4422 remiss.
754 4383 816 4439 cap.
834 4365 879 4437 13,
904 4360 1047 4420 “Dimitte
1072 4361 1148 4418 nobb
1163 4361 1254 4418 debite
1277 4367 1385 4434 nostra,
1408 4359 1468 4416 cui-

264 4442 336 4500 libet
350 4442 436 4500 etiam
450 4442 559 4499 homiui
575 4451 682 4517 saneto,
699 4452 727 4500 et
740 4443 794 4499 Dei
809 4442 987 4499 voluntatem
1009 4439 1111 4498 scienti
1136 4447 1164 4498 et
1190 4438 1315 4507 facienti
1331 4437 1404 4495 dicit
1417 4457 1466 4495 ne·

264 4521 417 4578 cessariam
432 4541 489 4580 non
504 4520 601 4598 luisse,
617 4521 738 4580 multum
762 4521 867 4580 errat.”
911 4519 949 4578 Et
963 4518 1033 4576 alibi
1048 4525 1137 4577 contr.
1159 4518 1232 4576 duas
1247 4516 1340 4594 Epist.
1367 4515 1466 4592 Pelag.

262 4598 313 4654 lib.
329 4599 367 4655 iv.
384 4619 445 4675 cap.
463 4603 508 4672 10,
526 4601 610 4671 “Qui
626 4599 802 4658 contendunt
816 4617 879 4657 esse
904 4598 934 4655 in
947 4597 1002 4656 hac
1017 4597 1085 4670 rita,
1101 4598 1150 4656 vel
1166 4598 1261 4670 fuisse,
1280 4597 1387 4672 justos,
1402 4599 1465 4653 nul·

262 4674 322 4728 lum
346 4675 483 4733 habentes
504 4679 619 4733 omnino
644 4686 801 4751 peecatum,
827 4677 880 4733 hac
905 4676 1127 4752 presumptione
1142 4676 1321 4752 apertissime
1336 4675 1467 4734 Orationi
