3150 5206
243 385 300 440 alr
703 399 796 441 iocus
811 395 1011 440 orassemus.
1264 373 1391 459 [osmer.
1408 395 1446 438 rr.
1543 431 1544 450 ,

284 543 321 599 V.
345 542 450 615 Primo,
469 541 515 598 Ex
529 549 634 600 natura
649 541 811 618 Sponsioais
827 539 940 599 Chrr‘sti.
983 537 1058 614 Quia
1072 559 1137 597 cum
1157 533 1281 615 Sponsio
1302 540 1359 599 ista
1379 540 1446 599 nihil

243 620 325 681 aliud
348 622 394 696 sit,
418 641 505 698 quam
527 621 742 680 absolutissima
763 629 793 679 et
816 619 1004 678 immutabilis
1026 618 1134 677 Christi
1148 617 1292 694 voluntas,
1317 639 1348 678 se
1368 621 1450 697 juxta

244 709 383 760 aeternum
398 701 493 759 Patris
507 701 659 760 consilium
675 699 868 759 substituendi
882 699 912 757 in
926 699 1022 757 locum
1037 699 1212 775 Electormn,
1234 707 1265 758 et
1284 718 1337 777 pro
1351 719 1449 778 pecca-

242 781 281 840 tis
295 781 423 858 ipsorum
437 779 642 856 satisfaciendi,
658 780 820 838 necessario
834 778 970 856 importat
991 797 1025 837 eo
1039 779 1102 855 ipso
1115 798 1215 837 veram
1235 779 1451 838 translationem
1544 779 1545 800 ¹

143 893 146 899 ·
244 858 408 919 debitorum
422 860 453 917 in
467 859 570 937 ipsum,
586 867 616 918 et
639 860 753 937 plenam
774 859 975 918 liberationem
999 866 1029 916 et
1051 857 1260 917 immunitatem
1281 878 1382 917 eorum
1402 878 1451 952 pro

244 939 351 1016 quibus
365 939 535 1016 spopondit;
559 939 658 1016 Atque
677 940 718 997 ita
731 939 880 1017 fidejussio
902 947 988 1015 prout
1008 937 1045 996 ab
1059 937 1286 1015 expromissione
1301 938 1453 1016 distingm-

244 1027 300 1096 tur,
316 1039 375 1078 non
388 1027 484 1096 potest
498 1019 619 1096 simplic.
634 1019 682 1078 hic
694 1019 791 1077 locum
805 1017 919 1092 habere,
935 1017 987 1076 scd
1000 1017 1200 1096 expromissio.
1242 1017 1318 1075 Nam
1336 1017 1452 1095 fidejus·

245 1117 293 1158 eor
306 1098 466 1158 instituitur
479 1107 592 1157 tanturn
613 1098 651 1156 ad
675 1097 883 1158 certiorandam
907 1097 995 1156 fidem
1019 1096 1055 1156 de
1078 1097 1229 1172 solutione,
1253 1117 1312 1156 non
1336 1099 1453 1174 praecise

244 1197 305 1252 sua,
320 1187 353 1238 ut
368 1198 398 1238 se
413 1178 574 1237 soluturum
588 1178 720 1237 absolute
733 1177 911 1255 polliceatur,
927 1177 979 1235 sed
993 1184 1026 1235 ut
1039 1177 1164 1236 creditor
1177 1185 1273 1236 certus
1292 1177 1330 1236 sit
1351 1177 1387 1236 de
1409 1197 1453 1236 eo-

243 1257 362 1332 lutione‚
378 1258 429 1317 ubi
438 1257 605 1335 principalis
618 1257 732 1317 debitor
744 1265 840 1335 potest
854 1257 977 1335 supponi
990 1256 1085 1316 adhuc
1107 1256 1256 1332 solvendo,
1282 1254 1331 1316 vel
1354 1257 1453 1316 saltem

244 1337 295 1396 ubi
307 1345 405 1396 manet
418 1337 513 1396 adhuc
527 1338 681 1414 obligatus,
696 1345 726 1396 et
738 1344 835 1414 potest
856 1355 889 1394 ac
909 1335 997 1395 debet
1016 1336 1109 1414 primo
1123 1335 1280 1411 conveniri,
1300 1344 1453 1413 antequam
1545 1343 1546 1356 ¹

243 1425 325 1476 eatur
338 1417 368 1474 in
382 1416 599 1494 fidejussorem
624 1417 682 1476 Sed
695 1417 743 1475 hic
757 1417 841 1474 aliter
853 1416 938 1494 plane
960 1435 991 1474 se
1012 1435 1058 1475 res
1079 1415 1185 1491 habet;
1208 1416 1283 1474 Nam
1304 1425 1337 1475 ut
1359 1415 1452 1474 Electi

245 1497 287 1556 sie
301 1495 433 1556 absolute
447 1516 505 1556 non
519 1505 601 1556 erant
615 1495 763 1572 solvendo,
779 1495 937 1554 satisfactio
950 1495 979 1554 in
999 1503 1137 1554 aetemum
1160 1495 1197 1554 ab
1217 1494 1288 1572 ipsis
1309 1496 1454 1573 expectari

243 1596 302 1635 non
317 1577 429 1654 potuit;
453 1577 492 1635 Et
505 1576 546 1636 ita
563 1596 615 1655 per
631 1575 820 1653 Sponsionem
842 1583 871 1634 et
891 1574 1125 1635 substitutionem
1147 1575 1253 1635 Christi
1275 1575 1305 1632 in
1328 1576 1451 1653 ipsorum

244 1657 340 1716 locum
355 1665 436 1716 erant
449 1656 563 1716 liberati
577 1677 615 1715 ex
631 1655 687 1714 Dei
700 1655 830 1732 consilio,
846 1663 878 1714 ut
894 1674 952 1712 non
966 1654 1090 1732 amplius
1111 1655 1148 1714 ab
1169 1655 1240 1732 ipsis
1261 1654 1368 1714 solutio
1387 1674 1451 1732 poe·

244 1737 331 1795 tulari
345 1736 485 1811 debuerit,
501 1755 587 1813 quam
602 1737 633 1794 in
653 1755 683 1795 se
699 1736 831 1794 Christus
853 1754 905 1812 per
929 1735 1113 1812 sponsionem
1138 1753 1218 1793 suam
1237 1743 1402 1812 receperat;
1424 1736 1451 1792 in

245 1836 303 1894 qua
326 1816 556 1893 Expromissoris
569 1815 650 1876 vices
663 1835 732 1874 vere
756 1815 896 1893 implevit,
922 1814 973 1892 qui
996 1813 1119 1872 alienam
1142 1813 1349 1892 obligationem
1371 1815 1401 1872 in
1425 1833 1453 1872 se

245 1897 374 1973 suscipit,
390 1905 423 1954 ut
436 1896 473 1954 ab
487 1895 550 1972 ipso
564 1897 627 1954 solo
641 1895 746 1955 solutio
760 1895 923 1972 postuletur
936 1903 965 1952 et
979 1893 1154 1971 expectetur,
1170 1893 1306 1971 primario
1326 1893 1453 1952 debitore

246 1995 304 2034 non
319 1975 443 2052 amplius
458 1983 590 2033 manente
604 1975 751 2051 obligato:
774 1975 847 2032 Nam
862 1974 904 2032 ita
918 1993 948 2033 se
963 1974 1116 2050 sponsione
1131 1993 1183 2032 sua
1197 1973 1340 2050 obligavit
1353 1973 1390 2032 ad
1410 1993 1452 2032 so·

246 2055 394 2128 tutionem,
410 2062 442 2112 ut
456 2053 570 2130 abipso
585 2054 646 2112 solo
661 2054 720 2130 peti
734 2054 814 2130 exigi
826 2054 960 2130 potuerit,
976 2053 1084 2127 electis,
1100 2053 1150 2130 qui
1164 2053 1291 2131 primarii
1311 2061 1393 2112 amnt
1406 2053 1452 2110 de·

248 2133 362 2208 nitores,
379 2134 416 2190 ab
430 2133 508 2191 omni
522 2133 665 2209 personali
680 2131 857 2208 obligatione
870 2132 1008 2208 liberatis,
1024 2141 1054 2191 et
1070 2132 1142 2191 adeo
1156 2153 1215 2191 non
1235 2133 1360 2208 amplius
1383 2133 1451 2190 obli·

246 2213 331 2304 gatis,
347 2220 380 2271 ut
394 2211 419 2270 si
433 2212 549 2288 ipsimet
563 2212 674 2270 solvere
689 2211 858 2286 voluissent,
879 2211 986 2270 crimen
1008 2221 1236 2289 contemptorum
1259 2212 1384 2288 hiessiae,
1406 2212 1453 2290 qui

236 2309 364 2367 ¹insuper
377 2291 476 2347 habita
492 2291 607 2366 justitia
631 2291 686 2349 Dei
706 2291 850 2368 propriam
868 2291 1012 2368 justitiam
1034 2291 1162 2350 stabilire
1183 2299 1332 2366 conantur,
1354 2293 1453 2350 merito

145 2413 149 2420 .
245 2369 441 2444 incurrissent,
456 2369 541 2445 quale
555 2369 610 2429 fuit
623 2370 731 2429 crimen
745 2371 924 2444 Judaeorum,
941 2371 1025 2430 Rom.
1041 2372 1080 2430 ix.
1097 2374 1143 2445 31,
1160 2375 1207 2444 32,
1223 2379 1252 2430 et
1266 2391 1296 2430 x.
1311 2375 1339 2430 3.

287 2448 344 2506 VI.
366 2448 466 2507 Talem
482 2457 579 2508 autem
593 2469 656 2508 esse
673 2451 864 2527 Sponsionem
881 2450 996 2524 Christi,
1022 2451 1170 2527 Scriptura
1184 2451 1247 2527 ipse
1260 2470 1318 2508 non
1334 2451 1452 2510 obscure

247 2528 435 2604 demonstrat,
451 2547 541 2606 quum
556 2537 681 2589 testetur
696 2531 790 2588 Deum
815 2532 833 2562 “
848 2529 1007 2606 conjecisse
1021 2531 1051 2587 in
1066 2531 1160 2608 ipsum
1181 2529 1349 2607 iniquitates
1364 2530 1451 2588 omni-

239 2629 296 2667 ·um
310 2617 449 2683 nostrum,
473 2617 502 2668 et
525 2609 745 2686 castigationem
766 2610 846 2686 pacis
867 2619 973 2667 nostrae
995 2610 1049 2686 ipsi
1071 2609 1234 2687 impositam
1249 2609 1347 2685 fuisse,
1370 2619 1403 2670 ut
1417 2629 1451 2668 ex

248 2682 311 2766 ejus
322 2689 464 2747 livoribus
480 2689 592 2748 sanatio
607 2690 690 2748 nobis
705 2690 811 2764 esset,''
826 2689 883 2748 Isa.
898 2689 950 2746 liii.
967 2692 993 2763 5,
1007 2691 1034 2747 6.
1077 2689 1228 2764 Quomodo
1240 2709 1309 2748 vero
1324 2691 1452 2767 conjecta

247 2777 370 2848 possunt
384 2769 442 2827 diei
456 2769 486 2826 in
502 2769 648 2828 Christum
666 2777 786 2846 peccata
798 2769 957 2842 hominum,
974 2769 999 2826 si
1015 2769 1138 2846 Sponsio
1153 2769 1217 2846 ejus
1231 2789 1288 2828 nou
1303 2769 1358 2828 fuit
1372 2770 1451 2828 abso-

247 2849 317 2925 luta,
340 2869 393 2927 per
406 2868 505 2908 veram
527 2848 618 2908 debiti
639 2851 857 2909 translationem
880 2869 965 2926 supra
987 2868 1026 2924 ee,
1049 2857 1078 2907 et
1098 2868 1212 2907 reorum
1232 2849 1454 2908 liberationem?

250 2930 312 2988 Nec
326 2929 482 2990 dicendum
506 2931 523 2962 “
538 2929 559 2988 J
561 2949 642 2988 esum
657 2939 769 2989 tantum
787 2935 907 3007 peccata
920 2929 1089 3005 suscepisse,
1106 2947 1171 2986 cum
1186 2949 1217 2987 se
1231 2928 1268 2986 ad
1283 2929 1450 2988 sacrificinm

247 3018 430 3087 praepararet,
453 3019 482 3068 et
499 3010 593 3068 Deum
615 3009 645 3068 iu
660 3007 754 3088 ipsum
776 3008 935 3086 conjecisse
956 3017 1082 3084 peccata,
1105 3007 1174 3085 quia
1187 3015 1254 3066 actu
1268 3009 1319 3066 illa
1340 3009 1452 3086 abipso

248 3098 351 3149 exacta
365 3091 462 3150 sunt.’'
506 3089 581 3164 Quia
595 3089 674 3148 aliud
695 3099 739 3149 est
753 3089 899 3167 postulare
919 3107 936 3146 a
951 3087 1066 3147 Christo
1080 3087 1209 3146 debitum
1225 3087 1262 3145 ad
1282 3097 1450 3164 praesentem

250 3169 441 3246 solutioncm3
467 3169 548 3227 aliud
577 3171 608 3226 in
632 3189 697 3228 enm
720 3177 839 3246 peccata
860 3167 1011 3245 conjicere,
1044 3167 1138 3225 atilli
1160 3167 1311 3244 imputare.
1356 3168 1452 3227 Potest

248 3249 325 3306 Vadi
340 3249 470 3308 debitum
485 3248 571 3324 longe
586 3257 653 3306 ante
667 3249 840 3326 imputatum
855 3265 1026 3322 essequam
1041 3245 1079 3304 ad
1092 3255 1264 3323 praesentem
1279 3247 1449 3306 solutionem

249 3327 403 3403 exigetur:
427 3327 493 3384 Non
508 3327 592 3384 docet
614 3327 710 3385 Isaiae
723 3337 793 3386 tunc
808 3327 938 3403 oonjeeta
955 3326 1044 3384 fuisse
1065 3335 1182 3402 peccata
1196 3325 1226 3383 in
1240 3326 1345 3403 ipsum,
1365 3345 1450 3402 quum

249 3413 316 3464 actu
340 3405 377 3462 ab
402 3405 465 3481 ipso
489 3413 593 3462 exacta
615 3413 690 3478 sunt,
715 3405 767 3463 sed
787 3405 853 3462 ideo
874 3405 1028 3464 a'Christo
1053 3412 1156 3464 exacta
1177 3423 1240 3463 esse
1265 3415 1385 3483 peccate
1404 3424 1452 3482 per

248 3502 398 3618 poenqrnm
419 3481 642 3561 perpessionem,
665 3483 734 3562 quia
746 3484 802 3560 ipsi
817 3493 849 3542 ut
866 3484 1003 3560 Sponsori
1023 3484 1054 3542 in
1075 3485 1131 3543 Dei
1145 3485 1266 3544 consilio
1283 3485 1346 3562 jam
1361 3485 1451 3562 impu·

250 3571 311 3621 tata
337 3571 449 3620 uerunt.

291 3640 364 3699 VII.
387 3641 455 3699 Huc
479 3641 548 3700 facit
568 3641 655 3718 quod,
686 3642 761 3701 Psal.
783 3643 822 3701 xl.
850 3645 876 3716 7,
901 3645 928 3718 8,
945 3643 1077 3703 Christus
1097 3653 1274 3723 protestatur
1292 3643 1450 3703 sevenisse

251 3720 288 3779 ad
302 3719 464 3778 faciendam
480 3721 659 3780 voluntatem
682 3723 784 3798 Patris,
807 3723 845 3781 id.
868 3723 905 3780 ad
926 3722 1103 3783 offerendum
1125 3725 1296 3783 sacrificium
1318 3723 1450 3801 Corporis

251 3799 304 3876 sui,
319 3799 385 3858 loco
399 3800 589 3860 Victimarum
606 3801 766 3880 Legalinm,
781 3823 854 3879 quas
876 3803 956 3861 Deus
970 3811 1003 3861 ut
1017 3804 1053 3862 ad
1075 3805 1130 3862 hoc
1143 3804 1260 3862 inutiles
1274 3803 1448 3880 rejiciebant.

251 3881 394 3954 Quorsum
416 3900 485 3939 vero
506 3888 616 3939 tantam
641 3881 817 3941 alacritatem
842 3891 871 3941 et
895 3883 1150 3960 promptitudinem
1172 3885 1228 3942 hoc
1250 3883 1375 3941 officium
1400 3883 1449 3939 im·

251 3960 350 4038 plendi
364 3980 423 4038 prm
435 3981 465 4020 se
477 3959 571 4034 ferret,
587 3961 643 4020 nisi
655 3963 717 4038 jam
732 3970 792 4020 tum
808 3962 941 4021 absoluta
951 3971 980 4020 et
995 3963 1118 4041 simplex
1129 3962 1232 4022 fuisset
1242 3964 1305 4040 ejus
1319 3961 1449 4040 Sponsio,

250 4061 315 4118 qum
335 4060 485 4117 pronatum
506 4041 591 4100 nobis
605 4040 766 4100 debitarum
788 4042 1004 4101 translationem
1019 4063 1116 4100 reram
1139 4043 1246 4101 infert?
1287 4041 1350 4101 Nec
1368 4041 1451 4118 jurat

251 4139 396 4197 reponere,
421 4124 439 4156 “
453 4121 516 4180 hmo
530 4121 650 4178 verbaa
666 4121 757 4178 Paulo
771 4121 869 4180 referri
884 4121 922 4179 ad
938 4122 1099 4198 ingressum
1116 4123 1224 4180 Christi
1239 4121 1269 4179 in
1282 4119 1450 4193 mundum,¹’

252 4200 329 4258 Heb.
345 4219 374 4258 x.
390 4203 417 4258 5.
461 4201 535 4274 Quia
547 4200 617 4259 licet
633 4201 764 4259 Christus
785 4201 847 4258 haec
868 4201 923 4259 sibi
944 4201 1069 4260 tribuere
1090 4201 1217 4278 potuerit
1237 4200 1404 4278 ingrediens
1424 4199 1452 4256 in

197 4329 201 4338 .
251 4279 408 4354 mundum;
432 4279 497 4338 Non
512 4279 609 4338 obstat
622 4280 776 4356 quominus
791 4280 833 4338 illi
843 4281 905 4357 jem
920 4281 1094 4339 conveniant
1108 4300 1142 4339 eo
1156 4289 1284 4358 tempore
1298 4301 1357 4358 quo
1373 4276 1452 4338 Psal-

250 4368 296 4418 tes
309 4359 445 4436 loquitur.
490 4359 553 4416 Imo
573 4359 629 4418 hoc
650 4359 812 4418 necessario
835 4359 1013 4438 supponitur,
1035 4359 1104 4437 quia
1124 4361 1222 4436 agitur
1242 4358 1278 4418 de
1299 4367 1407 4418 aeterna
1425 4365 1453 4415 et

250 4437 424 4496 immutabili
440 4437 495 4496 Dei
510 4438 667 4512 voluntate,
690 4459 748 4515 qua
762 4439 894 4498 Christus
907 4439 1023 4516 rejectis
1038 4439 1185 4498 sacrificiis
1199 4439 1333 4498 omnibus
1352 4437 1451 4515 legali-

250 4518 306 4577 bus
322 4517 508 4595 Sponsorest
528 4519 710 4593 constitutus,
727 4519 833 4594 atejus
854 4518 1013 4578 satisfactio
1034 4518 1096 4576 sola
1116 4518 1240 4594 decreta,
1263 4527 1292 4576 et
1313 4517 1453 4596 promissa

246 4598 308 4674 jam
323 4596 360 4654 ab
374 4597 438 4672 ipso
452 4597 600 4674 principio,
613 4606 646 4655 ut
660 4598 695 4655 de
710 4617 745 4656 eo
760 4599 890 4674 incapite
904 4599 975 4672 libri,
988 4605 1058 4674 puta
1071 4598 1234 4675 Scriptura,
1250 4598 1451 4674 scriptumest,

249 4675 296 4735 cui
310 4673 426 4734 additur
440 4675 588 4753 responsio
604 4676 694 4754 ipsius
710 4677 825 4751 Christi,
842 4697 899 4754 qua
914 4677 1093 4735 vocatiouem
1112 4678 1165 4734 Dei
1182 4677 1309 4753 suscipit,
1328 4685 1357 4734 et
1372 4695 1402 4734 se
1416 4671 1452 4730 ad
