3152 5198
254 410 311 466 572
676 421 766 464 rocus
781 421 910 464 oncruus
926 421 1045 462 serras.
1273 399 1403 481 [eomer.
1420 421 1466 461 nr.

250 567 297 624 tiae
312 564 414 623 infusae
429 564 628 640 obtinendum,
644 571 749 623 utnon
764 563 851 623 alium
866 563 896 621 iu
909 566 997 622 finem
1011 563 1161 640 imputatio
1177 561 1233 619 ista
1245 563 1305 637 fiat,
1321 581 1411 638 quarn
1426 563 1464 620 ad

249 645 467 722 promerendam
481 645 565 704 nobis
581 645 703 722 gratiam
717 643 850 719 infusam,
873 645 956 721 cujus
972 644 1080 702 virtute
1095 662 1148 701 nos
1171 642 1227 718 ipsi
1253 641 1364 718 Legem
1389 663 1462 718 prra-

250 735 367 799 stamus,
384 733 412 783 ct
423 725 453 782 iu
474 725 558 783 nobis
569 723 644 798 justi
655 724 867 800 justificamur;
901 724 943 783 Ut
957 724 1091 801 Vasqucs
1102 723 1122 781 l.
1137 723 1185 782 cit.
1203 741 1228 779 c.
1248 721 1289 779 iii.
1314 721 1462 781 observat

251 804 337 864 Unde
353 805 514 863 Bonavent.
530 805 560 861 in
575 808 602 862 3.
620 803 699 862 Seut.
718 803 793 862 Dist.
811 805 857 875 19,
881 823 909 881 q.
926 807 952 862 1.
968 813 1056 880 negat
1064 802 1261 862 causalitatem
1275 801 1460 878 justificatio-

249 885 304 959 nis,
321 904 372 944 seu
387 884 563 943 remissionis
577 890 770 960 peccatorum,
781 885 903 960 proprie
917 883 1070 942 convenire
1084 883 1171 941 morti
1192 889 1243 940 aut
1256 882 1462 941 resurrectioni

252 965 368 1040 Christi,
384 965 435 1023 sed
450 972 561 1022 tantum
582 982 635 1038 per
659 964 772 1020 modum
786 964 881 1020 meriti
901 963 1112 1037 intervenientis,
1142 961 1221 1038 quod
1248 960 1396 1019 reducitur
1424 963 1462 1020 ad

250 1053 366 1103 oausam
381 1042 566 1117 materialem,
582 1042 732 1100 formalem
746 1050 841 1100 autem
858 1063 921 1102 esse
943 1044 1045 1102 statuit
1059 1042 1227 1101 charitatem
1241 1040 1375 1099 infusam.
1413 1042 1461 1099 Ex

249 1124 354 1200 quibus
369 1131 482 1180 constat
495 1121 543 1179 hic
557 1121 655 1198 quari,
673 1121 722 1179 An
736 1121 859 1181 Justitia
880 1131 910 1182 et
930 1123 1095 1182 Satisfactio
1120 1122 1227 1180 Christi
1252 1120 1293 1178 ita
1307 1121 1392 1178 nobis
1406 1121 1460 1178 irn-

248 1209 386 1279 putentur
399 1222 417 1259 a
432 1202 503 1276 Deo,
519 1209 552 1260 ut
575 1201 633 1260 sint
657 1201 774 1260 unicum
801 1201 1019 1261 fundamentum
1043 1211 1073 1260 et
1086 1221 1174 1260 causa
1197 1200 1351 1274 meritoria,
1377 1202 1460 1278 cujus

249 1282 338 1339 solius
353 1282 459 1340 intuitu
473 1301 569 1340 coram
585 1282 648 1340 Deo
660 1281 863 1340 absolvimura
876 1281 1010 1358 peccatis,
1022 1291 1051 1340 et
1065 1282 1122 1341 Jus
1132 1281 1168 1340 ad
1183 1281 1273 1340 vitam
1284 1280 1459 1340 obtinemus.

249 1361 419 1420 Adversarii
433 1371 551 1439 negant,
568 1362 629 1420 Nos
644 1361 825 1421 affirmamus.

289 1441 379 1500 XIV.
403 1443 469 1500 Non
484 1461 555 1519 opus
570 1451 614 1500 est
629 1449 733 1516 autem,
749 1450 782 1500 ut
795 1461 963 1500 moneamus
989 1461 1041 1518 per
1051 1441 1196 1518 justitiam
1219 1440 1326 1499 Christi
1341 1460 1397 1499 nos
1411 1441 1460 1500 hic

247 1541 306 1580 non
317 1523 478 1599 intelligere
487 1523 632 1581 Justz'tr'am
645 1522 828 1580 Essentialem
838 1522 897 1579 Dei
909 1521 939 1578 in
953 1522 1037 1580 nobis
1051 1522 1237 1594 habitantem,
1250 1528 1283 1578 ut
1296 1520 1461 1580 somniabat

251 1603 391 1662 Osiandcr
418 1623 484 1661 cum
514 1601 717 1676 Sweulrfeldio,
747 1621 895 1678 opponens
923 1621 953 1660 sc
983 1601 1123 1662 Stancaro
1160 1600 1287 1676 Collega
1315 1620 1377 1673 suo,
1407 1603 1458 1678 qui

249 1683 395 1741 Christum
411 1681 600 1741 Mediatorem
616 1689 727 1740 tantum
742 1681 917 1758 agnoscebat
940 1681 1097 1740 secundum
1124 1681 1262 1740 Naturam
1282 1680 1459 1756 humanam

249 1763 300 1840 qui
314 1783 392 1822 error
405 1762 516 1840 pridem
540 1763 678 1839 explosus
693 1769 722 1820 et
744 1781 810 1819 oum
834 1762 954 1820 authore
979 1781 1032 1820 suo
1046 1761 1140 1838 periit.
1183 1759 1258 1834 Quia
1271 1779 1331 1818 nou
1358 1773 1461 1837 posset

249 1842 300 1901 illa
310 1844 425 1920 justitia
449 1842 533 1901 nobis
548 1841 708 1919 subjective
723 1849 752 1900 et
766 1841 923 1900 formaliter
944 1841 1157 1915 communicari,
1183 1839 1262 1917 quod
1276 1847 1321 1898 est
1334 1841 1460 1900 attribu-

249 1930 310 1980 tum
325 1923 477 1982 essentiale
493 1923 557 1996 Dei,
584 1923 654 1998 quin
669 1922 718 1979 Dii
746 1941 865 1998 quoque·
889 1940 1028 1980 essemus.
1070 1921 1110 1980 Et
1140 1921 1288 1997 Scriptura
1312 1919 1461 1997 justitiam

250 2003 357 2061 Christi
370 2023 435 2080 ques
449 2003 533 2061 nobis
547 2003 712 2080 imputatur,
728 2002 835 2079 passim
859 2001 946 2060 refert
960 2001 998 2059 ad
1017 1999 1210 2060 obedientiam
1223 2000 1292 2058 vita
1307 2008 1337 2058 et
1347 2002 1460 2077 passio-

248 2101 314 2140 nem
329 2084 438 2159 mortis,
454 2101 512 2160 que
525 2082 673 2160 respondit
689 2082 762 2159 Legi
776 2089 805 2140 et
818 2081 943 2159 perfecte
958 2101 1021 2139 eam
1045 2081 1186 2158 implevit.
1229 2080 1291 2139 Nec
1305 2080 1331 2138 si
1344 2081 1461 2141 infinita

243 2163 359 2239 justitia
373 2183 445 2240 opus
459 2161 644 2236 habebamus,
661 2162 761 2220 debuit
785 2181 848 2220 esse
862 2162 928 2220 talis
951 2161 1084 2237 essentia,
1114 2160 1166 2220 sed
1188 2169 1300 2219 tantum
1314 2160 1416 2220 valore
1431 2171 1460 2221 ct

247 2241 359 2300 merito.
404 2243 435 2301 si
450 2243 582 2301 Christus
597 2250 641 2301 est
654 2241 675 2300 J
678 2243 772 2300 ehova
780 2241 895 2319 justitie
909 2249 1015 2318 nostra,
1031 2250 1061 2300 et
1075 2242 1100 2299 si
1114 2241 1206 2300 factus
1229 2249 1273 2299 est
1296 2241 1383 2298 nobis
1392 2241 1456 2318 jus·

246 2320 311 2376 titia
325 2341 342 2377 a
357 2321 452 2390 Patre,
467 2321 522 2379 hoc
536 2341 594 2378 non
610 2322 715 2381 dicitur
728 2331 860 2400 respectu
870 2322 993 2401 justitia
1012 2321 1182 2394 essentialis,
1209 2320 1260 2379 sed
1274 2319 1459 2396 obedientiae,

247 2417 312 2474 quae
326 2399 410 2456 nobis
424 2400 583 2475 imputatur
597 2401 633 2458 ad
643 2401 805 2477 justitiam;
831 2423 896 2480 quae
920 2403 1026 2461 dicitur
1034 2401 1149 2479 justitia
1164 2401 1228 2475 Dei,
1244 2400 1312 2476 quia
1326 2410 1372 2459 est
1387 2401 1458 2460 Per-

248 2497 325 2536 souae
339 2477 455 2553 divinae,
472 2487 557 2555 atque
581 2480 646 2537 ideo
669 2479 774 2536 infiniti
798 2482 914 2555 valoris,
937 2490 967 2541 et
980 2501 1045 2559 qua
1062 2481 1125 2539 Deo
1148 2499 1258 2539 summe
1273 2488 1355 2556 grata
1369 2491 1416 2540 est
1430 2492 1459 2541 et

246 2565 373 2634 accepta.
407 2559 464 2616 Per
477 2558 551 2616 hanc
565 2567 662 2617 antem
674 2557 817 2635 justitiam
832 2561 1022 2637 intelligimus
1031 2569 1121 2620 totam
1132 2560 1325 2620 obedientiam
1338 2560 1457 2636 Christi,
1556 2582 1574 2606 Ἣ

246 2647 304 2696 tam
320 2641 397 2715 vitae,
413 2658 500 2716 quam
514 2639 622 2714 mortis,
638 2647 697 2697 tam
716 2637 849 2714 activam,
865 2659 952 2716 quam
976 2641 1130 2718 passivam,
1146 2649 1280 2718 utsupra
1301 2641 1456 2716 probatum

246 2727 290 2778 est
306 2719 374 2779 Loc.
391 2720 481 2780 XIV.
497 2717 531 2794 Q.
548 2719 594 2779 13.
1261 2756 1264 2762 ·

245 2839 350 2886 ,usum
365 2843 487 2900 imputata
549 2801 622 2859 XV.
645 2801 730 2860 Hanc
745 2809 841 2896 autern
856 2801 963 2861 Christi
977 2801 1128 2896 «Iustitiam
1145 2820 1213 2896 ,esse
1233 2800 1458 2860 fundamentum

246 2961 267 3005 1.
283 2901 440 3006 st‘tttt?
452 2958 488 3014 18,
508 2889 816 3036 ttttttttttt
816 2883 1226 3038 tutttttttttttfttr
1238 2880 1458 3020 ftlttttt

349 3016 387 3118 φ’
503 3043 521 3074 “
534 3041 616 3102 Sicut
630 3061 681 3118 per
694 3061 779 3101 unam
804 3027 970 3117 dffensam,''
997 3042 1091 3118 inquit
1114 3042 1231 3116 Paulus,
1258 3041 1343 3099 Rom.
1358 3060 1389 3098 v.
1408 3044 1456 3116 18,

250 3123 296 3196 19,
315 3123 332 3154 “
342 3121 372 3178 in
383 3141 482 3180 omnes
501 3122 632 3180 homines
647 3120 683 3180 ad
699 3122 996 3196 condemnationem,''
1012 3121 1122 3198 supple,
1135 3121 1216 3179 venit
1230 3128 1334 3197 reatus,
1353 3121 1419 3179 “ita
1430 3127 1459 3175 a·

247 3211 288 3262 tva
301 3207 459 3270 διιιιιάμιιι,
473 3221 524 3280 per
538 3221 625 3260 uuam
635 3203 787 3278 justitiam,
803 3202 833 3260 in
847 3221 947 3260 ornnes
961 3202 1091 3260 homines
1105 3201 1143 3259 ad
1159 3199 1396 3278 justificationem
1411 3203 1458 3259 vi-

246 3283 312 3354 tae‚'’
327 3282 437 3359 supple,
454 3282 627 3341 redundavit
641 3281 819 3341 beneficium.
864 3283 936 3342 “Ut
950 3281 1025 3339 onim
1042 3301 1093 3358 per
1106 3282 1193 3340 unius
1216 3280 1341 3338 hominis
1354 3280 1458 3340 inobe-

247 3359 385 3418 dientiam
399 3371 564 3438 peccatores
580 3370 646 3421 sunt
660 3363 808 3421 constituti
823 3363 925 3421 multi:
948 3362 994 3420 Ita
1013 3381 1065 3438 per
1076 3362 1161 3419 unius
1175 3359 1367 3418 obedientiam
1379 3362 1457 3438 justi

247 3438 458 3498 constituentur
481 3441 594 3500 multi.'’
639 3440 698 3500 Ubi
712 3443 821 3501 clarum
844 3450 888 3501 est
915 3442 1019 3519 opponi
1034 3448 1224 3516 ϊιιιιςάπιιμιι,
1250 3459 1336 3498 unam
1359 3449 1455 3500 trans-

247 3517 433 3593 gressionem,
450 3527 478 3573 tut
489 3526 632 3588 διιιιιάμιιιι,
644 3521 695 3578 uni
705 3521 837 3598 justitiae,
853 3532 881 3580 et
895 3521 1119 3580 inobedientiam
1141 3521 1227 3580 unius
1246 3519 1379 3594 hominis,
1396 3541 1458 3598 qua

247 3594 377 3654 homines
391 3608 556 3672 peccatores
571 3608 600 3656 et
614 3599 654 3655 rei
670 3601 884 3661 constituuntur
896 3621 992 3660 coram
1003 3602 1065 3660 Deo
1074 3621 1126 3678 per
1136 3601 1214 3659 illius
1225 3600 1316 3677 culpae
1327 3599 1456 3676 imputa·

179 3728 181 3732 .
247 3677 363 3750 tionem,
375 3677 461 3734 unins
477 3677 583 3735 Christi
597 3677 847 3758 obedientiaque
862 3682 955 3740 Electi
970 3682 1184 3740 constituuntur
1196 3681 1278 3757 justi,
1294 3679 1332 3737 id.
1344 3680 1455 3756 justifi-

246 3764 348 3816 cantur
357 3775 452 3814 eorem
462 3757 533 3832 Deo,
545 3775 603 3813 non
612 3756 711 3834 utique
720 3761 972 3836 perinhaesionem,
981 3761 1088 3839 sedper
1098 3761 1324 3838 imputationem.
1342 3764 1368 3817 l.
1377 3759 1457 3833 Quia

246 3838 332 3898 unius
346 3846 427 3897 actus
437 3857 496 3896 nou
506 3844 602 3915 potest
609 3836 671 3894 fieri
682 3838 815 3914 plurium,
828 3841 882 3898 nisi
893 3861 943 3918 per
951 3841 1179 3918 imputationem.
1195 3845 1222 3898 2.
1239 3839 1313 3914 Quia
1327 3845 1454 3910 tanat-p,

247 3939 305 3998 quo
320 3917 421 3976 nititur
435 3925 545 3978 διιιιιίιιιιι
559 3923 625 3983 tute,
650 3917 804 3993 perfectam
819 3928 848 3978 et
872 3921 1033 3979 absolutam
1054 3921 1198 3998 justitiam
1221 3920 1357 3998 postulat,
1373 3922 1456 3997 quod

247 4000 283 4058 de
295 3999 409 4076 justitia
422 3998 579 4058 inhaerente
594 3998 651 4058 dici
665 3999 772 4076 nequit.
795 4002 823 4058 3.
839 4000 913 4075 Quia
927 4010 1071 4075 ιιιιιιὶιιςιμι,
1097 4003 1144 4060 eui
1172 4000 1325 4076 opponitur
1338 4005 1453 4062 aarum

246 4087 311 4146 ζωῆς,
338 4099 395 4138 non
410 4087 454 4138 est
468 4089 549 4139 actus
563 4079 710 4158 physicus,
726 4079 777 4138 sed
792 4079 913 4140 forensis
932 4089 961 4139 et
971 4081 1127 4157 judicialis.
1170 4081 1290 4140 Frustra
1314 4079 1453 4140 Bellarm.

244 4159 309 4217 vult
324 4157 524 4218 Obedientiam
539 4161 645 4219 Christi
659 4179 722 4218 esse
744 4159 860 4238 quidem
888 4179 1004 4220 oausam
1031 4160 1201 4220 efficientem
1225 4159 1451 4236 justificationis,

246 4237 297 4297 sed
311 4257 369 4296 non
383 4239 540 4313 formalem,
553 4249 585 4298 ut
610 4239 804 4300 inobedientia
823 4241 930 4298 Adami
957 4259 1010 4298 nos
1031 4241 1181 4299 constituit
1203 4247 1377 4317 peccatores,
1393 4259 1452 4300 non

152 4325 157 4334 '
246 4317 411 4390 formaliter,
428 4318 479 4376 sed
493 4319 656 4378 efficienter.
698 4320 773 4394 Quia
786 4339 844 4378 non
865 4321 961 4397 agitur
975 4319 1011 4378 do
1033 4319 1175 4379 infusione
1194 4312 1324 4398 justilire,
1341 4339 1393 4378 seu
1407 4341 1451 4378 ra-

245 4397 408 4470 novatione,
426 4408 456 4456 ut
467 4399 528 4475 jam
542 4398 670 4475 dictum,
695 4398 753 4458 Sed
774 4399 810 4458 de
825 4397 1029 4459 constitutione
1046 4400 1181 4476 juridica,
1203 4419 1268 4476 qua
1282 4419 1341 4458 non
1355 4409 1452 4475 potest

244 4478 306 4536 fiori
320 4477 375 4534 nisi
391 4497 441 4553 per
455 4478 680 4554 imputationem,
697 4499 762 4536 curn
777 4479 814 4536 sit
825 4479 946 4555 justitiae
961 4478 1071 4552 alienae,
1086 4499 1145 4537 uon
1159 4480 1291 4556 propria.
1335 4479 1450 4537 Deinde

243 4559 304 4632 ipse
320 4556 514 4614 Bellanninus
528 4558 701 4616 contrarium
716 4565 838 4616 testatur
848 4559 898 4615 lib.
914 4558 953 4615 iv.
968 4557 1004 4616 de
1016 4557 1125 4618 Amiss.
1142 4560 1210 4618 Gra.
1224 4578 1286 4636 cap.
1301 4561 1347 4632 10,
1359 4577 1449 4634 quum

243 4636 284 4691 sit
300 4635 480 4692 “Peccatum
498 4635 604 4692 Adami
619 4637 660 4694 ite
673 4637 795 4712 posteris
820 4638 963 4714 imputari,
989 4658 1022 4696 ac
1048 4639 1074 4720 si
1086 4658 1186 4697 omnes
1206 4638 1284 4697 idern
1298 4647 1449 4715 peccatum

241 4711 497 4784 patravissemus.'’
540 4714 578 4771 Et
592 4715 641 4772 lib.
668 4733 696 4772 v.
720 4733 781 4791 cap.
810 4719 855 4792 17,
880 4717 1063 4776 “Peccatum
1089 4717 1196 4776 Adami
1220 4718 1450 4778 communicatur
