3192 5206
285 371 345 427 348
691 383 783 426 nocue
798 383 927 426 necinus
941 381 1086 432 cunnus.
1306 359 1438 440 [eumer.
1456 379 1501 420 vr.

283 529 385 586 ditare
415 525 587 601 Sacerdotis,
615 525 646 584 in
670 546 728 603 quo
751 546 782 585 se
808 525 840 584 in
859 525 1008 584 victimam
1023 523 1086 582 Deo
1098 521 1211 596 obtulit,
1227 527 1271 580 est
1284 520 1373 580 etism
1387 521 1499 580 Schola

283 609 442 684 Prophetes,
457 607 488 664 in
501 626 559 684 qus
573 626 626 664 noa
650 606 735 666 docet
748 605 917 683 mysterium
942 603 1052 677 salutis,
1068 602 1145 662 unde
1160 601 1354 678 Evsngelium
1370 610 1500 658 vocatur

284 687 415 747 Verbum
430 687 539 762 Crucis,
563 687 602 744 Et
624 688 792 762 tropheum
814 686 909 761 Repis,
931 685 962 742 in
975 703 1033 761 qua
1047 682 1109 742 scil.
1124 680 1313 759 triumphavit
1326 681 1364 739 de
1380 681 1496 738 Princi-

283 765 838 845 petibusetPoteetatibus,Col.ii.15.
880 764 1067 840 anepetium
1081 763 1198 820 estLeae
1220 762 1380 837 Prophetes,
1403 761 1450 818 Is.
1466 761 1495 817 ii.

250 851 252 856 '
284 851 312 922 2,
324 851 352 923 3,
368 848 515 922 Sceptrum
528 846 622 922 Reph,
640 845 717 904 Psal.
732 865 779 906 cx.
791 849 819 919 2,
837 845 959 906 Clodius
968 843 1137 918 Sacerdotis,
1149 861 1208 919 quo
1220 849 1352 918 penetrat
1371 839 1413 898 ad
1425 840 1497 898 inti·

283 946 346 984 mss
360 926 455 985 cordis
469 925 635 999 divisiones,
652 925 729 984 Heb.
744 925 783 984 iv.
801 928 847 999 12,
863 933 892 983 et
907 923 1017 999 Altsre,
1034 923 1081 981 cui
1093 922 1204 1000 imponi
1217 921 1303 979 debet
1317 919 1497 979 sacrificium

283 1005 353 1064 fidei
377 1013 492 1064 nostrae.
514 1005 561 1064 Ite
586 1004 718 1082 Spiritus,
734 1004 786 1082 qui
808 1012 842 1063 ut
867 995 1000 1081 Spiritus,
1026 1002 1181 1081 Sapientis
1203 1009 1248 1060 est
1274 999 1396 1060 effectus
1419 1000 1496 1059 Pro-

282 1085 396 1162 phetiee,
411 1093 444 1143 ut
460 1084 584 1161 Spiritus
598 1084 803 1143 consolationis
817 1083 985 1144 estfructus
1007 1081 1176 1158 Sacerdotii,
1198 1090 1232 1141 ut
1257 1080 1384 1158 Spiritus
1406 1081 1495 1140 roho·

281 1164 322 1222 ris
336 1173 366 1223 et
379 1163 479 1240 glories
493 1173 538 1224 est
553 1164 643 1241 Regis
657 1164 774 1224 donum.

744 1401 937 1478 Qumsuro
969 1401 1025 1464 vr.

279 1562 328 1622 An
343 1561 470 1622 Christro
482 1562 681 1638 raptmfieeir
693 1562 723 1622 iu
737 1562 845 1623 Coelum
862 1570 927 1621 ante
950 1561 1109 1621 inchoatum
1124 1559 1269 1636 publicem
1288 1559 1493 1635 Minister-ieme,

523 1651 554 1701 ut
567 1643 605 1702 ihi
617 1663 636 1701 α
650 1647 737 1702 Patre
750 1645 922 1702 doceretur?
943 1641 1037 1719 Neg.;
1052 1649 1153 1700 contra
1166 1639 1261 1698 Sosin.

295 1840 506 1949 wisheim*
541 1881 577 1940 se
593 1881 753 1940 nrvrnrae
782 1881 898 1956 cursu
927 1877 1492 1957 sap.rv.0s0r0u.1nsueeap.,xvi.

584 1802 608 1861 Ι.
633 1801 782 1860 Sententia
806 1799 1034 1874 Socinienorum,
1050 1806 1083 1859 ut
1104 1819 1167 1858 cam
1182 1797 1330 1876 explicent
1345 1797 1494 1857 Smalcius
1579 1807 1580 1852 ζ

542 1961 658 2020 Catech.
672 1959 812 2019 liuhada
824 1960 996 2037 Prophetioo
1008 1959 1115 2018 Christi
1129 1959 1259 2032 Munere,
1272 1967 1325 2034 est
1341 1957 1494 2018 Christum
1579 1980 1581 2041 j

278 2052 379 2121 utpote
403 2041 513 2099 nudum
537 2040 692 2115 hominem,
716 2039 798 2099 initio
823 2038 924 2098 rudem
949 2048 978 2098 et
1000 2039 1133 2116 ignarum
1148 2037 1235 2116 fuisse
1249 2037 1491 2114 illiusdoctrinae,

279 2142 366 2199 quam
380 2121 563 2199 promulgare
577 2119 738 2178 ministerio
753 2139 805 2178 suo
820 2119 857 2177 ad
871 2118 1021 2179 hominurn
1035 2117 1158 2176 salutem
1172 2117 1305 2176 debebat.
1349 2116 1423 2177 ldeo
1437 2138 1490 2176 an·

278 2221 333 2260 nos
343 2203 405 2278 jam
419 2200 539 2276 triginta
552 2208 660 2272 natum,
676 2207 705 2257 et
719 2199 882 2258 adohenne
896 2197 1082 2275 baptizatum,
1098 2197 1265 2275 pruisquam
1280 2195 1389 2256 Munus
1404 2217 1492 2257 suum

278 2281 394 2358 publice
417 2279 621 2354 auspicaretur,
638 2298 756 2356 corpore
765 2279 795 2336 in
809 2279 914 2338 coelum
929 2277 1098 2337 subvectum
1113 2276 1210 2352 fuisse,
1226 2276 1268 2334 ibi
1280 2276 1494 2353 perfectissime

279 2359 315 2418 de
331 2359 387 2416 Dei
401 2359 550 2416 voluntate
564 2357 675 2434 abipso
691 2357 754 2416 Deo
769 2377 832 2417 esse
843 2358 986 2431 edoctum,
1002 2357 1082 2416 etsie
1095 2356 1246 2416 remissum
1255 2355 1286 2414 in
1299 2363 1405 2414 terrem
1420 2377 1493 2416 ean-

278 2438 344 2496 dem
359 2437 519 2496 doctrinam
530 2435 696 2496 homiuibus
709 2437 794 2513 plene
808 2446 838 2496 et
851 2436 1026 2495 sufficienter
1039 2455 1171 2495 enerrarc
1186 2435 1316 2514 coepisse.
1359 2435 1491 2514 Tempus
1580 2440 1581 2451 ³

278 2517 363 2576 istius
377 2525 484 2594 raptus,
501 2515 555 2574 etsi
569 2535 628 2573 non
649 2516 757 2575 sudent
770 2516 888 2593 praecise
903 2514 1032 2591 definire,
1044 2525 1147 2593 putent
1156 2524 1254 2575 tamen
1267 2515 1375 2592 optime
1388 2515 1492 2576 referri

276 2617 362 2675 posse
377 2597 537 2656 admoram
548 2595 636 2669 illam,
652 2614 739 2672 quam
754 2596 884 2654 Christus
895 2595 1015 2672 jejunus
1029 2595 1091 2672 egit
1111 2595 1141 2653 in
1162 2595 1275 2654 deserto
1297 2614 1350 2673 per
1363 2597 1489 2673 quadra-

278 2677 360 2754 ginta
382 2677 444 2736 dies
467 2683 496 2734 et
519 2683 629 2734 noctes.
673 2675 784 2752 Scopus
809 2695 907 2734 eorum
928 2683 973 2734 est
987 2675 1104 2734 eludere
1120 2675 1185 2734 loca
1200 2675 1365 2752 Scripturse,
1381 2677 1490 2753 quibus

276 2759 432 2835 probamus
447 2754 593 2814 Christum
607 2753 695 2814 fuisse
710 2764 864 2832 autequam
874 2763 1041 2814 nasceretur
1049 2774 1086 2812 ex
1101 2754 1232 2832 Virgine,
1244 2763 1396 2832 propterea
1409 2756 1491 2834 quod

277 2837 418 2896 dicatura
432 2837 518 2894 Patre
533 2835 660 2893 exivisse
674 2843 704 2894 et
717 2835 901 2894 descendisse
916 2835 952 2893 de
967 2835 1050 2894 coelo.

319 2918 361 2976 ΙΙ.
384 2914 546 2977 Orthodoxi
561 2915 688 2992 Raptum
703 2915 780 2974 hunc
791 2915 898 2974 Christi
911 2915 942 2972 in
956 2914 1061 2973 coelum
1070 2921 1207 2990 tunquam
1217 2933 1295 2972 mere
1304 2913 1446 2990 fictitium,
1458 2923 1489 2974 et

276 2997 409 3076 nuspiam
424 2997 453 3054 in
470 2994 617 3072 Scriptura
631 2993 768 3054 traditum
783 2995 925 3072 rejiciunt,
941 3005 970 3053 et
983 3013 1042 3052 non
1065 2993 1154 3051 alium
1178 2993 1349 3053 descensum
1362 2994 1399 3054 de
1414 2995 1487 3054 coelo

276 3085 437 3154 agnoscunt
451 3078 481 3134 in
495 3075 597 3134 diebus
613 3074 714 3133 Carnis
729 3094 797 3151 sure,
812 3095 899 3153 quam
913 3073 1139 3151 metaphoricum
1152 3071 1260 3132 factum
1283 3093 1336 3152 per
1350 3073 1485 3134 Incerna·

277 3156 386 3216 tionem
400 3157 472 3232 ejus.

277 3273 516 3378 ‘’fertranu-
535 3233 645 3371 ,ur
660 3232 1485 3390 uiuereteruestttrtutuur

538 3392 716 3450 ascensionis
729 3390 815 3450 unius
838 3392 868 3449 in
891 3391 1004 3466 coelum,
1030 3397 1059 3449 et
1086 3391 1234 3467 ingressus
1256 3391 1287 3450 in
1312 3392 1483 3470 Secrerium,

276 3473 427 3546 postquam
438 3470 605 3544 resurrexit,
614 3470 691 3528 Heb.
702 3471 742 3528 ix.
751 3473 797 3545 12,
814 3470 866 3529 sed
879 3471 1067 3544 alterius,ncc
1076 3471 1144 3529 vola
1157 3491 1211 3544 nec
1219 3471 1377 3550 vestigium
1387 3491 1485 3532 occur·

275 3546 322 3606 rit.
339 3547 417 3606 Loca
430 3547 507 3606 enim
520 3569 586 3626 quse
594 3551 651 3607 huc
662 3549 816 3608 trahuntur
826 3549 883 3608 alio
894 3548 1035 3626 pertinere
1047 3558 1148 3627 postes
1156 3551 1333 3612 ostendetur.
1346 3551 1484 3626 Quaenam

275 3646 345 3686 vero
360 3627 467 3686 silentii
481 3627 565 3686 istius
578 3648 666 3688 causa
678 3647 742 3686 esse
756 3629 858 3705 potuit,
874 3629 899 3688 si
912 3648 1013 3688 revera
1026 3630 1156 3707 contigit,
1167 3651 1232 3688 cum
1242 3631 1298 3690 hoc
1312 3651 1371 3690 non
1383 3651 1485 3709 parum

276 3706 382 3766 faceret
396 3706 433 3764 ed
448 3707 703 3765 commendandam
719 3707 825 3766 Christi
839 3707 1023 3768 doctrinam?
1043 3709 1102 3768 Cur
1113 3709 1211 3787 potius
1221 3711 1352 3771 meminit
1360 3711 1484 3771 subduc·

276 3786 363 3846 tionis
379 3785 486 3845 Christi
499 3807 516 3844 a
530 3787 685 3845 Tentatore
699 3787 729 3844 in
744 3788 890 3846 excelsum
905 3797 1040 3863 montem,
1056 3809 1143 3865 quarn
1156 3799 1256 3867 raptus
1264 3791 1328 3868 ejus
1339 3793 1369 3850 in
1379 3791 1484 3850 coelum

276 3867 313 3924 ab
323 3865 385 3943 ipso
393 3865 475 3924 Deo?
496 3865 557 3925 Nec
571 3866 618 3924 hic
632 3866 785 3926 dicendum
798 3868 1003 3945 Evangelistas
1017 3887 1075 3926 non
1089 3889 1262 3929 memorasse
1273 3879 1387 3948 raptum
1397 3871 1484 3930 istum

277 3946 345 4023 quia
359 3946 433 4004 clam
448 3945 541 4004 factus
555 3956 599 4005 est
614 3947 814 4024 etnonpulam,
830 3948 886 4025 ipsi
892 3957 987 4006 eutem
998 3957 1157 4008 memorent
1171 3968 1206 4007 ea
1215 3970 1280 4026 quse
1291 3951 1428 4010 viderunt
1437 3951 1484 4010 vel

275 4025 465 4102 audiverunt3
478 4025 552 4100 Quia
566 4026 608 4084 sic
621 4026 768 4085 reticenda
782 4028 867 4087 etiam
883 4036 960 4086 esset
969 4027 1141 4086 resurrectio
1150 4028 1266 4104 Christi,
1278 4049 1344 4107 quoe
1355 4030 1431 4089 facta
1440 4039 1485 4090 est

275 4107 388 4164 nemine
402 4114 543 4183 praesente
554 4106 610 4164 nisi
624 4107 801 4181 custodibus,
817 4126 871 4166 nec
886 4107 1043 4166 Matthaeus
1067 4107 1349 4186 transfigurationem
1369 4129 1483 4168 umere

272 4185 423 4264 potuisset,
438 4187 522 4262 cujus
535 4185 597 4263 ipse
610 4187 734 4252 atrine
744 4207 802 4245 non
817 4195 886 4245 eret.
909 4185 1020 4244 Referri
1033 4206 1103 4264 ergo
1118 4187 1279 4248 debuerunt
1302 4209 1360 4249 non
1375 4183 1483 4268 simpli-

274 4267 345 4324 citer
359 4284 423 4342 quae
438 4265 570 4324 viderant
583 4265 639 4342 ipsi
652 4277 682 4325 et
696 4265 873 4340 audiverant,
890 4265 941 4324 sed
955 4285 1019 4342 quse
1033 4285 1051 4324 a
1067 4265 1174 4343 Spiritu
1191 4268 1221 4326 S.
1233 4267 1304 4346 ipsis
1313 4269 1482 4330 revelaban-
1581 4279 1582 4316 ἒ

274 4353 322 4404 tur
336 4344 371 4403 de
386 4344 477 4422 gestis
492 4345 607 4419 Christi,
623 4365 687 4422 qum
702 4345 846 4404 faciebant
860 4343 898 4402 sd
911 4343 1122 4404 institutionem
1143 4346 1283 4408 fidelium.

316 4424 370 4482 IV.
395 4424 536 4500 Secundo,
545 4425 676 4484 Christus
690 4444 749 4482 non
763 4423 844 4500 eguit
856 4423 912 4482 hoc
925 4433 1009 4501 raptu
1018 4424 1258 4502 adcognitionem
1270 4427 1481 4506 mysteriorum,

274 4504 336 4564 Nec
348 4504 505 4562 secuudum
519 4515 651 4562 naturam
666 4503 803 4576 divinem,
819 4502 887 4579 quia
907 4513 969 4562 eret
982 4503 1062 4576 hiem
1078 4505 1180 4581 Patris,
1196 4507 1218 4566 J
1220 4507 1266 4566 oh.
1282 4508 1342 4582 i.1,
1357 4507 1482 4585 quierat
1581 4563 1582 4590 ,

272 4585 303 4642 in
318 4584 384 4642 sinu
398 4584 469 4659 ejus,
485 4583 592 4660 quique
605 4583 671 4642 ideo
686 4583 782 4642 omnia
796 4582 860 4660 ejus
874 4602 979 4642 arcena
991 4594 1143 4662 perspecta
1156 4584 1290 4661 habebat,
1303 4587 1364 4646 Nec
1379 4607 1480 4647 secun·
1581 4617 1582 4636 ι

273 4662 342 4721 dum
356 4668 488 4722 naturum
507 4661 671 4739 humanam,
687 4661 755 4739 quia
765 4661 853 4739 juxte
877 4681 941 4722 eam
961 4663 1073 4742 accepit
1097 4665 1237 4743 Spiritum
1261 4666 1323 4726 eine
1347 4685 1482 4727 mensure
1581 4671 1582 4724 Τ
