3146 5210
233 357 292 414 408
635 390 726 432 rocus
741 391 871 435 oremus
886 395 1033 444 ausurus.
1238 371 1364 455 [arasa.
1381 388 1445 429 xiv.

236 517 289 606 sed
295 535 353 590 pra
369 519 409 593 iis,
426 541 494 596 quos
508 526 577 584 miti
588 531 697 589 dedica.
749 533 821 592 Cum
838 555 907 595 vero
928 557 1028 614 preces
1049 535 1135 595 alieni
1155 532 1329 611 impendere,
1352 530 1447 589 muliO

237 612 333 652 murus
347 598 385 656 sit
395 621 482 676 quam
497 609 666 684 sanguinem
682 621 711 670 et
721 614 812 672 vitam
823 616 899 693 darc,
913 618 977 694 quis
988 617 1095 675 dixerit
1109 635 1174 674 eum
1189 633 1240 690 pro
1252 613 1288 671 iis
1299 621 1444 670 mortuum
1549 633 1550 682 i

238 692 310 749 esse,
326 679 431 752 quibus
445 703 544 758 preces
556 707 622 748 snas
637 691 782 768 denegat?
796 697 843 754 vel
855 717 919 755 eum
935 697 1143 774 denegaturum
1158 695 1246 753 luisse
1260 711 1362 770 preces
1377 691 1445 764 illis,

237 752 268 845 {¹¹
282 773 403 848 qPOTUffl
422 763 545 855 gratiam
565 771 735 846 sanguinem
756 774 850 851 ipsum
869 778 1041 854 profundere
1060 776 1162 850 voluit,
1178 794 1211 832 eo
1226 780 1374 830 momento
1389 790 1447 848 quo
1549 789 1550 858 ,

233 851 356 911 jamjam
371 851 526 902 moriturus
540 852 623 907 erat?

279 913 391 978 XXII.
408 921 468 980 Nec
483 924 530 983 hic
544 927 698 989 dicendum
712 953 778 991 eum
793 935 1073 1012 Remonstrantibus,
1086 934 1264 1012 “Dupliccm
1276 932 1339 990 dari
1350 932 1446 990 Inter·
1549 947 1550 984 ι

238 994 395 1088 cessionem
417 1001 532 1080 Christi,
555 1008 641 1066 aliam
655 1012 856 1091 universalem,
878 1037 943 1093 quae
959 1019 996 1075 sit
1008 1037 1084 1094 resp.
1098 1017 1187 1074 totius
1201 1012 1310 1087 mundi,
1327 1011 1364 1070 de
1380 1031 1445 1088 qna,
1549 1037 1550 1088 p

239 1071 767 1170 Isffzlfll·12230⁰1¹¹1d11mquampr0
786 1098 1018 1171 persecutoribus
1039 1097 1099 1155 suis
1118 1113 1215 1154 arasse
1233 1093 1349 1169 legitur,
1376 1091 1447 1149 Luc.
1549 1089 1550 1108 ¹

238 1172 321 1246 xxm.
338 1159 385 1229 34,
407 1160 492 1218 aliam
515 1167 725 1248 particularem,
747 1194 811 1250 quaa
826 1177 864 1234 sit
877 1197 952 1254 resp.
967 1177 1105 1251 fidelium,
1121 1176 1157 1234 de
1172 1194 1228 1251 qua
1245 1181 1358 1250 agatur,
1375 1172 1398 1231 J
1400 1172 1445 1229 oh.

238 1250 310 1290 xvn.
323 1244 351 1293 et
363 1237 447 1298 Rom.
459 1241 540 1301 viii.'’
564 1247 742 1326 Supponitnr
756 1255 831 1312 enim
847 1256 908 1314 sine
922 1259 1041 1332 ratione,
1053 1257 1116 1314 dari
1131 1255 1373 1313 Intercessionem
1384 1253 1446 1310 uui-

237 1315 389 1374 versalem.
427 1320 468 1379 Ut
482 1324 558 1382 enirn
573 1347 685 1406 semper
699 1334 853 1393 exauditur
864 1356 881 1394 a
892 1337 987 1411 Patre,
1003 1337 1072 1396 Joh.
1085 1337 1125 1394 xi.
1141 1339 1188 1409 42,
1205 1335 1230 1392 si
1243 1353 1295 1410 pro
1310 1331 1448 1391 omnibus
1549 1315 1550 1330 ³

238 1389 436 1488 intercederet,
459 1421 558 1463 omnes
573 1417 639 1466 actu
654 1411 843 1472 salvarentur.
886 1417 946 1475 Nec
960 1419 1016 1475 hoc
1030 1416 1180 1489 evincitur,
1194 1414 1251 1472 Vel
1265 1433 1304 1471 cx
1319 1413 1379 1470 Isa.
1394 1412 1446 1469 liii.

241 1474 286 1546 12,
303 1474 473 1538 ubidicitur
493 1485 609 1560 quidem
630 1490 839 1552 intercessurus
860 1516 911 1572 pro
933 1497 1134 1571 defectoribus
1156 1515 1215 1553 nan
1234 1511 1286 1571 pro
1301 1493 1445 1565 omnibus,

130 1565 133 1572 ’
238 1552 291 1610 sed
303 1573 355 1630 ΡΥΟ
370 1560 469 1618 multis
482 1562 550 1639 illis,
573 1587 693 1642 quornm
715 1575 822 1632 mentio
837 1576 878 1633 ibi
891 1577 933 1650 fit,
949 1587 978 1636 et
992 1597 1064 1653 quos
1079 1575 1239 1654 justificare
1253 1573 1370 1647 dicitur,
1386 1591 1446 1630 ver.

240 1633 286 1708 lla
311 1634 367 1694 Vel
382 1658 420 1696 ex
435 1641 505 1701 Luc.
531 1647 615 1706 xxiii.
641 1653 689 1725 34,
733 1653 794 1712 Nee
808 1655 885 1714 enim
900 1665 963 1715 orat
976 1677 1028 1734 pro
1043 1656 1177 1714 omnibus
1198 1653 1445 1730 crucifigentibus,

238 1712 290 1770 sed
303 1734 355 1809 pra
366 1718 402 1777 iis
414 1722 463 1797 qui
477 1726 635 1798 peccabant
649 1751 687 1788 ex
701 1730 872 1811 ignorantia,
888 1745 921 1796 ut
934 1737 1042 1795 ibidem
1054 1735 1185 1794 Christus
1199 1734 1289 1810 addit,
1304 1733 1354 1809 qui
1371 1733 1446 1790 fruc·

237 1799 399 1855 tumebam
414 1802 551 1863 orationis
566 1808 759 1888 obtinuerunt,
773 1813 841 1874 Aet.
855 1815 885 1874 ii.
901 1826 930 1876 et
943 1817 984 1875 iii.
1026 1817 1087 1874 Nec
1102 1816 1126 1873 si
1142 1815 1274 1873 Christus
1287 1833 1326 1871 ex
1339 1811 1448 1872 affeetu

236 1871 370 1953 hnmana,
388 1889 417 1938 et
431 1901 468 1940 ex
482 1884 630 1946 charitatis
651 1889 777 1967 impulsu
792 1905 926 1971 precatus
946 1896 1048 1955 fuisset
1069 1896 1155 1955 etiam
1176 1913 1228 1972 pra
1247 1893 1446 1972 pereuntibus,

238 1965 405 2042 sequeretur
418 1981 517 2036 preces
533 1967 762 2048 Intercessorias,
785 1993 928 2053 quasque
943 1976 1088 2035 Mediator
1102 1975 1214 2052 obtulit,
1231 1983 1260 2033 et
1274 1993 1312 2031 cx
1327 1973 1447 2050 speciali

236 2030 288 2088 illo
308 2035 417 2112 Officio,
440 2042 574 2104 debuisse
589 2049 627 2106 ad
640 2049 713 2109 alios
727 2055 853 2131 extendi,
876 2077 963 2133 quam
984 2057 1021 2114 ad
1043 2058 1160 2114 Eiectos
1175 2065 1203 2114 et
1217 2055 1301 2112 datas
1315 2073 1333 2111 a
1348 2053 1447 2128 Patre,

236 2109 274 2168 ad
288 2133 361 2188 qnos
375 2137 424 2176 eas
439 2123 587 2201 restringit
602 2129 662 2204 ipse
678 2131 818 2193 Christus,

278 2191 408 2287 2525111.
440 2200 500 2258 Nee
520 2206 622 2265 melius
644 2210 782 2287 elabetur,
805 2214 856 2291 qui
877 2215 991 2290 dixerit,
1014 2215 1130 2274 excludi
1151 2223 1295 2274 tantuma
1310 2213 1447 2290 precibus

238 2267 344 2360 cerasa
358 2277 497 2338 Mundam
513 2286 736 2366 Incrcdalaram,
755 2293 805 2368 qni
819 2313 885 2354 reus
899 2305 943 2355 eet
957 2297 1056 2374 rejecti
1072 2295 1235 2372 Evangelii,
1251 2301 1280 2352 et
1294 2293 1447 2352 credentes

236 2347 304 2440 ⁰d¹q
325 2352 506 2450 habeis-,yet
524 2366 570 2438 14,
586 2367 637 2424 sed
658 2388 716 2427 non
739 2371 881 2432 Mundum
895 2395 913 2433 a
928 2377 991 2434 Deo
1006 2377 1152 2449 dilectum,
1175 2375 1221 2433 cui
1236 2374 1344 2432 Filium
1359 2393 1446 2432 snum

237 2425 326 2502 d⁰d¹i2
342 2431 411 2493 Joh.
427 2457 467 2494 ιιι.
485 2442 531 2498 16.
574 2444 635 2503 Nec
657 2449 713 2506 alio
734 2451 852 2510 tendere
873 2474 973 2531 preces
994 2456 1073 2529 istas,
1096 2475 1183 2532 quam
1202 2455 1240 2512 ad
1254 2453 1446 2513 obtinendum

237 2502 344 2600 d⁰¹lu¹¹¹
366 2522 587 2588 perseverantia,
610 2545 661 2601 pro
683 2529 828 2589 fidelibus
879 2534 953 2608 Quia
973 2555 1039 2594 enm
1062 2535 1190 2593 Mundus
1209 2534 1263 2593 iste
1282 2542 1449 2610 opponatur

236 2584 312 2681 datrs
326 2610 344 2647 a
359 2591 452 2689 Patre·
458 2618 509 2674 per
523 2602 700 2684 electionem,
721 2612 882 2671 necessario
898 2614 984 2673 debet
997 2615 1115 2674 extendi
1130 2615 1168 2672 ad
1182 2633 1281 2672 omnes
1294 2613 1444 2691 reprobos,
1549 2617 1550 2666 l

236 2683 286 2758 qur
310 2689 376 2765 non.
393 2674 454 2734 datr
478 2690 545 2740 sunt
570 2683 693 2763 Christe,
714 2691 918 2752 antecedenter
937 2695 975 2752 ad
996 2715 1094 2753 eorum
1115 2695 1354 2769 incredulitatem,
1382 2695 1446 2751 sive

236 2750 377 2810 rneredulr
393 2776 464 2846 'esse
488 2759 639 2824 debuerint
667 2769 830 2847 Evangelio
855 2774 909 2832 sibi
938 2775 1044 2850 oblata,
1070 2776 1132 2835 sive
1162 2775 1217 2833 Rei
1244 2781 1356 2832 tantum
1379 2775 1444 2831 vio·

235 2825 302 2886 latae
327 2831 416 2910 Leg1s
438 2847 556 2901 naturae.
608 2845 647 2905 Et
671 2869 735 2908 cnm
760 2853 923 2928 reprobatio
948 2855 998 2913 illa
1022 2856 1059 2913 ab
1084 2864 1191 2914 aeterno
1216 2853 1291 2912 facta
1316 2855 1361 2929 sit,
1384 2873 1445 2911 nou

234 2917 390 2982 potuerunt
412 2937 538 2995 unquam
563 2923 647 2984 aliter
671 2931 846 2990 considerari
866 2953 883 2990 a
905 2935 977 2994 Deo.
1030 2935 1092 2994 Nee
1120 2935 1258 3010 Mundus,
1287 2953 1373 3011 qnam
1400 2935 1444 2992 di·
1549 2929 1550 2932 ¹

235 2986 343 3081 lenisse
372 2995 452 3056 Deus
481 3000 586 3063 dicitur
606 3007 642 3064 ad
664 3009 791 3070 dandum
820 3013 926 3071 llilium
949 3035 1042 3089 sunm,
1066 3015 1162 3074 obstat
1182 3015 1249 3073 hnic
1271 3015 1443 3089 exclusioni,

235 3081 355 3163 q¹l¹³.¹¹l
370 3095 426 3167 suo
447 3078 510 3138 loco
526 3083 629 3162 visum,
652 3107 710 3147 nou
730 3093 896 3151 extenditur
909 3095 947 3152 ad
961 3115 1059 3153 omnes
1074 3104 1103 3153 et
1118 3096 1256 3173 singulos,
1280 3095 1332 3152 scd
1352 3095 1443 3152 indis-

236 3163 414 3248 criminatrm·
426 3157 463 3215 ad
484 3161 609 3224 Electae.
660 3169 721 3229 Nec
736 3171 760 3229 si
774 3193 826 3249 pro
844 3173 995 3250 Apostolis
1012 3175 1074 3253 jam
1096 3175 1279 3234 credentibus
1299 3184 1443 3251 precatur,

235 3234 380 3306 poscendo
395 3255 430 3294 us
444 3246 665 3313 perseverentiae
680 3249 795 3326 donum,
819 3255 948 3330 sequitur
962 3275 1013 3332 pro
1028 3255 1162 3313 fidelibus
1176 3265 1286 3314 tantum
1305 3275 1363 3332 qua
1378 3256 1444 3314 tali-

235 3309 291 3400 bus
305 3319 333 3368 ct
347 3329 556 3392 consequenter
569 3324 606 3381 ad
621 3346 718 3385 corum
733 3330 819 3389 fidem
834 3335 945 3408 precari
954 3357 961 3410 ς
983 3334 1041 3393 imo
1056 3355 1121 3393 eum
1136 3357 1187 3413 pro
1203 3335 1336 3393 onmibns
1351 3335 1443 3394 credi·

235 3397 308 3446 l¹¹f¹⁶
320 3400 389 3466 Olet,
398 3413 457 3452 Vel·
468 3401 512 3472 19,
521 3403 568 3476 21,
582 3405 599 3436 “
610 3405 651 3464 Ut
661 3410 875 3469 sanctificentur
882 3413 913 3470 in
924 3415 1053 3489 veritate,
1061 3424 1090 3474 ct
1101 3415 1131 3473 in
1141 3437 1230 3474 unum
1240 3435 1443 3473 consummen-

237 3471 312 3542 tur,''
328 3491 381 3530 nec
395 3476 487 3549 possit
500 3478 554 3536 hoc
570 3483 631 3541 sine
646 3485 722 3545 dono
737 3489 804 3548 fidei
818 3491 888 3567 fieri,
902 3493 988 3553 debet
1002 3495 1086 3552 fidem
1103 3495 1161 3554 illis
1176 3495 1332 3572 approeari.
1354 3495 1443 3554 Adde
1549 3555 1550 3558 ,

236 3549 314 3627 quod
328 3571 393 3644 oum
403 3573 433 3612 se
445 3559 623 3646 sanctificare
638 3564 715 3625 dicat
728 3587 780 3645 pro
795 3567 838 3646 iis,
851 3581 923 3632 utet
940 3574 994 3650 ipsi
1009 3575 1256 3634 sanctificarentur
1268 3575 1298 3632 in
1309 3576 1442 3650 veritate,

235 3649 288 3688 nec
303 3633 557 3696 sanctificationem
579 3641 663 3702 istam
685 3659 855 3726 assequatur
868 3651 897 3710 in
912 3655 977 3712 aliis
992 3673 1076 3731 quam
1093 3655 1210 3730 Electis,
1233 3676 1285 3733 pro
1299 3654 1357 3713 illis
1373 3656 1443 3714 solis

235 3730 335 3788 preces
353 3711 424 3771 istas
444 3719 609 3809 concepisse
628 3729 789 3788 censendus
809 3740 861 3808 est,
878 3734 914 3791 ad
935 3734 1003 3792 fidei
1017 3743 1047 3793 et
1061 3743 1228 3794 caeterorum
1245 3735 1386 3794 donorum
1405 3736 1442 3794 ad

236 3791 358 3850 salutem
372 3813 598 3858 necessariorum
613 3805 803 3887 largitionem,
820 3821 848 3870 ct
862 3815 1114 3891 perseverentiam.

538 3879 663 3944 XXIV.
687 3888 803 3966 Quarto,
827 3893 874 3951 Ex
896 3895 1133 3970 inseparabilitate
1154 3895 1223 3954 doni
1234 3895 1310 3970 Filii,
1332 3904 1359 3952 et
1375 3895 1445 3954 doni

235 3954 256 3998 4·
272 3957 310 4028 E.¹
328 3960 474 4034 inseparati·
496 3959 619 4035 Spiritus
639 3968 745 4028 Sancti.
797 3973 869 4031 Cum
891 3975 968 4032 enim
988 3976 1046 4033 dna
1061 3976 1117 4035 ista
1131 3975 1207 4034 dana
1221 3977 1348 4034 omnium
1368 3995 1440 4051 prae·

271 4017 342 4128 iffi
351 4019 475 4136 ,ἶζῗιεξξζ
495 4042 672 4104 stantissima
685 4068 703 4106 a
718 4049 781 4109 Deo
800 4052 884 4111 nobis
898 4053 966 4113 data
982 4056 1040 4114 sint
1059 4054 1096 4113 ad
1119 4057 1249 4130 salutem,
1272 4064 1302 4114 et
1320 4057 1440 4132 conjon-

271 4139 336 4180 rnns
353 4137 395 4190 S.;
495 4137 600 4206 gantur
620 4129 777 4189 identidem
792 4133 820 4190 in
839 4133 994 4210 Scriptura,
1015 4143 1048 4194 ut
1068 4155 1154 4193 causa
1176 4144 1205 4195 et
1226 4136 1353 4206 effectae,
1370 4137 1440 4194 Joh.

496 4211 556 4268 xvi.
573 4216 600 4287 7,
618 4212 683 4270 Gal.
698 4210 738 4270 iv.
753 4215 781 4286 4,
798 4215 825 4288 6,
848 4213 933 4272 Rern.
948 4214 1009 4274 viii,
1035 4217 1062 4290 9,
1081 4218 1095 4273 l
1112 4217 1182 4275 Joh.
1199 4215 1240 4275 iii.
1263 4220 1311 4290 et,
1335 4215 1442 4275 debent

234 4288 354 4366 aequalis
373 4309 436 4348 esse
458 4291 619 4350 latitudinis
634 4299 663 4349 et
676 4291 739 4367 pari
757 4311 845 4369 passu
865 4293 1017 4368 incedere;
1039 4304 1072 4354 ut
1086 4316 1144 4353 non
1158 4317 1210 4372 pro
1224 4297 1289 4354 aliis
1304 4296 1389 4354 datus
1404 4297 1442 4354 sit
1549 4351 1550 4366 ,

235 4369 328 4427 Filius
343 4369 380 4427 ad
394 4370 597 4446 acquirendam
613 4371 743 4444 salntem,
759 4373 966 4449 quamquibus
980 4373 1066 4432 datur
1081 4375 1205 4453 Spiritus
1220 4376 1257 4433 ad
1271 4397 1335 4434 cam
1349 4376 1441 4452 appii·
1549 4377 1550 4440 J

233 4449 364 4509 eandam.
415 4450 476 4508 Nec
497 4451 557 4508 ulla
578 4450 659 4508 reddi
680 4449 772 4527 possit
792 4451 874 4526 ratio,
897 4472 950 4511 eur
968 4454 1060 4530 major
1074 4455 1111 4514 sit
1126 4457 1258 4514 extensio
1273 4455 1340 4513 doni
1362 4455 1439 4530 Filii,
1549 4477 1550 4524 ᾗ

233 4549 319 4605 quam
335 4529 403 4586 doni
420 4530 551 4606 Spiritus.
582 4532 702 4589 Constat
715 4538 810 4588 autem
828 4531 966 4608 Spiritum
980 4552 1039 4591 non
1053 4535 1187 4594 omnibus
1201 4535 1273 4610 dari,
1288 4536 1340 4594 sed
1355 4535 1441 4593 Elec·

233 4609 270 4665 tis
291 4615 423 4682 tantnm;
447 4610 526 4686 Ergo
543 4609 635 4666 Filius
649 4629 706 4668 non
722 4629 773 4686 pro
788 4609 852 4668 aliis
867 4629 930 4670 sese
945 4612 1059 4672 Vadam
1081 4616 1182 4674 sistere
1204 4614 1312 4691 debuit,
1328 4624 1361 4673 ut
1374 4614 1437 4672 har·

233 4687 330 4744 monia
350 4685 466 4746 daretur
483 4689 654 4765 interopius
670 4690 746 4766 Filii,
762 4699 878 4768 etopus
894 4691 1019 4770 Spiritus
1035 4695 1065 4753 S.
1117 4696 1216 4773 Atque
1237 4696 1294 4755 hnc
1315 4695 1441 4773 pertinet
