3202 5194
222 359 279 418 142
675 373 767 416 cocus
781 370 962 416 nascamus.
1207 345 1336 430 [cuasa.
1352 367 1425 410 xxv.

218 515 329 658 {spatio
352 513 409 576 ista
430 512 507 576 facta
526 513 622 591 fuerit,
644 522 674 576 et
693 513 840 593 quomodo
860 512 899 574 sit
918 508 1117 589 intelligenda,
1132 509 1245 570 dicetur
1257 508 1289 568 in
1302 527 1425 588 sequen·

263 617 306 657 us.

217 714 390 774 mmm„
409 729 459 760 ma
522 674 565 735 X.
580 675 779 754 Atropatioais
792 681 889 734 autem
903 672 987 732 istius
1001 673 1099 731 modus
1113 677 1143 730 ct
1157 678 1264 748 tempas
1277 668 1423 747 inquiren.

253 775 298 818 aus
308 777 415 820 nonar.
480 753 549 814 dum
563 764 617 816 est.
657 757 762 816 Modus
773 753 939 827 attenditur,
950 752 1043 830 primo
1057 753 1217 828 quaadjus,
1239 750 1356 828 quando
1370 752 1425 810 tol·

275 831 312 878 ΒΘ
323 832 387 890 jure.
479 836 550 895 litur
562 836 608 896 vis
623 835 712 913 Legis
726 843 755 895 et
768 834 986 894 fundamentum
1001 831 1196 909 obligationis,
1217 831 1297 909 quod
1317 829 1426 891 sactum

217 924 262 976 ost
282 937 333 996 per
348 917 455 978 Glanati
466 925 583 977 mortem
603 915 634 974 in
654 935 712 994 qua
732 913 874 994 siquidem
889 913 1005 990 dolavit,
1026 933 1080 972 nec
1100 920 1213 972 tantum
1234 911 1351 986 delevit,
1375 913 1427 972 sed

217 995 370 1076 discerpsit
392 997 508 1075 penitus
530 996 753 1074 chirographum
776 995 861 1054 nobis
882 993 1065 1068 contrarium,
1095 991 1172 1052 facta
1201 991 1313 1052 scilicet
1338 991 1426 1068 plena

479 1076 642 1136 debitorum
658 1075 810 1150 solutione,
826 1075 888 1134 col.
902 1074 932 1132 ii.
950 1075 996 1132 14.
1040 1072 1183 1149 Secundo,
1198 1072 1423 1149 quoadfactam,

278 1127 315 1175 ΒΘ
325 1129 397 1174 m
478 1155 594 1236 quando
608 1157 703 1234 reipsa
717 1163 748 1216 et
760 1155 796 1216 de
806 1154 883 1214 facto
899 1154 962 1212 Iscx
973 1161 1067 1212 cessat
1076 1153 1214 1230 obligare,
1224 1161 1254 1211 et
1267 1152 1425 1229 abrogatur

218 1243 350 1313 respectu
363 1235 498 1296 hominis.
521 1235 601 1295 Illud
613 1235 721 1296 factum
735 1244 780 1295 est
794 1235 880 1294 simul
895 1243 923 1293 et
938 1233 1035 1309 semel,
1052 1232 1118 1292 Hoc
1132 1253 1202 1292 veru
1217 1232 1380 1292 successive
1394 1241 1425 1292 et

217 1335 269 1394 per
282 1315 407 1392 gradus;
431 1318 468 1375 In
481 1316 532 1376 illo
546 1316 696 1393 abrogatio
710 1315 787 1376 facta
800 1313 999 1374 sarmatario
1012 1321 1042 1372 et
1055 1313 1214 1390 wmaiiter,
1237 1313 1275 1370 In
1287 1311 1343 1372 isto
1356 1315 1424 1388 for·

217 1395 329 1454 metita
343 1403 372 1454 et
385 1397 514 1471 ascenae.

258 1475 319 1534 XI.
342 1475 421 1535 Hinc
444 1478 501 1536 tria
523 1475 667 1553 Tempora
694 1474 928 1535 ceremoniarum
953 1481 1088 1534 accurate
1108 1479 1177 1533 suut
1200 1470 1423 1550 distinguenda:

217 1554 343 1634 primum
357 1575 414 1632 quo
427 1557 506 1632 υἰυω,
522 1555 680 1616 secundum
691 1575 749 1634 quo
762 1565 888 1630 mortua,
903 1555 1021 1614 tertium
1030 1553 1263 1630 quomortisaroe:
1283 1551 1422 1626 Primum,

217 1635 328 1694 ratione
351 1636 527 1695 institutiones
549 1637 659 1712 diana,
686 1655 744 1714 quo
759 1635 845 1694 modo
858 1635 975 1695 fuerunt
995 1653 1053 1693 non
1067 1633 1153 1694 modo
1167 1631 1263 1706 licita,
1278 1630 1331 1690 sed
1344 1633 1424 1690 utilas

218 1724 248 1774 et
260 1716 425 1775 messam
438 1717 493 1776 sub
505 1716 542 1776 V.
553 1716 598 1791 T,
611 1736 668 1792 quo
684 1735 771 1776 sensu
785 1715 965 1774 circumcisio
976 1714 1137 1774 celebretur
1149 1720 1183 1773 ut
1196 1712 1324 1789 sigillum
1336 1711 1423 1788 justi·

217 1794 265 1854 tiae
279 1794 356 1873 fidei,
373 1797 457 1856 Rom.
473 1797 512 1856 iv.
530 1799 576 1872 11,
601 1804 631 1855 et
651 1796 694 1855 illi
713 1815 852 1873 maguum
872 1795 1058 1872 privilegium
1070 1793 1214 1868 tribuitur,
1238 1793 1322 1852 Rom.
1337 1792 1378 1852 iii.
1393 1797 1422 1868 2,

217 1874 296 1950 quod
310 1895 328 1933 a
340 1876 403 1954 pari
417 1876 482 1936 aliis
496 1875 674 1936 ceremoniis
687 1875 826 1954 applicari
843 1883 954 1952 potest:
977 1873 1151 1949 Secundum,
1166 1873 1276 1933 ratione
1290 1898 1420 1945 muan-

217 1951 310 2020 tau.
325 1964 354 2015 et
367 1957 524 2016 wkractiae
536 1958 674 2032 bamanoe,
690 1975 748 2033 quo
761 1953 848 2015 modo
862 1955 1008 2034 abrogata
1029 1954 1091 2031 jam
1105 1953 1142 2012 dc
1159 1954 1226 2032 jure
1239 1973 1291 2030 per
1304 1963 1426 2014 mortem

218 2035 335 2112 Christi,
361 2036 445 2094 iactae
473 2043 541 2094 suut
561 2045 681 2095 mortua
702 2045 732 2095 et
752 2035 925 2113 adiaphoros,
948 2054 1013 2112 quoe
1035 2042 1190 2112 potuerunt
1211 2041 1309 2093 tamtm
1329 2033 1424 2094 adhuc

218 2114 387 2192 aliquandiu
411 2115 559 2175 observari
579 2115 618 2174 ad
637 2113 792 2175 lucrandos
812 2114 934 2175 Judaeos
958 2113 1095 2189 infirmos,
1120 2113 1206 2172 modo
1227 2113 1259 2172 id
1281 2113 1364 2174 fieret
1387 2133 1425 2174 cx

218 2194 357 2254 charitate
371 2203 493 2268 tantum,
504 2213 563 2253 uon
573 2214 644 2254 vcro
654 2215 693 2254 ex
706 2195 892 2256 necessitates
907 2194 1045 2270 Tertium,
1056 2201 1190 2271 respectu
1198 2195 1300 2254 dacus
1307 2196 1424 2254 Jadcao-

217 2294 283 2332 rum
297 2281 325 2332 et
338 2275 671 2350 Pseudo-Apostolorum,
686 2293 704 2334 a
717 2274 824 2353 quibus
836 2275 1013 2353 urgebantur
1027 2275 1081 2334 sub
1096 2273 1266 2351 Evangelio,
1289 2283 1426 2352 tauquam

219 2351 257 2410 ad
272 2353 395 2412 salutem
409 2354 588 2431 necessaria,
604 2373 669 2413 cum
684 2355 818 2432 opinione
832 2355 936 2431 meriti,
952 2373 1010 2432 quo
1023 2363 1109 2432 paeto
1123 2353 1207 2414 factas
1222 2362 1289 2414 sunt
1301 2355 1424 2414 lethales

218 2440 248 2492 ct
261 2433 423 2492 mortifera.
467 2433 569 2508 Quoad
579 2434 711 2512 primum,
724 2435 906 2495 celebrantur
919 2443 952 2494 ut
965 2435 1135 2494 neccssaria
1148 2455 1187 2495 ex
1201 2435 1257 2494 Dei
1271 2444 1423 2512 precepto.

219 2511 323 2587 Quoad
337 2512 504 2587 secundum,
520 2514 720 2592 deprimuntur
733 2523 766 2575 ut
778 2535 826 2574 res
838 2515 923 2574 nihili
944 2523 973 2574 ct
994 2513 1200 2590 indifferentes,
1216 2517 1232 2572 1
1249 2513 1357 2574 (ierint.
1373 2515 1423 2573 vii.

220 2594 267 2666 19,
293 2591 379 2652 Rom.
400 2593 462 2652 xiv.
484 2597 512 2654 3.
534 2597 563 2656 t.
605 2594 707 2670 Quoad
728 2595 853 2670 tertium,
869 2595 1042 2654 damnantur
1062 2603 1095 2655 ut
1115 2594 1246 2654 exitiales
1268 2602 1297 2652 et
1318 2595 1422 2670 noxias,

218 2672 286 2731 Gal.
301 2691 330 2731 v.
345 2675 374 2732 4.
417 2673 546 2734 Primm
565 2675 746 2753 protenditur
766 2696 784 2735 a
804 2675 952 2735 sanctione
967 2674 1056 2751 Legis
1076 2695 1168 2752 usqne
1181 2673 1219 2732 ad
1232 2681 1345 2750 tempus
1359 2669 1423 2754 iasp-

218 2753 308 2818 θύσας
329 2761 359 2813 et
382 2762 503 2814 mortem
527 2755 653 2831 Christi,
677 2755 842 2816 Secundum
866 2763 995 2815 amortc
1011 2755 1117 2815 Christi
1141 2752 1284 2831 usquead
1307 2752 1423 2830 plenam

219 2833 377 2910 Evangelii
391 2843 421 2894 et
433 2833 575 2895 libertatis
590 2835 761 2896 Christianos
775 2835 1050 2911 manifestationem
1072 2835 1201 2894 Tertium
1215 2833 1252 2893 ab
1267 2833 1423 2911 Evangelii

217 2913 449 2992 promulgatione
462 2922 491 2973 et
505 2914 699 2976 destructione
713 2917 827 2994 Templi
841 2915 978 2976 adfinem
992 2915 1103 2975 mundi.

258 2993 336 3052 XII.
361 2994 434 3053 Hac
448 3005 543 3056 autem
557 2996 716 3074 abrogatio,
731 3016 790 3056 uon
804 2996 859 3055 fait
873 2996 999 3074 simplex
1012 2997 1133 3070 abolitio,
1148 3015 1199 3074 per
1212 3013 1299 3071 quam
1313 2993 1424 3072 aliquid

217 3073 259 3134 ita
272 3073 378 3134 desinit
392 3093 464 3150 esse,
480 3084 513 3134 ut
526 3075 599 3135 nihil
619 3076 675 3154 ipsi
689 3076 832 3152 succedat,
849 3075 901 3135 sed
913 3077 1010 3153 potius
1024 3077 1222 3136 mesammatr'o
1237 3083 1266 3134 ct
1275 3073 1423 3153 perfectio,

218 3153 310 3212 Hebr.
326 3153 387 3213 viii.
403 3157 430 3230 6,
456 3174 515 3231 qua
537 3155 581 3214 illi
605 3155 684 3233 quod
704 3153 905 3234 imperfectum
927 3165 972 3216 est
992 3156 1104 3234 aliquid
1117 3155 1271 3234 perfectius
1285 3156 1424 3232 succedit,

119 3289 120 3294 ,
217 3243 303 3310 prout
313 3253 423 3294 aurorae
436 3235 534 3294 lumen
551 3235 635 3310 Solis,
651 3245 681 3296 et
694 3235 820 3295 infantili
834 3235 913 3296 aetati
926 3236 1035 3295 adulta.
1078 3236 1125 3295 Ita
1138 3237 1274 3294 nimirum
1296 3236 1424 3295 Circum-

217 3313 318 3371 cisioai
333 3315 353 3372 b
367 3313 512 3395 γςιίμμτι,
528 3315 667 3375 successit
680 3315 868 3376 Circumcisio
881 3316 912 3374 ia
926 3317 1042 3394 spiritu,
1064 3315 1201 3374 Victimis
1214 3314 1307 3373 brutis
1328 3324 1424 3373 tauro·

217 3411 282 3450 rum
296 3400 325 3451 et
338 3394 493 3469 hircorum,
501 3393 628 3453 Victima
642 3394 769 3458 coelcstis
790 3405 819 3456 et
839 3395 996 3471 rationalis,
1011 3401 1083 3474 puta
1096 3393 1203 3470 Agnus
1218 3393 1292 3466 Dei;
1315 3393 1423 3450 Immo-

217 3469 319 3529 lationi
332 3472 369 3530 ab
382 3472 498 3532 homine
513 3474 590 3532 nudo
605 3473 696 3550 lacta,
722 3497 813 3554 eoque
827 3483 985 3554 peccatore,
1010 3473 1175 3532 Immelatio
1189 3492 1207 3530 a
1221 3472 1335 3530 Christo
1348 3474 1422 3529 isar-

217 3551 304 3630 tgdap
318 3559 347 3609 et
361 3552 562 3629 sanctissimo;
585 3553 671 3614 rebus
685 3557 815 3631 terronis,
831 3576 877 3615 res
891 3555 1040 3628 coelestes;
1067 3552 1215 3611 Sacerdoti
1230 3551 1352 3624 mortali,
1368 3551 1421 3609 im·

217 3629 348 3689 mortalis
362 3639 391 3690 et
404 3631 546 3708 coelestis;
564 3633 733 3695 sanctuario
741 3635 887 3696 mundano
901 3642 930 3694 et
943 3632 1115 3706 manufacto,
1128 3631 1291 3690 Sacrarium
1305 3629 1423 3689 coeleste

218 3717 247 3768 ct
257 3711 454 3790 exasperabat,
476 3713 595 3789 puritati
609 3715 712 3788 carnis,
724 3717 835 3795 puritas
845 3713 1043 3789 conscientiae;
1065 3711 1157 3772 cultui
1167 3711 1275 3771 carneli
1286 3719 1316 3769 et
1326 3719 1423 3770 exter·

216 3807 264 3866 110,
280 3805 385 3871 harpam
399 3795 488 3864 ammi
503 3802 532 3853 el
546 3795 712 3872 spiritualia,
729 3797 812 3855 Rom.
825 3795 875 3854 xii.
893 3796 919 3868 l,
938 3797 953 3852 l
970 3794 1033 3853 Pet.
1049 3793 1079 3852 ii.
1091 3795 1119 3852 5.

520 3873 616 3933 XIII.
638 3873 723 3950 Quod
736 3883 781 3935 est
802 3875 878 3953 juris
899 3874 991 3932 divini
1011 3870 1160 3947 naturalis,
1175 3879 1220 3930 est
1233 3868 1422 3945 immutabile,

252 3923 424 4030 amr..
479 3952 631 4014 anatum
653 3955 759 4032 quippe
781 3955 812 4012 in
834 3955 986 4014 amariae
1007 3953 1064 4014 na
1086 3951 1277 4026 maneum
1300 3949 1352 4009 aa
1365 3969 1425 4009 non

479 4033 586 4110 pariter
599 4033 678 4111 quod
691 4043 736 4093 est
745 4035 821 4112 juris
835 4035 928 4092 divini
941 4033 1068 4112 positivi,
1084 4032 1163 4110 quod
1178 4031 1315 4089 hrudatur
1328 4030 1359 4089 in
1380 4049 1425 4088 ar·

215 4108 302 4168 bitrio
318 4110 515 4188 legislatoris,
531 4113 581 4190 qui
595 4123 628 4172 ut
643 4113 752 4191 Legem
766 4114 847 4173 dedit
861 4115 921 4174 suis
936 4113 1087 4189 decausis,
1099 4111 1293 4190 potestatiam
1303 4119 1424 4186 mutare,

214 4188 381 4250 ailibuarit.
425 4192 488 4252 Lex
503 4193 710 4252 caeremonialia
723 4213 782 4252 non
796 4202 841 4253 est
850 4192 926 4272 juris
939 4193 1089 4270 naturalis,
1105 4192 1156 4252 sed
1171 4199 1283 4250 tantum
1297 4190 1423 4268 positivi,

215 4288 281 4345 quse
295 4289 353 4327 non
363 4269 447 4347 jussa
460 4279 505 4330 est
518 4271 586 4349 quia
595 4273 685 4348 juata,
702 4270 753 4332 scd
762 4272 844 4350 justa
857 4281 902 4334 cst
915 4273 984 4350 quia
993 4273 1086 4350 jussa.

257 4348 349 4408 XIV.
371 4349 566 4427 Abrogationi
578 4351 620 4410 Le
642 4352 667 4410 ‘s
678 4352 885 4412 ceremonialia
895 4373 954 4411 uon
965 4361 1109 4430 repugnat
1123 4350 1279 4410 amantia
1293 4349 1426 4409 stimma·

215 4427 336 4488 labilitas
349 4429 415 4506 Dei,
431 4429 570 4507 quianon
584 4373 664 4490 dedit
678 4451 739 4490 eam
756 4439 789 4491 ut
802 4439 931 4492 maneret
944 4433 974 4490 in
988 4441 1168 4510 perpensum,
1190 4430 1242 4490 sed
1255 4437 1368 4488 tanturn
1388 4427 1427 4486 ed

214 4513 337 4584 tempus,
353 4508 394 4567 ita
406 4517 440 4568 nt
454 4517 564 4569 munta
578 4510 616 4568 sit
630 4511 694 4568 Lex
709 4529 747 4568 ex
761 4511 934 4570 immutabili
946 4512 1002 4570 Dei
1016 4513 1175 4586 voluntate,
1186 4509 1236 4587 qui
1249 4528 1304 4566 nec
1318 4507 1426 4582 incepit

214 4585 291 4645 velle
305 4587 385 4664 quod
403 4589 528 4663 uolebat,
551 4609 604 4648 nec
622 4588 711 4649 desiit
723 4589 800 4648 velle
813 4590 893 4665 quod
906 4591 1033 4665 volebat,
1058 4591 1111 4649 sed
1127 4589 1166 4648 im
1186 4588 1260 4648 lavit
1273 4585 1425 4645 eonsilium

213 4667 293 4740 quod
307 4676 422 4744 ceperat
436 4667 597 4728 Ecclesiam
612 4689 694 4728 suam
705 4669 903 4728 minorenncm
912 4677 992 4729 certo
1003 4677 1131 4747 tempore
1185 4667 1192 4681 '
1205 4668 1285 4742 Lege
1296 4661 1424 4741 regendi,

1592 561 1594 596 l
