3192 5206
21 340 25 351 '
135 357 247 407 ounsr.
262 336 320 420 ιι]
496 355 536 396 nn
550 357 684 398 masona
698 357 736 398 ar
751 358 844 400 arsru
859 359 986 401 onersrr.
1282 346 1341 404 303

134 519 204 576 ergo
226 506 371 558 constaret
395 495 468 556 nihil
486 497 569 558 illum
592 498 698 558 habere
720 519 871 559 commune
885 519 951 560 cum
965 507 1091 578 peceato,
1106 501 1185 578 quod
1199 501 1344 562 ordinaria

19 628 23 645 .
134 578 321 656 generatione
335 579 365 635 in
379 597 433 636 nos
443 577 599 653 derivatur,
613 579 700 638 modo
712 580 939 638 extraordinario
950 580 1050 640 debuit
1059 582 1147 640 nasci.

174 659 252 717 XX.
276 658 309 716 Si
319 677 388 716 vero
400 657 518 732 Quaeras
528 677 594 718 eum
605 659 736 736 Virgine,
750 660 900 733 Quomodo
910 660 965 718 hoc
976 660 1037 718 fieri
1048 661 1191 737 potuerit?
1212 661 1342 739 Respon-

134 738 178 798 sio
192 738 302 815 Angeli
315 737 400 796 nobis
414 737 544 796 sufficere
563 738 657 812 debet,
674 738 780 816 “apud
794 740 888 798 Deum
903 739 1014 798 nullum
1028 740 1149 799 verbum
1159 760 1221 800 esse
1235 742 1342 818 impos·

134 819 250 893 sibile,’'
267 818 329 876 Luc
344 818 362 876 i.
379 820 427 876 dl.
444 818 462 850 “
476 817 507 876 Si
516 818 589 876 ratio
599 818 765 894 quaeritur,''
781 819 875 895 inquit
889 818 1017 896 August.
1033 819 1116 897 epist.
1134 823 1161 879 3.
1177 821 1214 878 ad
1228 821 1342 880 Volusi.

136 901 223 957 “uon
245 897 301 957 erit
318 897 472 972 mirabile;
495 897 520 956 si
534 898 699 975 exemplum
723 899 859 975 poscitur,
882 918 940 956 non
965 899 1019 957 erit
1035 899 1190 976 singulare.
1233 901 1344 959 Demus

135 978 229 1037 Deum
251 976 363 1054 aliquid
381 996 476 1053 posse,
492 977 570 1053 quod
588 996 642 1035 nos
663 977 804 1036 fateamur
822 978 997 1055 hevestigare
1011 997 1070 1036 non
1083 999 1177 1056 posse,
1192 980 1222 1037 in
1237 980 1344 1038 talibus

134 1058 229 1132 rebus,
245 1065 307 1116 tota
320 1057 394 1115 ratio
407 1055 477 1115 facti
491 1064 536 1115 cst
548 1057 678 1132 potentia
688 1056 848 1116 facientis.''
872 1058 932 1116 Nec
947 1059 1001 1116 hoo
1016 1058 1171 1118 absurdum
1186 1059 1279 1118 videri
1294 1059 1343 1118 de·

132 1138 190 1210 bet,
206 1137 255 1196 vel
269 1137 291 1196 J
292 1135 384 1195 udaeis
397 1135 446 1195 vel
457 1135 576 1208 Graecis,
586 1155 652 1194 curn
663 1136 741 1213 apud
750 1137 829 1213 ipsos
838 1138 920 1195 varia
930 1157 988 1196 non
998 1137 1094 1196 minus
1104 1139 1207 1197 rationi
1219 1139 1345 1198 absurda

134 1226 163 1276 et
182 1215 375 1294 impossibilia
394 1223 600 1293 proponantur,
623 1214 702 1292 quod
720 1217 826 1275 eximie
846 1217 1028 1294 persequitur
1042 1217 1143 1294 Cyrill.
1159 1219 1274 1278 Hieros.
1291 1219 1345 1277 Ca·

132 1304 187 1356 tec.
210 1299 257 1354 12.

133 1414 173 1460 A,
186 1414 268 1460 Mn„
282 1426 376 1472 ,emm
438 1373 533 1432 XXI.
555 1373 605 1432 Ad
616 1373 772 1433 secundam
784 1374 977 1450 Quaestionem
988 1375 1024 1434 de
1033 1375 1211 1453 Virginitate
1226 1378 1342 1455 Mane,

131 1471 230 1534 gvirgo
237 1473 377 1522 moneam
399 1454 465 1512 Nou
479 1454 617 1529 quaritur
630 1453 666 1512 de
680 1462 809 1531 tempora
826 1463 934 1532 partus,
949 1455 998 1514 vel
1016 1463 1130 1532 partum
1144 1457 1342 1517 antecedente.

154 1537 210 1588 pose
240 1535 338 1633 utsfflm
398 1534 562 1592 Consensus
575 1535 653 1592 enim
667 1543 711 1592 est
725 1534 801 1593 inter
815 1535 994 1594 Christianos
1009 1535 1160 1612 Virginem
1175 1535 1263 1595 fuisse
1278 1545 1345 1595 ante

154 1603 228 1649 quam
239 1602 270 1633 ⁸¹¹
395 1622 517 1690 partum,
533 1621 563 1672 ct
586 1613 616 1670 in
638 1621 731 1690 partu.
775 1613 833 1672 Sed
847 1615 943 1690 agitur
956 1614 992 1672 de
1006 1623 1134 1691 ternpore
1148 1624 1262 1692 partum
1277 1636 1344 1675 con-

133 1701 281 1771 sequente,
298 1691 347 1750 An
360 1701 426 1770 post
440 1701 553 1770 partum
567 1712 680 1769 semper
694 1693 786 1768 Virgo
800 1694 961 1752 manserit?
981 1694 1059 1770 quod
1073 1713 1131 1752 uon
1145 1713 1281 1772 expresse
1295 1695 1344 1753 de-

133 1772 233 1832 finitur
254 1773 285 1830 in
301 1773 456 1850 Scriptura,
470 1771 521 1831 sed
543 1773 589 1850 pie
603 1781 700 1830 tamen
714 1772 841 1830 creditur
853 1771 910 1830 fide
923 1773 1057 1847 humana,
1070 1792 1107 1831 ex
1122 1775 1228 1832 veteris
1243 1774 1344 1833 Eccle-

135 1852 184 1911 sia
195 1872 348 1928 consensu,
360 1871 414 1911 neo
427 1851 465 1910 ad
478 1852 562 1910 fidem
576 1851 652 1911 ultra
666 1871 783 1910 necesse
798 1859 850 1910 est.
874 1851 1027 1910 Probabile
1042 1852 1148 1929 quippe
1162 1861 1215 1922 est,
1229 1861 1345 1912 uterum

134 1932 233 2008 illum,
262 1932 293 1990 in
319 1951 378 2010 quo
408 1933 545 1991 Servator
571 1941 669 1990 noster
696 1930 765 1988 vitat
793 1931 920 2009 auspicia
947 1931 1074 2008 aceepit,
1103 1931 1180 1990 unde
1207 1941 1345 2010 tanquam

134 2032 171 2072 ex
185 2013 307 2089 Templo
321 2013 352 2069 in
366 2011 509 2071 Mundum
531 2012 609 2069 hune
623 2012 771 2086 ingressus
785 2018 838 2085 est,
854 2019 935 2069 tanto
950 2011 1074 2088 Hospite
1093 2011 1134 2070 ita
1147 2021 1345 2072 consecratum

134 2100 163 2151 et
176 2092 386 2151 sanctificatum
403 2091 501 2166 fuisse,
515 2099 549 2150 ut
562 2090 670 2150 intacta
683 2089 756 2148 Viro
771 2109 884 2168 semper
901 2091 1047 2167 mansen't,
1062 2111 1116 2150 uec
1130 2091 1152 2151 J
1153 2092 1278 2169 osephus
1291 2113 1345 2152 un-

135 2191 221 2248 quam
235 2191 300 2230 eam
314 2171 492 2247 cognoverit.

174 2251 288 2310 XXII.
312 2250 398 2310 Unde
422 2251 525 2309 meritc
550 2248 716 2324 Helvidius,
743 2257 772 2308 et
796 2248 1105 2326 Antidicomarianitae,
1121 2250 1163 2310 ita
1183 2251 1254 2310 dicti
1267 2253 1346 2328 quod

134 2341 231 2391 essent
241 2326 361 2389 ἀντίδικοι
373 2329 483 2404 Mariae,
499 2349 516 2387 a
531 2329 667 2387 Patribus
681 2328 937 2406 reprehenduntur,
953 2330 1032 2406 quod
1046 2331 1169 2388 Mariam
1184 2336 1222 2390 atel
1235 2333 1347 2413 vigenos

133 2412 313 2488 negaverint,
330 2417 488 2469 statuentes
503 2428 567 2467 eam
589 2416 656 2485 post
676 2418 790 2486 partum
805 2410 826 2468 J
828 2411 937 2488 osepho
952 2411 1114 2488 copulatam
1129 2409 1227 2487 irrisae,
1244 2413 1302 2471 imo
1317 2422 1347 2473 et

134 2509 171 2549 ex
181 2511 217 2550 eo
230 2491 337 2549 liberos
352 2489 523 2566 suscepisse,
543 2495 576 2546 ut
589 2495 671 2547 notat
689 2487 817 2566 August.
832 2489 869 2548 da
882 2490 994 2564 hares,
1010 2490 1168 2549 levissimis
1181 2491 1245 2550 nixi
1260 2512 1345 2569 argu-

134 2570 248 2630 mentis.
292 2573 318 2628 1.
342 2572 360 2603 “
372 2569 447 2643 Quia
469 2567 601 2626 Christus
615 2568 819 2644 primoqenitas
834 2569 936 2628 Mariae
950 2568 1085 2628 dicitnr.'’
1129 2569 1204 2628 Nam
1221 2579 1254 2630 ut
1272 2572 1346 2631 bene

134 2649 235 2710 Hiero.
251 2657 341 2722 notat,
356 2648 398 2708 ita
410 2656 539 2722 vocatur,
553 2647 620 2725 quia
631 2655 698 2706 aute
712 2667 778 2706 cum
792 2668 877 2707 nemo
892 2649 1008 2726 genitus
1022 2657 1075 2725 est,
1098 2669 1157 2706 nou
1181 2651 1260 2726 quod
1280 2659 1347 2728 post

134 2748 199 2788 eum
214 2729 289 2788 alius
303 2729 406 2804 detur;
431 2727 517 2787 Unde
527 2725 606 2804 apud
615 2727 637 2786 J
638 2727 856 2802 uriacensultos,
872 2729 1045 2803 Estprtmua
1055 2749 1136 2805 quem
1146 2749 1226 2787 nemo
1235 2749 1345 2804 praece·

134 2811 182 2884 dtr,
198 2819 240 2869 est
251 2809 371 2883 ultimus,
388 2827 469 2885 quem
482 2827 561 2864 nemo
575 2807 708 2881 sequitur.
725 2806 844 2865 Hebraei
857 2807 1066 2883 primogenitos
1081 2809 1167 2866 etiam
1178 2808 1345 2884 unigenitos

135 2889 230 2948 solent
243 2908 356 2962 vocare,
373 2887 467 2945 Excd.
482 2886 522 2944 iv.
538 2890 586 2944 22.
610 2886 702 2944 lsrael
724 2894 845 2944 vocatur
863 2886 1069 2962 primopenitas
1090 2887 1155 2960 Dei,
1175 2887 1244 2946 licet
1266 2889 1346 2946 solus

134 2978 211 3028 esset
231 2968 356 3046 populns
376 2987 394 3025 a
418 2967 481 3025 Deo
504 2966 622 3024 alectus.
666 2965 714 3024 Sic
729 2965 825 3023 Exod.
839 2965 902 3022 xiii.
918 2969 946 3040 2,
963 2966 1206 3042 “Primogenitus
1229 2976 1345 3026 sanctus

135 3047 218 3107 Deo⁷'
234 3047 348 3122 dicitur,
361 3046 411 3125 qui
424 3046 516 3124 primo
531 3044 625 3104 editur
638 3053 731 3121 partu,
753 3045 815 3102 sive
830 3044 879 3102 alii
901 3053 1065 3120 sequautur,
1088 3045 1150 3103 sive
1171 3064 1251 3120 uon;
1273 3047 1346 3105 alias
1356 3089 1368 3112 .

133 3129 226 3204 primo
248 3127 326 3186 auita
339 3146 398 3185 non
411 3125 534 3184 luissent
548 3123 723 3198 redimenda,
739 3123 795 3181 nisi
809 3131 876 3200 post
895 3124 980 3181 aliam
1004 3124 1132 3182 sobolem
1156 3135 1343 3200 procreatam,

133 3207 213 3282 quod
227 3147 332 3265 Salsum
345 3225 410 3265 esse
425 3206 488 3263 Lex
502 3203 637 3278 ostendit,
654 3221 719 3281 quaa
733 3203 797 3261 vult
810 3222 845 3262 ea
857 3202 961 3261 redimi
980 3201 1073 3280 primo
1093 3223 1112 3261 a
1129 3213 1213 3281 partu
1235 3223 1343 3280 mense,

133 3285 221 3346 Num.
237 3286 320 3345 xviii.
337 3289 383 3346 16.

175 3366 306 3424 XXIII.
328 3369 356 3424 2.
379 3365 445 3423 Non
460 3358 581 3422 solidius
594 3363 649 3422 hoc
664 3361 832 3439 exsculpere
844 3369 1009 3439 potuerunt,
1025 3383 1111 3422 exeo
1129 3364 1208 3441 quod
1221 3365 1346 3424 Fratres

136 3445 243 3506 C'lsrs'atr'
255 3444 372 3522 quidam
386 3452 528 3503 vocantur
540 3443 571 3500 in
585 3442 622 3501 N.
637 3443 716 3502 Test.
732 3442 806 3516 Quia
819 3443 988 3502 tralatitium
1010 3451 1054 3502 est
1073 3443 1104 3501 in
1121 3443 1268 3521 Scriptura
1289 3444 1345 3504 hoe

133 3526 250 3585 nomine
265 3525 419 3602 designari,
435 3543 493 3582 non
507 3522 593 3582 modo
607 3523 710 3581 hahes
723 3522 853 3601 proprios
867 3530 896 3581 et
910 3542 1063 3600 germanos
1073 3543 1125 3600 per
1136 3533 1276 3600 naturam,
1293 3523 1345 3584 sed

133 3607 220 3664 etiam
235 3605 467 3682 consanguineos
481 3611 510 3660 et
524 3602 718 3676 consobrinos,
732 3610 766 3661 ut
776 3601 925 3660 Abraham
940 3611 969 3661 et
983 3603 1068 3680 Loth,
1084 3604 1180 3664 Jacob
1194 3612 1223 3662 et
1233 3605 1342 3679 Laban,

133 3686 174 3744 sio
189 3685 320 3744 Jacobus
335 3694 364 3744 et
377 3684 399 3744 J
401 3703 474 3757 oses,
492 3683 592 3740 Simon
606 3691 635 3740 et
648 3681 744 3741 «ludas
757 3681 859 3740 fratres
874 3682 982 3741 Christi
1000 3683 1143 3759 dicuntur,
1161 3684 1266 3742 Matth.
1281 3685 1342 3742 xiii.

134 3767 181 3838 55,
197 3764 379 3841 cognatione.
421 3763 496 3820 Nem
512 3763 606 3820 Maria
620 3782 684 3838 quae
699 3780 797 3818 eorum
808 3768 900 3819 mater
913 3760 1019 3821 dicitur
1034 3763 1173 3822 Matthaeo
1188 3772 1218 3822 et
1233 3764 1341 3838 Marco,

133 3844 263 3904 Johanni
278 3843 384 3902 dicitur
410 3842 496 3900 Soror
521 3841 625 3900 Matris
648 3841 774 3898 Domini.
817 3840 901 3914 Quod
916 3851 1020 3918 sutem,
1035 3842 1105 3902 Joh.
1118 3844 1168 3901 vii.
1185 3846 1211 3916 5,
1228 3842 1340 3917 dicitur,

132 3923 212 4002 quod
227 3925 245 3956 “
254 3943 290 3981 na
305 3923 421 4001 quidem
436 3920 537 3980 fratres
551 3921 614 3998 ejus
628 3920 658 3978 in
672 3939 737 3978 eum
749 3919 949 3996 credideriut,’'
961 3919 997 3980 de
1006 3921 1206 3980 remotioribus
1221 3941 1340 3979 consan-

132 4002 247 4081 guineis
261 4011 306 4061 est
319 4001 548 4078 intelligendum.

172 4083 299 4142 XXIV.
322 4084 349 4140 3.
372 4081 433 4139 Nec
446 4080 550 4138 melius
564 4078 710 4155 colligitur
720 4098 757 4136 ex
768 4097 811 4154 eo,
823 4079 902 4156 quod
911 4079 1059 4157 Josephus
1070 4077 1175 4135 dicinrr
1189 4079 1207 4109 “
1217 4077 1339 4162 Mariam

132 4183 190 4222 non
205 4161 386 4238 cognovisse,
402 4160 494 4218 donee
504 4158 662 4237 peperisset
671 4157 777 4215 Filium
789 4177 873 4217 suum
882 4157 1133 4235 primogenstum,''
1146 4156 1251 4215 Matth.
1262 4157 1280 4214 i.
1290 4161 1339 4217 25.

133 4242 209 4317 Quia
222 4241 371 4318 particulae
386 4243 472 4298 donec
486 4249 513 4298 et
524 4257 617 4315 usque,
640 4235 678 4294 ad
690 4237 866 4315 praeteritum
881 4257 957 4315 saepe
971 4245 1082 4296 tantum
1097 4233 1265 4310 referuntur,
1281 4255 1339 4294 nou

132 4322 170 4381 ad
197 4321 335 4396 futurum,
357 4320 406 4386 id,
422 4320 463 4378 ita
485 4317 652 4397 praecedens
672 4324 786 4393 tempus
804 4325 969 4390 connotant,
992 4315 1029 4374 de
1052 4335 1109 4391 quc
1132 4314 1251 4372 dubium
1276 4334 1339 4374 esse

131 4409 253 4478 poterat,
269 4402 318 4459 vel
333 4399 411 4477 quod
424 4399 549 4458 maxime
565 4397 637 4456 scire
651 4397 795 4471 intererat,
817 4406 850 4456 ut
869 4395 995 4454 futurum
1010 4415 1069 4453 non
1083 4393 1254 4470 respiciant:
1275 4393 1340 4452 loca

133 4489 202 4540 sunt
215 4479 305 4544 ustie.
321 4480 395 4540 Gen.
410 4478 515 4537 xxviii.
534 4479 580 4552 15,
597 4476 675 4536 Psal.
697 4475 797 4534 cxxiii.
813 4481 841 4550 2,
866 4483 896 4534 ct
918 4495 964 4534 cx.
988 4478 1014 4551 1,
1038 4474 1142 4533 Matth.
1166 4473 1269 4531 xxviii.
1289 4476 1336 4548 20,

132 4559 188 4619 &a
221 4559 269 4618 Ita
282 4559 443 4618 ostenditur
456 4557 573 4636 quidam
587 4556 657 4633 quid
667 4563 734 4614 ante
747 4555 928 4615 nativitatem
940 4554 1047 4616 Christi
1061 4575 1078 4613 a
1093 4555 1114 4614 J
1115 4552 1221 4629 osepho
1232 4551 1338 4612 factum

133 4639 228 4715 fuerit,
244 4638 354 4698 scilieet
368 4636 448 4714 quod
460 4635 630 4696 abstinuerit
644 4634 680 4693 ab
691 4654 742 4710 ea;
765 4634 816 4692 sed
830 4653 888 4694 non
903 4635 1031 4694 innuitur
1045 4635 1101 4694 alio
1115 4632 1201 4691 modo
1217 4651 1246 4691 se
1261 4652 1337 4691 com-
