3152 5198
273 374 331 430 604
695 382 785 423 rocus
800 379 931 422 neamus
946 379 1066 421 saurus.
1323 359 1460 441 [ausser
1475 385 1503 422 x.

311 529 402 588 VIII.
424 526 564 603 Quamvis
573 525 743 604 justificatio
757 531 855 583 nostra
869 522 1028 582 novissimo
1042 520 1089 579 die
1103 519 1188 597 plene
1210 519 1401 582 declaranda
1417 526 1500 582 veni-

270 619 308 686 at,
324 608 457 668 adductis
471 607 558 666 etiam
572 607 602 664 in
617 606 732 682 signum
747 613 777 662 et
800 611 1001 680 argumentum
1025 603 1087 678 ejus
1111 601 1244 658 veritatis
1268 601 1363 660 bonis
1387 606 1500 662 nostris

270 690 414 766 operibus,
423 689 528 746 Matth.
543 705 632 761 xxv.;
656 685 809 761 Perperam
823 692 919 742 tamen
934 682 999 759 quis
1012 681 1079 740 inde
1090 679 1236 758 duplicem
1242 682 1499 757 justificationem

271 769 479 846 Evangelioam
494 775 640 840 statueret,
656 765 774 822 alteram
789 784 826 821 ex
840 761 897 821 fide
911 763 942 820 in
955 763 1009 820 heo
1020 763 1088 836 vita,
1104 780 1169 837 quae
1184 761 1222 819 sit
1235 761 1345 838 prima,
1371 764 1499 824 alteram

270 860 299 909 et
314 849 518 908 secundamex
533 845 666 923 operibus
680 843 710 900 in
725 843 772 901 die
782 843 894 920 judicii,
913 851 945 902 ut
969 842 1086 919 quidam
1110 840 1229 916 vellent,
1245 841 1285 898 ad
1311 843 1497 904 Pontificios

269 931 324 990 hac
339 931 368 988 in
382 938 462 1008 parte
477 927 561 984 nimis
574 923 754 982 accedentes.
776 922 850 997 Quia
864 924 1007 981 sententia
1019 941 1037 978 a
1050 941 1161 980 summo
1170 921 1195 980 J
1197 921 1281 979 udice
1297 919 1432 983 ferenda
1441 946 1498 983 non

269 1020 329 1070 tam
344 1011 398 1068 erit
408 1005 576 1086 justificatio
590 1023 675 1078 nova,
692 1023 778 1080 quam
794 1003 943 1061 sententiae
962 1003 1051 1060 semel
1072 1003 1138 1060 latae
1162 1001 1303 1059 solemnis
1323 1013 1359 1064 et
1373 1006 1496 1081 publica

271 1090 435 1161 declaratio,
452 1095 480 1146 et
494 1085 628 1143 executio
644 1103 695 1160 per
708 1082 951 1159 adjudicationem
965 1083 1033 1140 vitae
1048 1081 1196 1159 promissae
1210 1091 1353 1158 respectu
1369 1085 1495 1162 integre

270 1188 398 1247 personae
414 1187 451 1224 ex
461 1164 669 1242 justificatione
682 1162 865 1240 praecedenti,
880 1169 913 1220 ut
927 1161 968 1220 ita
981 1162 1054 1220 nihil
1069 1162 1107 1220 sit
1129 1160 1210 1219 aliud
1234 1181 1326 1238 quarn
1343 1168 1495 1224 sententia

269 1247 480 1325 adjudicatoria
494 1244 684 1322 possessionis
700 1243 795 1320 Regni
819 1242 957 1300 coelorum
971 1262 1009 1300 ex
1019 1243 1086 1317 jure
1097 1249 1182 1299 antea
1192 1241 1262 1300 dato
1276 1262 1333 1319 per
1342 1244 1494 1320 justifica·

269 1329 385 1387 tionem.
430 1327 469 1385 Et
483 1327 508 1384 si
522 1345 608 1402 opera
633 1333 693 1382 tum
708 1323 897 1397 adducuntur,
917 1341 975 1380 non
1000 1323 1178 1380 adducentur
1202 1330 1235 1380 ut
1259 1321 1492 1384 fundamentum

269 1427 352 1466 novae
362 1406 581 1484 justificationis
596 1413 664 1464 tunc
678 1401 851 1474 obtinenda,
867 1401 918 1460 sed
939 1411 1077 1478 tanquam
1098 1403 1190 1478 signa,
1212 1401 1323 1461 indicia
1339 1415 1374 1462 et
1389 1405 1493 1464 effecta

270 1508 347 1548 verae
363 1497 468 1546 nostrae
483 1486 558 1559 fidei,
574 1495 604 1544 et
617 1485 709 1543 unicae
723 1491 828 1540 nostrae
838 1481 1058 1554 justificationis
1072 1503 1109 1540 ex
1124 1482 1182 1540 illa.

311 1568 371 1626 IX.
394 1567 486 1626 Aliud
500 1575 544 1626 est
553 1563 791 1640 justificationem
805 1563 909 1638 saepius
923 1562 1067 1639 applicare
1089 1570 1118 1620 et
1141 1562 1300 1620 extendere
1311 1563 1353 1622 ed
1369 1578 1493 1641 peccata

269 1649 444 1728 quotidianae
459 1645 638 1719 incursionis,
655 1663 713 1722 quo
738 1662 824 1701 sensu
844 1641 982 1718 jubemur
1005 1652 1101 1719 petere
1126 1642 1254 1718 quotidie
1280 1645 1492 1705 remissionem

269 1737 469 1808 peccatorum
493 1725 584 1784 Aliud
600 1723 838 1802 justificationem
850 1723 954 1799 saepius
969 1721 1071 1781 iterare
1087 1729 1116 1780 et
1136 1741 1285 1781 renovare.
1331 1722 1428 1784 Prius
1443 1727 1492 1784 da·

268 1829 342 1884 mus,
359 1809 482 1866 sednon
497 1805 647 1885 posterius.
690 1804 751 1862 Nec
776 1821 848 1879 opus
872 1811 917 1860 est
940 1810 972 1860 ut
994 1821 1071 1860 nova
1092 1802 1263 1878 justificatio
1285 1822 1429 1878 personae
1444 1809 1493 1866 fiat

270 1889 384 1966 quoties
395 1889 425 1946 in
436 1907 544 1946 novum
556 1893 703 1962 peccatum
715 1883 823 1941 labitur
836 1881 944 1940 fidelis:
959 1881 1063 1940 sufficit
1076 1881 1286 1956 utjustificatio
1297 1885 1396 1942 semel
1405 1886 1492 1960 facta,

268 1990 333 2047 quae
348 1969 372 2026 si
387 1987 444 2025 non
459 1966 623 2039 formaliter,
639 1963 801 2022 virtualiter
814 1971 843 2022 et
857 1962 989 2038 generice
1004 1962 1132 2021 continet
1144 1961 1347 2020 remissionem
1358 1967 1493 2024 omnium

268 2057 459 2127 peccatorum,
475 2046 635 2122 applicetur
648 2051 677 2102 ct
691 2042 863 2101 extendatur
877 2041 1009 2118 specifice
1024 2050 1053 2101 et
1067 2041 1286 2101 determinative
1311 2042 1351 2100 ad
1367 2045 1428 2104 hoe
1446 2048 1491 2106 rel

268 2128 342 2188 illud
355 2137 513 2205 peccatum,
530 2146 580 2202 per
594 2123 802 2183 intimationem
821 2123 944 2200 Spiritus
957 2123 987 2181 S.
1002 2130 1031 2180 et
1045 2121 1114 2179 fidei
1127 2122 1404 2198 apprehensionem.

308 2209 350 2266 X.
376 2208 457 2266 Licet
470 2225 539 2263 vero
554 2205 685 2263 remissio
696 2211 877 2281 peccatorum
889 2203 994 2280 saepius
1004 2201 1142 2279 applicari
1152 2200 1258 2259 debeat
1268 2205 1404 2278 pcccatis
1415 2226 1489 2283 quo

266 2288 393 2360 tidianis,
409 2303 557 2362 perperam
572 2293 667 2343 tamen
683 2283 750 2341 inde
761 2283 826 2360 quis
837 2283 986 2360 colligeret
1004 2291 1122 2359 peccata
1132 2282 1221 2338 semel
1240 2281 1364 2340 dimissa
1380 2285 1489 2344 iterum

267 2366 440 2424 reviviscere
449 2373 478 2421 et
488 2363 581 2420 redire
596 2363 865 2440 persubsequentia,
872 2373 904 2421 ut
916 2363 1032 2440 quidam
1044 2383 1081 2421 ex
1088 2360 1247 2419 Pontificiis
1254 2361 1367 2420 vellent
1379 2386 1387 2439 ;
1413 2367 1489 2424 Cum

267 2446 304 2503 sit
318 2443 425 2501 donum
440 2450 628 2514 sarreptanam,
645 2443 727 2516 cujus
754 2443 848 2500 Deum
872 2443 1011 2518 poenitere
1036 2462 1094 2500 non
1116 2449 1220 2518 potest.
1263 2441 1326 2499 Neo
1340 2445 1487 2518 parabola

268 2524 344 2583 servi
359 2521 436 2580 illius
450 2520 565 2597 ingrati,
581 2520 632 2596 qui
646 2528 711 2596 post
725 2519 862 2592 majorem
879 2541 1018 2580 summam
1034 2522 1089 2581 sibi
1104 2541 1121 2578 a
1135 2541 1187 2578 suo
1213 2520 1340 2579 Domiuo
1364 2543 1488 2584 conces·

268 2625 337 2681 sam,
354 2603 446 2661 voluit
460 2600 605 2659 crudelius
620 2619 705 2674 agere
721 2619 786 2657 cum
801 2619 940 2658 conservo
956 2621 1017 2676 suo,
1041 2602 1091 2679 qui
1105 2601 1147 2658 illi
1161 2601 1248 2678 longe
1272 2601 1420 2660 minorem
1437 2605 1486 2663 de-

266 2686 362 2759 bebat,
378 2684 485 2760 quique
499 2681 564 2739 ideo
579 2680 701 2740 traditus
723 2679 778 2738 suit
800 2679 969 2738 Tortoribus
992 2701 1084 2758 usque
1108 2700 1166 2757 quo
1191 2682 1317 2740 solveret
1340 2682 1374 2739 id
1398 2703 1486 2744 omne

266 2766 345 2844 quod
359 2764 491 2838 debebat,
507 2782 571 2839 quae
585 2760 754 2838 proponitur
769 2760 854 2818 Matt
869 2760 951 2819 xviii.
968 2765 1014 2836 23,
1041 2763 1095 2820 hoc
1109 2760 1226 2819 evincit.
1262 2759 1338 2834 Quia
1352 2781 1415 2820 non
1426 2766 1486 2823 alio

265 2847 397 2924 pertinet,
413 2863 501 2922 quam
515 2842 552 2900 ad
566 2840 773 2900 ostendendam
795 2840 991 2900 remissionem
1015 2849 1197 2918 peecatorum
1217 2842 1398 2918 propositam
1413 2864 1483 2902 eon-

266 2926 442 2986 ditionaliter
456 2924 493 2982 ad
507 2942 573 2982 eum
587 2943 645 2980 non
659 2920 812 2998 pertinere,
828 2921 857 2976 in
872 2940 929 2996 quo
944 2921 1069 2979 conditio
1084 2919 1229 2980 defecerit
1274 2921 1389 2998 Scopus
1397 2943 1484 2999 para-

265 3007 348 3082 bolae,
364 3007 415 3083 qui
428 3005 512 3064 unice
528 3003 574 3061 bio
588 3000 792 3079 respiciendus,
809 3020 867 3057 non
881 3000 956 3058 alius
970 3009 1022 3076 est,
1034 3021 1120 3077 quam
1132 3000 1236 3059 docere
1247 3001 1479 3062 misericordiam

266 3085 322 3146 Dei
337 3106 406 3164 erga
420 3083 660 3144 immisericordes
675 3101 732 3138 non
753 3081 891 3154 exerceri,
917 3099 970 3138 nec
995 3080 1152 3138 condonari
1165 3090 1314 3158 peccataa
1331 3081 1406 3158 Deo,
1422 3085 1479 3142 nisi

266 3165 302 3224 iis
315 3169 364 3244 qui
380 3166 444 3224 aliis
466 3164 590 3224 offensas
605 3160 777 3235 condonant,
794 3159 870 3236 quod
886 3170 918 3218 ut
932 3159 1074 3218 efficacius
1086 3159 1305 3234 demonstretur,
1321 3164 1480 3238 opponitur

265 3245 312 3304 hic
329 3247 470 3304 Dominus
485 3263 577 3318 servo,
593 3242 733 3300 immensa
748 3259 859 3298 summa
873 3240 998 3316 minutae,
1015 3249 1164 3298 etsumma
1175 3241 1327 3298 clementia
1338 3251 1476 3302 extrenns

266 3326 477 3384 inhumanitati.

568 3401 626 3460 XI.
649 3405 678 3460 2.
693 3401 832 3475 Persectr'o
846 3399 981 3458 convenit
989 3399 1011 3458 J
1013 3399 1205 3475 ustificationi,
1219 3400 1378 3460 secundum
1389 3421 1473 3479 qnam

526 3483 567 3540 ita
580 3490 625 3540 est
638 3482 724 3558 plena
738 3490 767 3539 et
781 3480 913 3538 absoluta
927 3479 1079 3554 intensive,
1105 3489 1165 3539 tam
1187 3490 1319 3558 respectu
1333 3482 1473 3540 malorum

264 3559 433 3632 ablatorum,
449 3577 536 3633 quam
551 3561 690 3619 bonorum
705 3561 919 3637 acquisitorum,
935 3569 967 3618 ut
982 3560 1019 3619 sit
1032 3579 1136 3637 expers
1149 3559 1246 3636 quoad
1260 3579 1290 3619 se
1306 3561 1472 3620 inerementi

263 3648 293 3698 et
308 3637 490 3711 decrementi,
506 3657 560 3696 nec
573 3639 693 3716 recipiat
707 3641 801 3716 magis
815 3650 844 3698 et
858 3640 960 3713 minus,
975 3640 1044 3698 licet
1064 3639 1160 3716 quoad
1184 3641 1246 3716 ejus
1270 3641 1472 3718 apprehensis·

263 3739 330 3780 nem
345 3727 373 3777 et
388 3736 503 3776 sensum
518 3717 559 3775 ita
573 3719 714 3794 gradatim
729 3719 904 3794 provehatur
917 3719 990 3777 fides
1004 3729 1109 3794 nostra,
1135 3727 1167 3778 ut
1179 3739 1246 3778 suos
1260 3721 1348 3778 etiarn
1362 3721 1470 3798 profec-

264 3811 311 3863 tus
324 3800 438 3874 habeat,
454 3807 483 3857 et
497 3797 634 3857 defectus.
659 3797 738 3856 ’Nec
753 3799 777 3856 si
792 3798 863 3857 fides
877 3817 935 3875 qua
946 3797 1139 3875 justificamur
1152 3799 1311 3858 intenditur
1334 3812 1364 3861 et
1376 3801 1472 3859 remit·

264 3883 342 3955 titur,
359 3879 488 3958 sequitur
503 3879 593 3957 ipsam
603 3876 841 3950 justificationem
865 3879 972 3954 pariter
994 3879 1106 3938 intendi
1129 3887 1158 3938 et
1183 3879 1299 3955 remitti,
1324 3880 1392 3957 quia
1414 3899 1470 3937 non

259 3962 403 4038 justitient
417 3979 469 4037 per
484 3981 514 4019 se
530 3968 559 4018 et
580 3957 702 4035 proprIe,
729 3958 780 4016 sed
803 3964 914 4016 tanturn
937 3959 1072 4035 organice
1095 3967 1124 4017 et
1142 3959 1262 4017 relative
1273 3981 1282 4035 ς
1304 3970 1337 4018 ut
1352 3959 1470 4018 intuitus

264 4042 404 4118 serpentis
419 4040 491 4098 aenei
507 4060 564 4099 non
576 4038 724 4098 desinebat
739 4037 886 4115 aqualiter
901 4057 1011 4114 sanare,
1034 4038 1102 4096 licet
1116 4039 1164 4097 alii
1176 4038 1240 4096 aliis
1254 4040 1368 4099 acutius
1381 4049 1411 4097 et
1425 4039 1469 4096 tir·

265 4123 340 4179 rnius
355 4129 513 4178 cernerent.

309 3451 330 3495 2.
347 3452 476 3496 Pertectto.

565 4198 641 4256 XII.
665 4201 692 4257 3.
710 4199 854 4258 Certitudo
877 4196 940 4273 ejus
964 4195 1073 4274 duplex
1098 4207 1161 4258 cst:
1198 4199 1267 4256 Alia
1287 4199 1385 4274 objecti
1397 4199 1425 4256 in
1440 4219 1470 4256 se

523 4297 574 4354 per
589 4278 849 4336 immutabilitatem
863 4287 891 4334 et
905 4277 1157 4354 perseverantiam,
1173 4299 1230 4355 qua
1252 4279 1333 4337 Deua
1347 4279 1470 4336 remissi-

263 4377 346 4416 onem
362 4355 450 4414 scmel
465 4354 561 4414 datam
576 4377 721 4434 nunquam
737 4366 861 4431 revocat,
876 4365 992 4433 propter
1007 4357 1115 4433 gratiae,
1127 4358 1250 4430 justitiae
1264 4367 1293 4416 et
1307 4359 1471 4434 promissit·

524 4437 568 4494 uis
583 4457 642 4495 suae
653 4439 817 4510 juramento
832 4437 957 4510 sancitae,
976 4436 1052 4494 Heb.
1068 4437 1106 4494 vi.
1126 4443 1170 4509 17,
1189 4439 1234 4510 18,
1255 4438 1469 4496 immutabilita-

524 4525 590 4576 tem.
634 4517 706 4574 Nam
723 4517 807 4573 Dona
823 4515 877 4573 Dei
892 4536 956 4592 quae
972 4515 1081 4574 Electis
1096 4517 1288 4591 conferuntur,
1304 4525 1333 4576 et
1350 4517 1469 4574 Vocatiu

262 4602 326 4646 κατὰ
339 4600 435 4665 reddam
450 4601 517 4650 sunt
532 4602 711 4669 apamiense,
730 4596 812 4652 Rom.
829 4595 867 4652 Xl.
884 4598 932 4652 29.
977 4595 1061 4654 Unde
1076 4615 1150 4672 qUOS
1165 4597 1432 4674 semeljustlficavit
1442 4607 1470 4653 Εἴ

261 4669 389 4726 haeredes
403 4669 479 4742 fecit,
496 4689 641 4744 nunquam
657 4673 828 4731 condemnat
842 4681 871 4732 et
885 4675 1050 4732 exhaeredat
1067 4676 1156 4734 Deus.
1200 4676 1268 4734 Alia
1282 4677 1468 4734 estccrtr'tnda

302 4249 323 4291 3.
334 4249 463 4294 Cortitudo

318 4486 421 4543 ObJ'ectt‚
