3146 5210
230 389 289 446 390
645 397 735 438 aecus
750 397 880 438 nacrnus
894 399 1038 447 suenrus.
1243 378 1372 461 [eumer.
1389 398 1445 438 xri.

233 545 309 604 enim
324 539 528 602 dissimilitudo
542 557 692 616 passomm
706 537 791 596 etiam
808 538 836 595 in
852 539 1038 600 similitudine
1052 541 1228 618 passionum,
1254 547 1283 599 et
1305 539 1375 598 licet
1391 539 1448 597 sub

233 623 334 684 eedem
349 629 500 695 tormenta,
515 639 574 678 non
589 627 633 677 est
647 618 723 675 idem
738 618 831 676 virtus
850 627 879 677 et
903 621 1026 680 vitium:
1047 640 1115 679 nam
1140 621 1214 679 sicut
1239 621 1292 678 sub
1307 639 1365 678 uno
1377 619 1447 695 igne

234 724 334 763 aurum
349 703 456 776 rutilat,
471 699 663 777 paleafumat,
690 705 718 755 et
743 697 796 756 sub
819 698 918 757 eadem
941 699 1145 777 tribulapaleae
1159 701 1401 772 comminuuntur,
1418 707 1450 758 et

233 784 377 842 frumenta
390 787 557 858 purgantur,
573 799 625 836 nec
640 777 705 835 ideo
720 797 785 835 cum
810 778 873 836 oleo
898 799 1014 838 amurca
1033 779 1225 854 confunditur,
1251 781 1319 858 quia
1343 777 1448 837 eedem

234 863 315 942 praeli
329 862 455 939 pondere
470 859 658 936 exprimitur:
706 856 752 914 Ita
765 877 824 915 una
837 859 995 936 eademque
1017 860 1062 918 vis
1085 861 1197 918 irruens
1221 860 1313 917 bonos
1331 859 1446 935 probat,

234 942 375 1020 purificat,
392 940 518 1015 eliquat3
540 937 632 995 malos
646 943 752 1006 vastat,
768 936 886 996 damnat
901 948 929 997 et
953 939 1134 999 exterminat.
1178 939 1264 998 Unde
1289 939 1319 996 in
1343 937 1447 996 eadem

235 1022 396 1094 afflictione,
413 1018 481 1076 mali
496 1017 591 1075 Deum
606 1017 792 1090 detestantur,
808 1025 895 1093 atque
909 1018 1117 1095 blasphemant,
1132 1019 1202 1078 boni
1217 1029 1310 1077 autem
1326 1039 1445 1095 precan-

235 1110 282 1162 tur
296 1109 325 1159 et
338 1099 473 1173 laudaat;
497 1097 621 1154 Tantum
635 1096 762 1170 interest,
778 1116 836 1154 non
850 1098 955 1174 qualia,
971 1100 1022 1158 sed
1036 1099 1130 1177 qualis
1145 1099 1266 1176 quisque
1287 1099 1425 1175 patitur.''

277 1179 371 1238 XXI.
396 1179 493 1234 Poenae
508 1175 624 1253 quidem
638 1195 743 1234 nomen
757 1177 882 1235 retinent
900 1178 1055 1255 aliquando
1077 1179 1150 1238 tales
1165 1179 1378 1254 castigationes,
1394 1177 1447 1234 sed

236 1259 399 1336 improprie.
417 1262 442 1315 1.
465 1256 540 1331 Quia
552 1263 655 1314 nature
670 1275 721 1312 sua
735 1277 827 1332 preme
842 1266 909 1315 sunt
923 1278 940 1314 a
954 1278 1065 1316 summo
1079 1257 1304 1317 Judicemiseris
1317 1257 1447 1315 mortali·

236 1341 291 1399 bus
306 1339 344 1396 ob
359 1338 496 1396 violatam
509 1336 605 1412 legem
619 1335 800 1411 constitutae;
824 1336 894 1394 Ideo
909 1338 995 1397 etiam
1019 1347 1130 1397 mutato
1148 1337 1277 1396 fidelium
1292 1345 1378 1410 statu,
1394 1357 1446 1394 ne-

236 1439 303 1478 men
317 1417 459 1476 retinetur
474 1417 632 1492 antiquum,
649 1414 717 1491 quia
741 1416 764 1473 si
787 1436 845 1473 non
860 1415 1024 1493 formaliter,
1050 1418 1237 1476 materialiter
1258 1425 1355 1475 tamen
1370 1415 1448 1474 idem

237 1507 313 1557 sunt.
329 1503 357 1556 2.
373 1497 447 1570 Quia
461 1495 614 1571 multiplex
628 1494 713 1552 datur
728 1495 885 1554 similitudo
899 1498 1025 1573 ipsarum
1036 1517 1099 1556 eum
1110 1498 1203 1574 poenis
1217 1497 1330 1574 proprie
1345 1497 1448 1555 dictis:

238 1579 344 1652 Primo,
360 1578 428 1653 quia
442 1576 529 1650 carni,
545 1595 609 1652 quae
624 1574 733 1632 destrui
748 1574 841 1650 debet,
857 1595 915 1634 non
938 1577 1035 1636 minus
1059 1597 1092 1636 ac
1117 1597 1209 1654 poenae
1234 1577 1365 1654 propria,
1381 1585 1450 1635 sunt

237 1678 343 1736 graves
358 1665 387 1715 ct
400 1656 537 1714 molestae.
582 1653 723 1728 Secundo,
740 1655 878 1731 quianon
893 1665 1008 1730 temere,
1025 1657 1076 1714 sed
1090 1666 1168 1715 certa
1183 1657 1238 1714 Dei
1261 1657 1330 1714 boni
1343 1657 1448 1714 volun·

237 1747 296 1797 tate
312 1745 341 1795 et
355 1736 568 1812 dispensatione
583 1733 776 1792 immittuntur
790 1734 933 1811 fidelibus,
948 1756 1006 1793 non
1021 1756 1104 1794 secus
1119 1756 1153 1794 ae
1174 1755 1267 1813 poenae
1276 1735 1449 1812 infliguntur

237 1817 354 1877 Judicis
368 1815 495 1874 arbitrio.
538 1814 643 1889 Tertio,
659 1813 729 1890 quia
748 1833 786 1871 ex
810 1817 959 1873 occasione
982 1817 1093 1893 peccati
1107 1815 1286 1892 infliguntur.
1329 1817 1448 1891 Quarto,

238 1915 372 1956 exsensu
386 1894 524 1969 fidebam,
540 1894 590 1970 qui
605 1894 699 1951 Deum
714 1903 747 1952 ut
757 1895 860 1952 iratum
875 1895 897 1954 J
899 1895 1010 1954 udiccm
1022 1916 1097 1972 saepe
1108 1895 1335 1972 apprehendunt.
1359 1895 1449 1968 Quin-

237 1985 275 2052 te,
292 1977 360 2053 quia
371 1983 498 2052 utraeque
514 1973 550 2032 ad
565 1974 728 2050 exemplum
742 1983 948 2050 proponuntur.
972 1975 1030 2033 Sed
1045 1975 1198 2033 discrimen
1219 1983 1450 2051 sempermanet,

238 2055 317 2133 quod
330 2057 361 2113 in
375 2055 434 2113 illis
449 2054 605 2112 satisfactio
616 2054 737 2129 justitiae
752 2053 918 2113 intendatur
931 2063 1067 2132 tanquam
1083 2055 1148 2112 finis
1162 2076 1180 2112 a
1195 2055 1258 2112 Deo
1271 2055 1294 2114 J
1297 2053 1397 2130 udice;
1413 2054 1451 2112 In

236 2136 301 2195 istis
315 2155 385 2192 vero
400 2135 537 2192 eorrectio
552 2133 710 2208 peccatoris
724 2153 742 2190 a
756 2133 820 2190 Deo
835 2133 930 2193 Patre.

279 2215 391 2272 XXII.
414 2215 495 2270 Mors
509 2213 591 2270 filioli
607 2212 737 2288 Davidis,
754 2233 818 2290 quae
833 2213 888 2290 ipsi
903 2214 1125 2290 postremissum
1138 2223 1288 2290 peccatum
1299 2211 1451 2290 infligitur,

238 2299 256 2352 2
281 2295 358 2352 Sam.
383 2293 434 2350 xii.
452 2295 497 2364 14,
514 2291 568 2348 fuit
582 2311 667 2367 poena
681 2301 800 2367 paterna
814 2302 843 2351 et
856 2294 1044 2366 medicinalis,
1060 2314 1118 2352 non
1142 2292 1334 2352 satisfactoria
1354 2300 1384 2350 et
1399 2293 1449 2368 ju-

238 2373 358 2446 dicialis,
375 2373 443 2447 quia
457 2371 577 2428 remisse
602 2371 690 2428 semel
705 2382 823 2448 peceato
837 2373 917 2430 nulla
932 2394 1080 2448 superesse
1095 2373 1189 2450 potuit
1213 2393 1299 2449 poena
1321 2371 1449 2430 ferenda.

239 2452 300 2509 Nec
314 2451 369 2508 hoc
385 2449 539 2525 colligitur,
556 2449 612 2506 Vel
628 2469 665 2507 ex
680 2469 713 2508 eo
729 2453 806 2526 quod
821 2451 950 2510 immissa
964 2453 1069 2511 dieitur
1083 2474 1101 2510 a
1116 2454 1188 2527 Deo,
1201 2453 1269 2528 quia
1282 2471 1334 2528 per
1347 2471 1448 2527 pecca·

238 2540 299 2590 tum
314 2529 514 2606 blasphemare
528 2527 635 2587 fecerat
649 2529 780 2588 inimicos
794 2550 898 2589 nomen
914 2533 1046 2592 Domini:
1069 2533 1142 2590 Nam
1155 2533 1196 2590 sic
1208 2532 1319 2590 occasio
1330 2531 1449 2607 quidem

238 2619 267 2669 et
282 2629 368 2668 eausa
381 2608 538 2685 impulsiva
548 2616 671 2681 notatur,
689 2609 739 2665 sed
753 2629 811 2666 nen
825 2609 936 2685 finalis;
960 2613 1007 2670 vel
1022 2614 1046 2670 si
1060 2612 1155 2670 finalis
1180 2611 1316 2686 innuitur,
1332 2618 1451 2668 nonest

238 2689 395 2750 satisfactio
407 2688 537 2766 justitiae,
554 2687 605 2746 sed
619 2688 760 2764 reparatio
775 2689 904 2747 scandali
918 2690 987 2765 dati,
1002 2692 1070 2768 quia
1084 2691 1205 2749 decebat
1219 2690 1324 2748 divinae
1346 2689 1451 2748 domus

238 2771 420 2847 disciplinam
434 2769 600 2846 turpissimo
614 2768 739 2827 facinore
753 2769 899 2845 violatam,
916 2770 1012 2847 aliquo
1028 2771 1161 2848 exemplo
1184 2770 1306 2843 sanciri;
1328 2769 1386 2827 Vel
1410 2789 1449 2827 ex

238 2871 272 2910 eo
287 2850 366 2927 quod
379 2869 485 2924 magno
500 2848 596 2908 studio
611 2856 640 2906 et
652 2848 808 2924 lachrymis
823 2869 885 2906 eam
900 2850 1088 2926 depreeatur;
1111 2849 1185 2924 Quia
1200 2850 1260 2908 baec
1282 2859 1326 2907 est
1339 2857 1449 2907 naturae

236 2939 342 2988 nostrae
357 2929 477 3003 indoles,
492 2937 526 2987 ut
552 2927 690 3004 quicquid
704 2927 807 2987 durum
822 2937 866 2987 est
880 2937 909 2986 et
922 2930 1076 2988 molestum
1090 2930 1221 3006 refugiat,
1238 2938 1267 2986 et
1276 2927 1387 2986 amoliri
1402 2948 1450 2986 co-

237 3019 329 3084 netur,
345 3017 377 3068 ut
392 3028 469 3085 aeger
482 3008 630 3066 mordaces
645 3009 786 3084 pulveres,
803 3009 922 3068 cauterii
936 3009 1105 3084 molestiam,
1121 3018 1151 3067 ct
1175 3009 1323 3066 medicinae
1345 3007 1449 3066 amari-

238 3089 368 3148 tudinem
384 3089 561 3165 deprecatur,
574 3088 642 3146 licet
656 3088 728 3145 nihil
741 3087 837 3146 minus
851 3107 937 3164 quem
951 3108 1044 3166 poenae
1059 3089 1125 3147 sint.

279 3169 409 3226 XXIII.
433 3169 516 3226 Licet
530 3188 606 3226 mors
620 3167 755 3225 fidelibus
769 3166 860 3244 infligi
874 3187 932 3226 nou
946 3170 1039 3245 possit
1052 3168 1089 3226 ad
1103 3168 1264 3226 cautionem
1286 3167 1383 3240 futuri,
1396 3185 1448 3225 seu

238 3249 276 3306 ad
287 3248 535 3322 emendationem
560 3247 625 3304 Non
640 3247 769 3322 sequitur
784 3267 846 3305 esse
863 3267 977 3324 poenam
988 3248 1102 3324 proprie
1127 3247 1242 3322 dictam,
1267 3266 1331 3322 quse
1355 3246 1446 3322 impo-

239 3336 324 3386 natur
347 3326 385 3383 ad
399 3326 632 3385 satisfactionem.
676 3325 750 3398 Quia
763 3326 826 3383 aliae
850 3327 948 3402 plures
963 3335 1030 3386 sunt
1049 3347 1152 3400 causae,
1178 3335 1240 3385 tum
1264 3335 1296 3384 ut
1318 3325 1447 3403 reliquiae

238 3406 349 3483 peccati
364 3405 393 3461 ia
416 3405 499 3462 nobis
524 3405 701 3478 aboleantur,
717 3405 801 3462 etsie
815 3425 831 3463 e
846 3415 922 3465 statu
947 3406 1064 3464 animali
1078 3415 1107 3464 et
1130 3416 1243 3464 terreno
1267 3415 1447 3464 transeamus

238 3483 276 3543 ad
290 3483 437 3541 eoelestem
452 3492 481 3541 et
491 3483 676 3558 spiritualem,
684 3491 744 3541 tum
751 3492 783 3542 ut
794 3484 835 3542 sie
846 3486 1013 3544 exercitatio
1024 3485 1148 3562 pictatis,
1162 3494 1190 3543 et
1200 3485 1340 3544 virtutum
1350 3484 1447 3543 Chris-

237 3563 378 3622 tianarum
390 3561 582 3619 manifestatio
591 3562 742 3636 elucescat,
755 3570 816 3622 tum
826 3565 893 3639 quia
903 3565 1043 3622 moriendi
1053 3565 1208 3622 necessitas
1218 3564 1351 3624 omnibus
1362 3564 1449 3624 debet

237 3661 300 3701 esse
315 3641 547 3718 potentissimum
561 3640 598 3698 ad
612 3641 702 3698 vitam
717 3643 924 3702 emendandam
946 3645 1171 3703 incitamentum.

279 3721 404 3780 XXIV.
426 3720 578 3794 Jadica'um,
599 3719 677 3796 quod
692 3721 827 3780 dicitura
843 3723 928 3782 Petro
942 3724 1065 3800 inopere
1075 3746 1095 3783 a
1109 3727 1191 3783 domo
1206 3725 1271 3799 Dei,
1289 3727 1303 3781 1
1329 3724 1391 3782 Pet.
1407 3723 1446 3781 iv.

240 3805 286 3874 17,
302 3822 361 3859 non
375 3809 419 3860 est
433 3801 454 3860 J
456 3799 583 3858 udicium
599 3799 707 3875 Legale
721 3801 866 3876 vindictae,
882 3803 959 3880 quod
973 3805 1010 3861 ab
1024 3805 1097 3862 irato
1111 3805 1133 3863 J
1134 3803 1217 3862 udiee
1240 3802 1446 3879 proficiscatur,

238 3881 290 3942 sed
304 3891 453 3959 paternum
468 3887 498 3938 et
512 3880 722 3956 Evangelicum
737 3882 943 3957 castigationis,
959 3882 1037 3959 quod
1051 3903 1108 3941 non
1124 3892 1168 3941 est
1181 3883 1219 3941 ad
1233 3883 1407 3959 supplicium
1420 3891 1450 3941 et

237 3961 469 4036 destructionem,
485 3959 537 4018 sed
551 3960 588 4018 ad
603 3961 766 4038 exemplum
781 3971 810 4020 et
825 3962 1037 4037 correctionem,
1053 3971 1085 4022 ut
1099 3963 1222 4040 correpti
1237 3962 1278 4021 sie
1293 3983 1310 4020 a
1325 3962 1451 4022 Domino

236 4062 295 4100 non
310 4042 533 4101 condemnemur
547 4059 612 4098 cum
626 4040 743 4114 munde,
759 4048 791 4099 ut
807 4041 914 4099 Paulus
928 4042 1063 4118 loquitur,
1082 4045 1096 4099 1
1121 4043 1185 4100 Cor.
1201 4043 1241 4099 xi.
1263 4045 1312 4100 32.
1339 4042 1450 4100 Vindic-

238 4131 268 4180 ta
282 4121 318 4179 de
333 4141 390 4198 qua
405 4121 513 4180 Paulus
527 4119 662 4196 loquitur,
679 4124 697 4177 2
720 4121 784 4178 Cor.
799 4119 849 4178 vii.
867 4123 912 4194 11,
928 4141 986 4178 non
1001 4129 1045 4180 est
1059 4141 1144 4197 poena
1164 4121 1278 4198 proprie
1300 4121 1378 4179 dicta
1393 4121 1449 4180 Dei

233 4201 352 4278 judicis,
368 4201 420 4258 sed
434 4201 481 4259 vel
496 4208 577 4259 notat
590 4219 704 4275 poeuam
719 4200 887 4257 canonicam
903 4200 1227 4275 Exeornmunicationis,
1244 4221 1308 4278 quae
1331 4200 1368 4258 ab
1391 4199 1446 4258 Ee·

238 4281 326 4338 clesia
340 4280 461 4338 infertur
474 4279 512 4338 ad
536 4279 665 4337 scandali
689 4278 897 4355 reparationem
923 4288 952 4336 et
976 4280 1149 4355 exemplum,
1175 4281 1223 4338 vel
1247 4279 1344 4356 potius
1366 4287 1448 4339 notat

237 4359 407 4419 exercitium
421 4359 598 4435 poenitentiae
613 4367 642 4416 et
656 4357 843 4430 contritionis,
859 4376 917 4432 qua
929 4358 1016 4416 homo
1030 4367 1164 4434 peccator
1186 4359 1241 4418 sibi
1263 4359 1404 4435 irascitur,
1420 4368 1449 4417 et

235 4437 375 4498 ultionem
390 4439 425 4496 de
441 4439 535 4514 seipso
550 4437 637 4496 sumit
650 4436 688 4495 ob
702 4435 809 4495 crImeu
831 4435 997 4496 admissum.

279 4517 387 4576 XXV.
411 4517 492 4574 Licet
506 4515 549 4573 illi
565 4517 670 4592 quibus
683 4523 801 4591 peccata
816 4524 897 4574 eraut
911 4517 1030 4574 remissa
1044 4517 1073 4573 in
1089 4517 1127 4575 V.
1143 4517 1176 4575 T.
1202 4517 1341 4576 deberent
1354 4517 1449 4576 adhue

237 4616 289 4673 pro
304 4597 362 4654 illis
376 4595 515 4654 sacrificia
530 4593 648 4670 offerre;
671 4594 736 4653 Non
752 4595 881 4671 sequitur
895 4595 1083 4655 satisfactioni
1097 4606 1162 4674 post
1172 4599 1367 4655 remissionem
1383 4617 1442 4674 pee-

236 4675 293 4733 cati
306 4675 403 4735 locum
417 4693 480 4733 esse
493 4693 587 4751 posse.
631 4673 705 4747 Quia
718 4674 858 4734 sacrificia
871 4695 929 4734 non
944 4676 1057 4736 fuerunt
1072 4675 1229 4736 satisfactio
1242 4677 1357 4754 proprie
1372 4675 1450 4734 dicta
