3150 5206
122 385 237 438 unsar.
253 363 312 446 11]
564 385 603 424 ne
619 385 744 424 amnena
758 385 890 426 enarra.
1275 377 1333 434 229

119 539 150 588 et
172 525 318 586 felicitatis
339 533 461 601 aeternoe,
485 529 502 584 2
525 525 591 585 Cor.
610 525 661 584 xii.
677 530 704 602 2,
721 529 749 602 4,
766 527 859 604 Apoc.
874 527 903 585 ii.
920 530 956 603 7;
973 526 1030 587 Vel
1044 529 1184 590 latronem
1198 532 1254 592 hoc
1268 543 1331 592 tan·
1405 581 1407 585 .

118 619 182 668 tum
189 606 324 744 (petiisse,
340 613 377 698 ut
387 605 519 664 Christus
534 606 793 698 suimemor'esset
813 608 843 664 in
857 607 999 702 paradiso,
1016 609 1084 686 quia
1097 611 1331 705 nonnabsurdum

119 699 166 746 est
220 705 285 745 cere
310 685 456 744 Christum
478 685 562 763 plura
586 685 629 742 rllr
650 685 774 762 dedrsse,
798 705 885 763 quarn
899 695 1030 764 petierat,
1051 697 1084 748 ut
1105 689 1330 767 benignissimus

121 767 210 826 Pater
224 766 298 824 solet
322 764 416 824 facere
431 785 518 842 supra
531 764 562 823 id
576 764 655 842 quod
667 765 791 843 petimus
806 788 814 842 ;
843 765 901 824 Vel
919 767 975 825 hoc
999 786 1062 827 esse
1083 770 1227 844 peculiare
1241 772 1330 848 privi-

119 847 230 924 legium
246 844 389 920 Latronis,
404 864 463 903 non
486 863 638 904 commune
657 845 785 919 caeteris3
807 865 873 905 cum
895 845 968 905 fides
982 855 1011 906 et
1031 849 1209 926 poenitentia,
1225 851 1331 928 quibus

118 927 176 985 boc
191 925 277 985 datrrr
295 944 313 983 a
334 924 457 999 Christe,
473 924 511 983 sit
535 924 696 984 communis
710 925 837 984 omnium
852 943 986 984 verorum
1000 925 1138 1002 fidelium,
1153 928 1230 989 unde
1255 931 1330 990 Bell.

120 1007 172 1065 lib.
188 1006 207 1064 1.
223 1004 259 1063 da
272 1005 354 1142 BeaIt).
372 1003 456 1064 Sanc.
472 1025 497 1063 c.
513 1009 541 1064 1.
556 1004 630 1063 bene
644 1003 747 1082 probat
761 1024 799 1064 ex
812 1005 868 1064 hoc
882 1003 955 1080 loco,
970 1005 1092 1065 Sanctoe
1103 1009 1200 1068 atatim
1211 1029 1229 1068 a
1239 1019 1331 1070 morte

122 1085 180 1145 frui
195 1085 307 1144 visione
355 1085 390 1145 ei.

119 1191 142 1236 4
157 1190 198 1236 Ex
214 1187 310 1236 Enoeuo
320 1192 346 1234 ,a
405 1163 496 1221 VIII.
520 1163 636 1240 Quarto,
650 1164 724 1239 Quia
739 1164 840 1223 Enoch
854 1173 884 1224 et
899 1165 979 1225 Elias
993 1165 1023 1223 in
1038 1168 1142 1226 coelum
1157 1177 1225 1228 sunt
1238 1177 1330 1229 trans·

210 1247 275 1303 Elin
370 1243 431 1320 lati,
448 1243 525 1302 Heb.
537 1245 576 1305 xi.
593 1247 621 1319 5,
637 1253 665 1304 et
688 1243 796 1322 anag.
812 1244 842 1303 ii.
860 1249 906 1304 11.
948 1245 1023 1304 Nam
1041 1247 1110 1307 licet
1155 1249 1262 1308 culiare
1276 1250 1332 1310 boc

120 1327 193 1406 ipsis
207 1327 302 1402 fuerit,
317 1325 395 1403 quod
410 1344 530 1399 corpora
542 1325 600 1383 sint
613 1325 644 1381 iu
658 1323 763 1383 coelum
780 1325 864 1402 reptI,
879 1344 938 1383 non
952 1321 1098 1402 singulare
1111 1267 1167 1387 dit
1180 1328 1258 1406 quod
1273 1330 1330 1407 spi-

121 1409 179 1467 ritu
195 1408 253 1467 sint
267 1427 301 1466 eo
323 1405 450 1479 admissI,
466 1404 524 1462 imo
537 1404 660 1481 pignora
678 1403 784 1462 fuerint
799 1405 930 1464 solennia
942 1405 999 1482 piis
1014 1406 1114 1484 gloriae
1128 1408 1254 1468 coelestis
1268 1417 1330 1468 tan-

122 1485 189 1546 dem
203 1485 377 1546 obtinendae.
420 1483 480 1542 Neo
495 1485 521 1542 11
533 1483 625 1542 literae
644 1503 708 1560 quae
722 1483 858 1544 dicuntur
871 1484 907 1543 ab
922 1484 986 1562 ipso
1000 1487 1114 1564 scriptae
1128 1487 1166 1545 ad
1180 1488 1201 1549 J
1203 1509 1329 1548 oramum

123 1566 405 1639 201111111112,
427 1562 540 1622 traditae
565 1572 632 1623 sunt
647 1564 722 1641 Regi
740 1571 853 1623 tanturn
870 1572 1071 1641 postmortem
1096 1566 1178 1641 Elisa,
1202 1569 1332 1645 sequitur

122 1667 172 1706 eas
193 1656 259 1724 post
272 1654 386 1723 raptum
408 1663 491 1702 suurn
506 1643 664 1720 scripsisse.
707 1642 800 1702 Aliud
823 1651 868 1702 est
891 1653 958 1721 post
981 1654 1095 1722 raptum
1122 1647 1244 1725 scriptas
1258 1667 1330 1723 esse,

122 1726 204 1786 aliud
220 1735 287 1805 post
299 1735 413 1802 raptum
428 1731 540 1782 tantum
555 1723 646 1784 datas.
688 1723 811 1782 Vanitas
824 1723 957 1800 figmenti
967 1722 1003 1782 de
1017 1725 1205 1785 translatione
1220 1727 1332 1785 Enochi

123 1817 152 1866 et
167 1806 242 1866 Eliae
255 1807 286 1864 in
300 1803 464 1883 paradisum
479 1811 652 1876 terrestrem,
665 1811 694 1862 et
708 1801 744 1860 de
769 1822 867 1861 eorum
881 1803 976 1862 reditu
996 1803 1033 1861 ad
1048 1804 1253 1864 debellandum
1268 1805 1330 1865 An-

122 1887 318 1961 ti-Cbristum,
333 1883 404 1944 alibi
417 1891 533 1942 ostenso
547 1891 591 1941 est
606 1882 640 1941 P.
656 1882 680 1940 Ι.
697 1883 767 1941 Loc.
782 1882 872 1940 VIII.
889 1883 922 1958 Q.
939 1887 966 1942 t.
982 1883 1035 1941 Th.
1052 1886 1079 1943 9.

426 1963 486 2022 IX.
502 1962 618 2038 Quinto,
635 1961 710 2037 Quia
732 1961 834 2021 fideles
847 1970 960 2021 vetares
974 1973 1163 2041 expecierunt
1183 1965 1331 2026 civitatem

121 2032 145 2077 ⁶·
153 2031 192 2078 Ε*
201 2032 288 2135 ᾝῑθ
301 2031 372 2077 Vm·
394 2043 548 2117 coelestem,
563 2042 639 2100 Heb.
650 2041 690 2100 xi.
702 2044 748 2118 10,
758 2050 787 2101 11
797 2061 935 2120 magnum
944 2043 1079 2103 solatium
1093 2052 1122 2103 et
1132 2053 1240 2104 cenam
1251 2067 1331 2124 spem

270 2121 276 2132 '
387 2123 486 2200 gloriae
500 2123 530 2180 in
544 2130 636 2181 morte
656 2121 828 2197 habuemnt,
843 2122 922 2198 quod
935 2121 998 2181 fieri
1012 2143 1070 2182 uon
1090 2125 1240 2202 potuisset,
1257 2127 1282 2186 si
1302 2127 1332 2185 iu

122 2203 268 2263 infemnm
285 2203 380 2263 adbuc
393 2202 566 2266 detrudendi
586 2202 717 2261 fuissent.
760 2201 910 2277 Quomodo
924 2202 1019 2262 Jacob
1033 2211 1114 2263 tanto
1125 2205 1222 2263 studio
1236 2225 1267 2265 se
1281 2227 1331 2266 ex-

122 2292 240 2362 pectere
261 2283 384 2342 salutem
398 2283 516 2341 Domini
537 2289 699 2356 testaretur,
716 2283 790 2342 Gen.
805 2282 878 2340 xlix.
896 2284 942 2357 18,
965 2283 1004 2342 Ε1
1026 2271 1124 2344 David
1144 2304 1175 2343 se
1189 2285 1333 2345 inmanus

124 2363 245 2422 Domini
259 2361 402 2441 deponere
417 2363 547 2440 spiritum
566 2382 658 2437 suum,
670 2363 747 2421 Psal.
762 2361 846 2420 xxxi.
862 2363 890 2436 5,
911 2361 934 2420 si
949 2364 1050 2440 procul
1064 2363 1225 2424 debuemnt
1239 2367 1334 2425 adhuc

122 2463 189 2504 esse
204 2463 222 2501 1
235 2443 308 2501 facie
324 2443 388 2518 Dei,
404 2451 433 2502 et
448 2442 628 2520 glorificandi
640 2450 751 2501 tantum
760 2450 827 2520 post
840 2442 932 2500 multa
947 2443 1066 2502 secula?
1094 2443 1155 2504 Nec
1169 2443 1228 2504 dici
1238 2454 1335 2524 potest

124 2522 272 2582 Davidem
291 2523 333 2581 sic
348 2523 417 2582 vitae
430 2522 635 2599 perfectionem
658 2523 721 2581 Deo
734 2521 959 2596 commendasse,
975 2523 1044 2598 quia
1062 2524 1152 2582 verba
1172 2545 1231 2583 non
1245 2526 1333 2585 alium

122 2622 243 2663 sensum
259 2611 381 2680 possunt
394 2603 524 2662 obtinere
545 2623 583 2661 ex
602 2603 679 2679 stylo
700 2603 863 2679 Scripturas,
879 2621 966 2678 quam
982 2602 1044 2661 Deo
1064 2604 1189 2662 animam
1211 2605 1332 2682 tradere,

122 2693 159 2743 ut
172 2691 253 2760 patet
263 2682 396 2760 exemplo
414 2683 443 2742 S.
461 2683 609 2760 Stephani,
626 2683 694 2740 Act.
709 2683 759 2740 vii.
775 2683 823 2742 59.

314 2829 319 2839 ,
381 2781 382 2790 ’
428 2762 471 2821 X.
494 2763 565 2837 Quae
575 2761 611 2821 de
621 2764 768 2838 sepulchro
779 2771 808 2820 et
822 2771 908 2821 morte
918 2762 1053 2822 dicuntur
1064 2764 1139 2823 Gen.
1154 2766 1269 2824 xxxvii.
1285 2769 1333 2840 35,

136 2827 230 2874 Fontes
241 2827 345 2874 81111111-

212 2899 277 2930 num.
387 2923 416 2979 in
429 2924 613 2999 sepulchrum,
628 2941 777 2999 porperam
794 2921 947 2981 trahuntur
961 2921 998 2981 ad
1014 2922 1168 2998 Limbum,
1182 2925 1334 2986 11111111

120 3023 178 3062 seu
191 2997 252 3066 itha
264 3001 447 3079 sepulchrum
461 3011 514 3076 est,
529 3002 560 3060 in
573 3001 652 3079 quod
665 3002 796 3060 homines
810 3009 876 3078 post
889 3009 1010 3059 mortem
1024 3000 1212 3061 descendunt.

167 3081 228 3139 XI.
252 3082 382 3142 01111111
395 3082 543 3158 nouaque,
557 3102 593 3140 ex
607 3100 665 3158 qua
679 3079 821 3140 educendi
835 3080 950 3138 suerunt
960 3080 1083 3139 Veteres
1094 3083 1235 3159 sanguine
1245 3082 1334 3144 foede·

123 3163 175 3236 ris,
192 3161 279 3220 Zach.
295 3161 336 3221 ix.
354 3165 400 3235 11,
416 3181 474 3220 uon
488 3161 574 3220 debet
587 3161 664 3221 trahi
678 3159 716 3218 ad
730 3159 874 3232 Limbum,
890 3178 955 3218 cum
969 3159 1024 3218 hoc
1033 3161 1137 3237 partim
1152 3161 1188 3221 de
1201 3161 1335 3224 libertate

122 3264 142 3301 a
164 3241 333 3318 captivitate
356 3241 536 3318 Babylonica
549 3249 579 3299 et
598 3240 722 3300 miseriis
736 3259 800 3298 eam
814 3238 1026 3315 comitantibus,
1042 3260 1061 3298 1
1080 3241 1186 3318 quibus
1208 3244 1335 3304 nondum

123 3323 212 3400 plene
225 3320 339 3380 liberati
354 3329 435 3380 erant
445 3321 467 3380 J
470 3321 554 3394 udaei,
568 3320 681 3380 dicatur
695 3318 791 3398 quood
804 3319 925 3394 literam,
937 3319 1042 3396 partim
1057 3322 1153 3397 quoad
1166 3325 1335 3399 mysterium

124 3402 163 3460 de
178 3401 346 3477 captivitate
360 3399 502 3478 spirituali
516 3400 570 3458 sub
592 3408 719 3477 peccato,
735 3420 753 3457 a
766 3419 824 3476 qua
839 3398 971 3458 Christus
990 3419 1043 3458 nos
1061 3400 1166 3460 liberat
1186 3405 1336 3480 sanguinis

124 3481 181 3556 sui,
196 3481 228 3538 in
241 3500 299 3557 quo
318 3479 413 3540 foedus
427 3480 536 3540 Gratiae
557 3481 699 3540 sancitum
713 3489 766 3555 est,
781 3477 916 3554 efficacia,
932 3486 965 3538 ut
986 3469 1116 3540 omnium'
1132 3481 1336 3544 liberationum

124 3561 215 3622 etiam
229 3559 430 3638 temporalium
443 3559 662 3619 fundamentum
676 3559 739 3619 fuit.

169 3639 247 3698 XII.
270 3639 336 3698 Non
357 3639 412 3700 fuit
425 3659 513 3699 verus
529 3640 655 3714 Samuel,
670 3640 721 3715 qui
734 3640 816 3698 risus
830 3647 875 3698 est
890 3639 1083 3718 Pythonissae,
1098 3644 1111 3699 l
1131 3641 1209 3701 Sam.
1232 3645 1335 3703 xxviii.

127 3724 176 3794 12,
192 3717 245 3778 sed
259 3720 323 3798 ejus
336 3725 449 3780 tantum
468 3727 622 3796 spectrum,
639 3720 761 3777 Daemon
778 3719 888 3778 scilicet
911 3717 1063 3797 Prophetae
1087 3741 1239 3798 personam
1256 3743 1335 3783 men-

125 3801 213 3874 tiens,
228 3799 278 3876 qui
296 3819 312 3858 e
335 3808 413 3859 terra
428 3799 536 3877 prodiit
554 3799 593 3858 ad
616 3798 781 3859 terrendum
798 3799 923 3874 Saulem,
938 3807 971 3857 ut
993 3800 1152 3877 plerunque
1176 3803 1238 3879 ipse
1254 3803 1336 3862 Sata·

125 3899 180 3940 nas
195 3899 227 3938 se
241 3877 427 3956 transfigurat
440 3879 471 3937 in
486 3878 635 3956 Angelum
648 3878 731 3938 lucis.
774 3878 886 3954 Quippe
900 3879 973 3936 nihil
984 3879 1059 3956 juris
1069 3880 1118 3938 vel
1131 3881 1244 3957 imperii
1258 3901 1335 3940 com·

125 3960 201 4037 petit
227 3959 414 4019 Damonibus
435 3959 467 4017 in
488 3959 601 4037 piomm
623 3959 742 4032 animas,
763 3977 835 4035 quas
850 3959 931 4018 Dens
955 3960 1062 4035 recepit
1086 3959 1116 4015 iu
1139 3958 1337 4019 Tabemacula

125 4048 244 4114 eterna
259 4047 293 4098 ut
306 4039 457 4115 quiescant
473 4059 491 4097 1
508 4039 657 4098 laboribus
671 4038 750 4112 suis;
772 4038 844 4096 alias
858 4037 983 4096 deterior
999 4047 1076 4096 esset
1096 4037 1222 4095 conditio
1237 4057 1335 4098 eorum

125 4127 338 4197 postmortem,
354 4139 439 4196 quam
455 4119 486 4176 in
499 4119 569 4194 vita,
585 4118 615 4176 iu
629 4137 687 4195 qua
700 4117 756 4176 fide
771 4125 896 4192 armatae,
911 4125 982 4177 tutae
996 4125 1063 4175 sunt
1077 4116 1113 4174 ab
1128 4116 1261 4175 omnibus
1285 4119 1335 4178 Sa·

124 4211 203 4258 tanae
217 4197 382 4258 insultibus.
425 4197 512 4258 Adde
526 4198 613 4275 quod,
629 4198 653 4256 si
675 4217 762 4256 verus
784 4195 886 4256 fuisset
911 4197 1036 4270 Samuel,
1052 4215 1110 4253 non
1134 4205 1210 4254 esset
1233 4217 1337 4274 passus

126 4299 158 4338 se
173 4277 288 4336 adorari
307 4298 324 4336 1
340 4277 445 4352 Saule;
469 4278 530 4337 Nee
552 4277 611 4336 dici
623 4278 765 4355 potuisset
787 4277 880 4335 Deum
901 4274 981 4334 Sauli
995 4275 1089 4351 ipsum
1103 4275 1264 4335 consulenti
1278 4297 1336 4336 non

126 4357 320 4436 respondisse,
335 4377 389 4416 neo
399 4377 451 4435 per
472 4357 650 4432 Sacerdotes,
666 4377 720 4416 neo
733 4377 784 4434 per
805 4356 973 4434 Prophetas,
989 4355 1058 4430 quia
1074 4353 1254 4432 repondisset
1267 4365 1337 4416 tunc

127 4458 180 4516 per
194 4437 364 4515 Prophetas.
407 4437 468 4496 Neo
482 4438 636 4515 quicquam
651 4445 696 4496 est
709 4436 847 4495 momenti
861 4455 913 4512 pro
928 4452 1031 4506 errore,
1046 4433 1077 4491 in
1095 4434 1211 4492 nomine
1234 4435 1355 4508 Samug

128 4517 191 4591 elis,
207 4516 286 4594 quod
307 4515 350 4574 illi
365 4525 478 4598 spectro
492 4517 585 4593 datur,
606 4517 674 4594 quia
688 4516 729 4574 sic
744 4515 801 4574 dici
815 4515 909 4593 potuit
923 4521 1039 4590 propter
1062 4512 1287 4590 similitudinem,
1303 4527 1336 4576 ut

129 4597 226 4656 solent
243 4596 385 4672 imagines
399 4615 494 4656 rerum
508 4615 606 4655 earum
620 4594 785 4654 nominibus
799 4593 945 4672 appellari,
961 4613 1083 4670 quarum
1096 4593 1237 4670 imagines
1259 4605 1334 4674 sunt,

128 4687 161 4736 ut
176 4677 306 4753 August.
323 4673 384 4734 fuse
399 4676 500 4752 probat
515 4677 552 4734 ad
570 4675 803 4752 Simplicianum3
827 4673 874 4733 vel
888 4673 919 4731 in
930 4692 964 4731 eo
976 4673 1054 4749 quod
1075 4673 1170 4732 sutura
1191 4674 1334 4756 praedixit,

387 2850 416 2901 et
430 2842 492 2901 xlii.
504 2845 552 2917 38,
567 2842 646 2919 quod
659 2843 681 2901 J
683 2842 754 2900 acob
769 2842 960 2901 descensurus
978 2843 1016 2901 sit
1029 2861 1095 2901 cum
1119 2864 1241 2905 moerore
1261 2847 1336 2905 11115
1445 2879 1450 2890 ·
