3146 5210
204 288 263 347 452
614 303 704 346 Litora
719 303 850 346 neamus
864 304 1002 354 curares.
1226 283 1357 366 [quaer.
1372 305 1415 345 ur.

205 449 267 506 xiii.
282 452 330 506 48.
375 448 416 506 At
431 449 455 505 si
470 449 563 524 gratia
578 447 722 506 sufficiens
744 447 830 506 datur
852 449 995 522 omnibus,
1022 449 1104 525 Ergo
1119 457 1147 506 et
1162 449 1257 525 gratia
1271 447 1416 506 credendi.

209 530 269 586 Noc
297 529 343 586 nic
366 529 459 604 regeri
483 528 578 602 debet,
603 529 725 604 gratiam
753 529 869 604 quidem
890 529 1064 586 sufficienter
1088 529 1151 586 dari
1175 548 1214 586 ex
1241 537 1324 605 parte
1355 529 1420 597 Ilei,

207 609 258 666 scd
273 609 452 666 obstaculum
478 629 541 666 esso
566 609 595 664 in
610 609 798 684 perversitate
814 609 1003 683 voluntatum,
1019 629 1078 685 qua
1091 609 1138 666 hic
1154 607 1279 684 gratiam
1294 608 1418 665 oblatam

207 690 308 765 rejicit,
331 709 417 764 quam
439 689 514 747 alter
538 689 729 764 amplectitur.
772 689 846 762 Quia
867 697 995 747 recurret
1009 709 1123 766 sanrper
1136 689 1268 762 Quaestio
1282 687 1320 746 de
1336 708 1421 745 causa

206 770 289 827 istius
301 769 485 845 diversitatis,
520 769 606 828 Unde
620 769 671 825 fiat
684 768 762 844 quod
773 769 820 826 hic
835 789 893 846 prae
907 769 964 826 alio
975 768 1095 846 recipiat
1106 769 1255 845 gratiam?
1271 768 1331 825 vel
1347 771 1420 825 enim

207 849 280 907 illud
303 849 390 907 habet
414 869 431 906 a
454 869 496 923 se,
509 849 557 906 vel
571 848 608 906 ab
623 849 754 924 ampliori
770 847 825 906 Dei
840 849 942 926 gratia.
986 849 1015 906 s'i
1031 869 1048 906 a
1070 869 1109 922 se,
1126 867 1197 924 ergo
1210 849 1302 906 homo
1318 869 1350 906 se
1365 849 1419 905 dis-

208 930 299 988 cernit
314 939 413 988 contra
429 930 559 987 l'aulum.
605 928 636 985 Si
659 948 676 984 a
692 928 763 1002 Dec,
780 929 860 1005 Ergo
884 929 962 1005 prior
977 929 1070 1005 gratia
1084 949 1142 986 non
1156 938 1255 1004 potest
1270 928 1329 986 dici
1347 929 1422 986 sulii·

208 1011 295 1084 ciens,
322 1031 387 1067 cum
410 1018 495 1085 egeat
517 1009 573 1066 alia
599 1008 783 1084 superaddita
807 1009 845 1065 ad
868 1009 993 1066 hominis
1013 1008 1295 1066 determinationem.
1340 1009 1423 1066 Etsi

208 1091 262 1148 luit
283 1091 435 1164 sufficiens,
459 1093 517 1147 t'ur
538 1090 621 1147 istam
643 1088 860 1164 perversitatem
882 1108 963 1166 aeque
984 1089 1013 1145 in
1035 1109 1093 1146 uno
1114 1109 1147 1147 ac
1163 1088 1193 1146 in
1213 1089 1348 1146 alienon
1364 1110 1424 1147 sus·

209 1170 300 1228 tulit?

250 1249 323 1306 XV.
345 1252 372 1305 4.
386 1248 488 1308 Gratia
502 1249 565 1321 ista,
582 1269 645 1324 qua
661 1248 794 1305 omnibus
809 1247 902 1320 datur,
918 1249 975 1306 Vel
985 1249 1104 1325 aqualis
1114 1257 1159 1306 est
1173 1255 1203 1306 et
1217 1267 1271 1324 par
1287 1248 1318 1306 in
1333 1249 1423 1306 omni-

210 1329 272 1403 bus,
289 1329 335 1386 vol
351 1329 443 1404 impar
457 1337 486 1386 et
500 1328 659 1404 inaequalis.
705 1327 735 1385 Si
750 1328 848 1404 impar,
873 1349 929 1385 non
950 1337 1046 1405 potest
1067 1327 1124 1386 dici
1146 1327 1296 1385 sufficiens
1318 1339 1350 1387 ct
1363 1331 1424 1386 uui-

209 1409 339 1484 rcrsalis,
356 1409 407 1466 scd
429 1409 561 1484 quaedam
586 1408 755 1482 communis,
779 1408 911 1483 quaedam
927 1409 1089 1484 singularis.
1134 1409 1165 1465 Si
1180 1424 1233 1484 par
1247 1417 1277 1465 et
1294 1411 1424 1485 aequalis,

210 1491 269 1548 Cur
282 1489 384 1548 effecta
399 1498 466 1547 sunt
479 1497 538 1546 tam
553 1488 697 1564 imparia?
739 1488 827 1546 Dices
841 1509 879 1546 ex
893 1489 995 1566 impari
1008 1487 1157 1546 hominum
1169 1486 1288 1562 affectu,
1305 1499 1337 1547 et
1351 1491 1425 1546 arbi·

210 1571 354 1646 tri0,quia
370 1570 423 1627 iste
449 1569 557 1646 recipit,
578 1569 627 1626 ille
643 1567 760 1645 respuit.
804 1569 883 1644 Ergo
898 1567 945 1625 vel
960 1568 1052 1645 impar
1079 1568 1134 1626 fuit
1154 1568 1330 1642 remedium,
1347 1571 1425 1646 qnod

210 1671 267 1708 non
280 1651 393 1708 sanavit
401 1658 562 1725 utrumque,
576 1649 623 1706 vel
632 1649 725 1724 impar
735 1648 853 1706 morbus
863 1657 981 1723 naturae,
990 1647 1068 1724 quod
1077 1647 1170 1705 voluit
1176 1647 1330 1724 Pelagius,
1338 1667 1427 1726 negat
1520 1670 1521 1677 ¹

212 1731 380 1808 Apostolus,
397 1730 481 1787 llam.
497 1730 537 1786 iii.
556 1733 601 1786 12.
618 1728 656 1785 Et
670 1729 699 1786 in
714 1747 915 1805 quamcunque
929 1728 1048 1786 formam
1064 1748 1094 1786 sa
1108 1735 1224 1785 vertant
1239 1727 1427 1803 Adversalii,
1519 1763 1520 1766 ¹

210 1831 243 1868 eo
259 1810 432 1868 veniendum
444 1819 496 1884 cst,
512 1818 544 1867 ut
563 1809 620 1866 nisi
645 1809 738 1884 gratia
762 1808 963 1866 discriminans
977 1808 1130 1885 peculiaris
1145 1807 1230 1865 detur
1244 1808 1282 1866 iis
1294 1810 1349 1885 qui
1360 1821 1428 1868 actu
1519 1839 1520 1854 r

209 1899 425 1962 convertuntur,
451 1888 628 1947 refundenda
653 1889 690 1946 sit
712 1888 837 1945 hominis
860 1888 1003 1961 discretio,
1029 1888 1124 1964 posita
1138 1886 1295 1946 sufficienti
1322 1892 1430 1966 gratia,

210 1991 295 2047 quam
310 1981 415 2046 urgent
430 1969 609 2044 Adversarii,
624 1969 655 2026 iu
678 1968 800 2026 liberum
815 1968 940 2026 hominis
954 1967 1112 2043 arbitrium,
1134 1966 1185 2043 qui
1199 1968 1372 2045 ipsissimus
1388 1987 1432 2029 cst

211 2071 290 2108 error
306 2049 428 2125 Pelagii.

252 2130 341 2186 XVI.
365 2127 573 2205 sampsaei
597 2149 634 2187 ex
661 2127 846 2186 adversariis
861 2128 1060 2187 Commeatum
1079 2128 1135 2186 hoe
1148 2126 1297 2204 rejiciunt,
1315 2139 1350 2188 ut
1365 2133 1431 2190 uni-

211 2229 295 2266 versa
306 2207 574 2281 Jansoniisamilia;
595 2209 654 2266 vid.
676 2209 849 2268 dansenium
864 2207 894 2265 in
910 2209 1036 2285 August.
1051 2208 1101 2264 lib.
1121 2207 1162 2266 iii.
1172 2227 1236 2284 cap.
1246 2211 1275 2282 3,
1292 2210 1349 2268 ubi
1364 2231 1431 2286 pro-

210 2288 260 2346 bat
275 2297 465 2344 monstrosam
480 2306 543 2344 csse
558 2289 680 2363 gratiam
696 2287 892 2363 sufficientem,
917 2291 934 2321 ‘⁵
945 2298 1031 2365 prout
1044 2309 1061 2345 a
1072 2287 1281 2346 recentioribus
1296 2291 1432 2367 explica-

211 2376 265 2441 tur,
290 2385 352 2422 osse
375 2365 513 2440 adjutorii
538 2387 629 2441 genus
654 2367 820 2426 distinctum
846 2388 863 2424 a
886 2369 1004 2443 cacteris,
1029 2367 1107 2444 quod
1121 2387 1271 2442 nunquam
1288 2369 1331 2426 ab
1347 2371 1434 2429 initio

211 2448 295 2523 lapsu
309 2445 529 2520 humaniusque
544 2446 581 2502 ad
598 2447 702 2521 judicii
717 2447 802 2523 diem,
819 2448 910 2506 ullum
925 2449 954 2505 iu
975 2449 1100 2506 huniana
1121 2447 1274 2506 voluntate
1289 2448 1433 2509 effectam

211 2526 320 2601 habuit,
333 2535 382 2584 aut
396 2525 560 2583 habiturum
573 2527 646 2600 est,''
663 2525 716 2584 &a
750 2528 789 2585 Et
803 2548 865 2604 cap.
877 2532 905 2586 4.
921 2548 958 2586 ex
972 2537 1074 2585 natura
1085 2527 1185 2604 gratiae
1197 2527 1331 2587 ostendit
1341 2533 1435 2589 nullis

211 2606 275 2666 dari
302 2606 491 2665 sufficientem
516 2607 638 2684 gratiam
656 2609 744 2684 juxta
772 2627 887 2665 sensum
912 2608 1111 2683 recentiorum,
1128 2615 1156 2665 et
1171 2627 1234 2684 cap.
1261 2613 1433 2686 x.11,1‘2,

211 2689 313 2766 probat
328 2687 492 2745 innumeros
508 2688 601 2764 gratia
616 2689 671 2746 ista
699 2686 851 2744 sufficienti
875 2688 1001 2762 destitui,
1018 2696 1046 2746 et
1070 2707 1132 2745 eam
1147 2707 1165 2744 a
1181 2687 1435 2766 Semipelagiauis

211 2769 404 2845 excogitatam
420 2788 491 2841 esse,
508 2777 536 2826 et
547 2769 576 2825 in
592 2768 778 2844 sequentibus
792 2767 898 2825 refellit
911 2776 1081 2844 argumenta
1094 2767 1275 2826 Jesuitarum
1290 2788 1347 2844 pro
1363 2791 1435 2848 gra-

211 2849 251 2908 tia
266 2847 426 2908 sufficienti.
470 2849 535 2906 Iloc
551 2848 676 2905 Alvarez
689 2846 725 2904 de
740 2846 857 2904 auxiliis
871 2847 921 2905 lib.
937 2851 965 2922 8,
981 2847 1054 2924 disp.
1071 2850 1118 2922 71,
1130 2846 1192 2923 jam
1204 2861 1385 2924 asseruerat,
1403 2868 1434 2911 et

211 2938 324 2987 constat
352 2929 416 2986 aliis
441 2948 498 2986 non
512 2929 612 3006 paucis
627 2927 819 3005 improbatum
834 2925 922 2985 fuisse
937 2927 1016 2986 istud
1030 2935 1234 3002 commentum,
1249 2936 1284 2986 ut
1299 2928 1433 3008 Bennio,

212 3009 322 3080 Osori0,
341 3009 495 3085 Delphina.

253 3089 361 3146 XVII.
384 3092 413 3147 6.
428 3087 478 3145 Ad
492 3088 614 3164 gratiam
630 3087 709 3145 illam
725 3085 922 3162 sufficientem,
944 3087 992 3144 vel
1011 3087 1122 3163 aliquid
1135 3086 1249 3146 accedit
1262 3096 1296 3146 ut
1310 3089 1353 3147 sit
1366 3091 1431 3149 effi-

213 3188 276 3241 cax,
303 3167 351 3225 vel
375 3168 456 3225 nihil.
502 3169 533 3226 si
555 3168 665 3244 aliquid
690 3166 775 3225 debet
799 3166 945 3241 accedere,
962 3167 1041 3244 Ergo
1055 3187 1113 3226 non
1132 3176 1176 3226 est
1191 3167 1349 3228 sufficiens.
1397 3173 1432 3229 Si

118 3315 122 3320 Δ
212 3247 295 3320 nihil,
318 3255 380 3303 tum
405 3247 533 3304 efficacia
557 3248 608 3304 illa
630 3247 766 3323 pendebit
789 3247 825 3304 ab
840 3247 1035 3320 homine,non
1050 3268 1068 3305 a
1087 3247 1159 3321 Deo,
1182 3247 1304 3324 ejusque
1318 3252 1429 3325 gratia.

212 3325 253 3382 Et
268 3325 361 3402 gratia
375 3325 477 3382 cfficax
491 3326 603 3384 dicetur
616 3335 727 3385 tantum
743 3327 779 3384 ab
801 3335 915 3400 eventu,
932 3347 989 3383 uon
1005 3345 1085 3384 esua
1098 3337 1209 3400 natura,
1225 3327 1360 3404 adeoque
1375 3330 1431 3387 illa

211 3403 360 3461 distinctio
373 3423 431 3461 non
445 3406 499 3462 erit
513 3404 659 3463 distinctio
670 3406 779 3482 gratiae,
792 3406 843 3464 sed
854 3407 944 3483 ipsius
955 3415 1085 3481 eventus,
1097 3415 1130 3464 ut
1144 3426 1257 3483 semper
1270 3407 1308 3465 sit
1322 3408 1428 3466 eadem

213 3483 315 3559 gratia,
331 3503 395 3558 quae
410 3482 582 3559 quaudoque
598 3487 783 3562 consequitur
796 3496 941 3561 eventum,
956 3486 1129 3562 quandoque
1143 3506 1209 3544 non.

254 3561 380 3619 XVIll.
403 3566 430 3620 7.
447 3562 521 3635 Quia
545 3563 702 3623 innumeris
724 3585 777 3624 nec
802 3566 887 3624 datur
906 3585 956 3624 cor
974 3566 1011 3623 ad
1025 3566 1255 3643 intelligendum,
1277 3585 1329 3624 nec
1345 3569 1427 3626 oculi

213 3641 428 3717 adridendum,
446 3642 532 3700 Dent.
545 3644 627 3702 xxix.
642 3649 670 3720 4,
686 3665 739 3703 nec
753 3645 857 3704 notitia
870 3645 1073 3722 mysteriorum
1089 3647 1152 3720 Dei,
1170 3647 1275 3707 Matth.
1291 3647 1354 3706 xiii.
1369 3669 1425 3706 nec

213 3731 323 3783 tractus
339 3723 440 3798 Patris,
456 3722 478 3781 J
480 3723 526 3782 oh.
538 3724 577 3782 vi.
594 3728 641 3796 44,
657 3733 800 3802 quaesunt
814 3725 909 3784 media
923 3725 1031 3784 solaad
1046 3727 1263 3785 conversionem
1278 3726 1423 3785 sufficien-

213 3805 263 3863 tia.
306 3804 366 3862 Ncc
388 3803 436 3862 hic
455 3803 617 3881 dicendum,
645 3806 738 3864 Deum
763 3814 902 3880 quantum
927 3806 958 3863 in
980 3825 1010 3864 se
1035 3815 1079 3865 est
1099 3807 1226 3866 voluisse
1241 3816 1270 3867 et
1289 3817 1424 3882 paratum

213 3885 302 3943 fuisse
317 3884 384 3944 dare
400 3905 449 3942 cor
463 3885 548 3958 istud,
562 3895 590 3944 ct
604 3885 712 3958 oculos,
728 3883 779 3942 sed
800 3905 851 3960 per
864 3887 1009 3944 hominem
1023 3886 1234 3945 illud-stetisse.
1276 3887 1351 3962 Quia
1364 3907 1425 3944 non

213 3965 359 4042 quaeritur,
371 3964 447 4039 Quid
457 3965 537 4023 Deus
551 3975 668 4041 paratus
677 3964 762 4023 fuerit
776 3964 868 4023 dare?
891 3965 948 4024 Sed
963 3985 1000 4023 an
1010 3985 1110 4024 revera
1125 3965 1262 4024 dederit?
1282 3965 1361 4044 quod
1374 3966 1423 4023 liic

213 4045 319 4103 diserte
334 4053 465 4121 negatur.
508 4045 568 4102 Nec
591 4045 709 4104 rebellio
730 4044 855 4102 hominia
874 4045 988 4104 obstare
1002 4046 1104 4122 potuit,
1120 4046 1274 4122 quominus
1284 4047 1375 4120 daret,
1396 4047 1422 4102 si

214 4124 311 4198 vellet,
334 4145 400 4183 cum
420 4145 477 4180 non
499 4124 587 4182 alium
609 4125 638 4182 in
659 4125 745 4182 finem
767 4124 851 4182 detur
871 4127 972 4201 gratia,
995 4145 1081 4201 quam
1102 4126 1139 4183 ad
1169 4145 1233 4182 eam
1254 4125 1421 4200 tollendam,

214 4224 268 4262 noc
289 4204 351 4262 sino
373 4224 407 4260 ea
427 4203 490 4261 tolli
512 4205 611 4280 possit.
668 4205 729 4262 Nec
750 4204 844 4280 magis
865 4205 982 4280 stringit
1002 4205 1081 4281 quod
1102 4205 1225 4278 additur,
1249 4204 1419 4281 denegatam

214 4283 330 4360 quidem
345 4282 432 4340 luisse
449 4283 554 4339 claram
580 4292 609 4341 et
623 4284 787 4342 distinctam
813 4284 944 4342 notitiam
959 4285 1162 4360 mysteriorum
1177 4285 1331 4362 Evangelii
1346 4285 1419 4358 aliis,

213 4383 279 4440 quac
294 4381 430 4420 concessa
444 4361 499 4419 fuit
512 4362 671 4438 Apostolisr,
689 4363 808 4420 sednon
820 4361 885 4420 ideo
906 4373 1041 4438 negatam
1056 4365 1144 4423 luisse
1159 4382 1271 4422 omnem
1287 4364 1418 4441 gratiam

213 4463 265 4519 per
279 4461 363 4518 qnam
380 4442 434 4499 ista
447 4442 585 4516 mysteria
599 4461 772 4518 cognoscere
783 4450 912 4517 possunt.
936 4443 1009 4500 Nam
1024 4445 1232 4520 qualiscunque
1243 4445 1338 4520 gratia
1350 4443 1422 4520 ipsis

213 4522 327 4579 indulta
351 4519 445 4594 fuerit,
467 4539 525 4578 non
549 4531 645 4598 potest
669 4523 727 4580 dici
751 4519 913 4597 sufficiens3
937 4523 1008 4580 Cum
1031 4533 1153 4600 negatur
1167 4524 1237 4601 ipsis
1252 4541 1419 4584 concessum

213 4599 302 4657 luisse
318 4620 335 4656 a
350 4600 413 4658 Deo
437 4618 523 4658 nosse
545 4600 601 4660 iata
614 4601 760 4678 mysteria.
804 4600 888 4675 Quod
902 4601 938 4659 ad
953 4609 1077 4662 tractum
1093 4604 1323 4680 Patris'attinet3
1346 4603 1417 4662 Cum
