3186 5210
305 391 363 448 508
738 409 829 450 noces
844 408 973 450 oncruus
987 407 1123 457 oursrus.
1308 385 1427 466 [oussr.
1440 407 1501 446 xri.

302 546 463 606 doctrinam
477 557 604 608 nostram
625 551 794 610 traducendi
815 554 847 609 ut
867 549 1030 624 absurdam,
1053 569 1117 626 quae
1139 547 1246 606 circulo
1266 547 1385 606 ridiculo
1405 547 1500 624 impli-

304 635 392 701 cetur,
423 629 505 704 quasi
533 629 663 689 dieamus
690 631 776 688 fidem
801 630 1016 706 justificantem,
1046 649 1104 705 qua
1127 627 1291 688 obtinemus
1310 628 1501 685 remissionem

302 715 493 782 peccatorum,
509 708 540 765 iu
555 729 588 768 eo
603 711 767 784 consistere,
783 720 816 768 ut
830 709 980 768 credamus
998 717 1116 785 peccata
1129 708 1213 766 nobis
1223 709 1285 782 jam
1296 727 1362 766 esse
1376 707 1499 779 remissa,

303 793 335 842 ut
345 787 493 845 Arnaldus
515 798 582 865 post
597 791 732 848 Bellarm.
748 790 810 847 fuse
825 790 880 848 hoe
904 790 1060 864 exequitur
1072 788 1123 846 lib.
1138 788 1178 845 iii.
1193 807 1256 864 eap.
1271 789 1300 861 9,
1316 787 1500 845 sucessione

303 867 438 924 doctrine
449 868 572 942 moralis,
589 867 642 926 &a
687 869 745 927 Sed
769 869 853 926 Iaeile
878 876 922 926 est
942 869 1092 926 illusiones
1112 865 1277 926 istiusmodi
1297 875 1327 924 et
1347 866 1500 925 calumnias

303 944 455 1004 discutere.
507 946 611 1022 Primo,
628 949 758 1007 remissio
782 957 878 1025 potest
905 947 963 1005 dici
986 948 1137 1024 impetrata
1164 947 1285 1021 dejure
1308 965 1360 1022 per
1382 955 1498 1002 mortem

303 1023 418 1096 Christi,
434 1026 465 1082 in
486 1027 569 1102 eujus
584 1029 723 1103 sanguiue
743 1028 940 1086 remissionem
960 1027 1108 1101 hahemus,
1131 1026 1207 1103 Eph.
1222 1027 1240 1084 i.
1257 1029 1284 1099 7,
1308 1025 1356 1083 vel
1371 1025 1405 1082 de
1419 1027 1499 1098 sacto

302 1123 353 1179 per
368 1103 511 1162 efficacem
535 1107 598 1182 ejus
621 1107 851 1184 applicationem,
877 1125 943 1183 quse
965 1105 997 1165 lit
1018 1107 1047 1164 iu
1069 1105 1164 1164 corde.
1208 1104 1303 1163 Priori
1328 1105 1496 1164 sensubene

302 1181 407 1241 dicitur
421 1183 565 1260 objectum
580 1186 648 1244 fidei
662 1207 725 1245 esse
739 1187 937 1245 remissionem
951 1193 1133 1262 peecatorum
1141 1185 1202 1262 jam
1218 1185 1408 1261 impetratam,
1423 1183 1497 1241 seili-

301 1272 346 1320 cet
357 1263 459 1322 merito
474 1264 590 1324 Christi.
637 1267 695 1325 Sed
708 1267 859 1343 posteriori
873 1275 918 1324 est
938 1275 1049 1324 tautum
1064 1266 1194 1323 remissio
1215 1263 1413 1340 impetranda3
1433 1263 1500 1340 quis

301 1361 366 1398 curu
377 1342 448 1401 tides
464 1344 501 1401 sit
515 1365 602 1403 causa
616 1346 842 1405 instrumentalis
851 1345 1075 1422 justificationis,
1091 1344 1177 1402 debet
1190 1343 1353 1420 praecedere
1364 1343 1500 1419 justifica-

301 1421 418 1480 tionem.
462 1425 503 1482 At
517 1425 623 1484 fiducia
633 1427 809 1484 remissionis
824 1426 992 1502 impetratae,
1008 1443 1071 1482 eam
1095 1423 1257 1482 necessario
1282 1424 1420 1500 sequitur,
1433 1423 1501 1498 qnia

301 1503 448 1576 persuasio
463 1502 499 1561 de
514 1524 543 1562 re
558 1505 655 1582 aliqua
669 1505 752 1580 saeta,
768 1525 881 1582 semper
889 1513 933 1562 est
943 1504 1085 1582 posterior
1093 1504 1157 1580 ipsa
1167 1523 1197 1561 re
1212 1503 1296 1576 saeta,
1306 1523 1372 1578 que
1385 1511 1429 1560 est
1439 1503 1500 1578 ejus

301 1580 455 1656 objectum,
471 1603 524 1642 nee
545 1593 724 1661 potestesse
745 1585 808 1661 ejus
832 1604 927 1644 causa.
973 1583 1114 1658 Secundo,
1129 1592 1207 1642 ocae
1218 1583 1374 1661 fiducialis,
1389 1592 1421 1640 ut
1439 1581 1501 1658 jam

299 1659 417 1734 dictum,
434 1661 541 1740 duplex
560 1672 613 1740 est,
629 1664 701 1722 alter
715 1666 765 1741 qui
781 1665 919 1740 precedit
930 1664 1165 1738 justffieationem,
1187 1672 1220 1720 ut
1240 1662 1304 1738 ejus
1318 1681 1414 1736 eausa,
1429 1662 1500 1719 alter

299 1741 350 1816 qui
364 1761 425 1799 eam
447 1745 579 1818 sequitur,
605 1754 638 1802 ut
652 1745 714 1821 ejus
729 1743 855 1802 effectus.
899 1743 1028 1819 Ille,an
1051 1742 1182 1800 consistit
1204 1741 1234 1798 in
1256 1741 1442 1817 persuasione
1465 1739 1498 1798 de

301 1819 502 1880 Satissactione
517 1823 683 1898 plenissima
703 1823 809 1882 Christi
823 1823 1015 1900 propeccatis
1029 1822 1156 1880 omnium
1170 1820 1349 1879 credentium
1363 1821 1496 1897 praestita,

299 1900 379 1956 etin
402 1899 514 1977 refugio
528 1903 566 1960 ad
588 1903 682 1979 ipsum
705 1923 740 1960 ac
761 1905 824 1981 ejus
845 1902 1016 1978 receptione,
1041 1901 1157 1977 respicit
1179 1900 1376 1958 remissionem
1400 1901 1497 1957 merito

299 1978 404 2038 Christi
413 1980 473 2055 jam
489 1981 677 2057 impetratam,
695 1983 745 2040 sed
767 1983 861 2058 reipsa
875 1983 945 2039 mihi
957 1981 1084 2039 eredenti
1104 1979 1314 2058 applicandam.
1358 1980 1428 2053 Iste,
1450 1980 1497 2055 qui

296 2059 428 2117 consistit
443 2059 471 2116 iu
487 2071 552 2119 actu
567 2061 675 2120 reflexo
700 2062 776 2137 fidei,
792 2073 821 2120 et
841 2063 871 2119 iu
881 2060 1098 2138 Justificationis
1113 2079 1208 2134 sensu,
1224 2059 1343 2135 respicit
1356 2059 1497 2116 remissio·

296 2156 370 2209 nem,
387 2147 420 2196 ut
429 2139 490 2214 jem
506 2141 577 2198 mihi
590 2143 772 2219 applicatam.
795 2141 851 2199 Per
864 2141 945 2199 illum
961 2139 1046 2198 credo
1060 2147 1179 2216 peccata
1188 2158 1253 2196 mea
1262 2138 1333 2196 mihi
1348 2140 1497 2196 remissum

294 2215 330 2272 iri
345 2217 381 2274 de
396 2217 500 2292 futuro,
517 2221 564 2278 vel
579 2221 614 2280 de
626 2222 760 2298 praesenti
774 2221 822 2278 hic
836 2229 865 2280 et
878 2240 954 2279 nune
969 2220 1084 2278 remitti.
1127 2219 1184 2276 Per
1196 2219 1283 2276 istum
1299 2237 1369 2276 vero
1383 2229 1498 2294 peccata

294 2295 365 2352 mihi
391 2296 419 2352 iu
442 2299 586 2372 praeterito
597 2303 659 2377 jam
680 2302 800 2359 remissa
818 2321 890 2358 esse.
934 2299 1020 2358 Unde
1040 2298 1078 2357 ad
1102 2297 1287 2357 obtinendam
1301 2297 1498 2356 remissionem

293 2383 485 2448 peccatorum,
511 2397 569 2434 non
592 2378 684 2437 debeo
706 2379 821 2438 credere
843 2388 961 2455 peecata
983 2379 1055 2436 mihi
1064 2379 1126 2454 jam
1150 2378 1278 2451 remissa,
1293 2385 1326 2434 ut
1350 2397 1496 2454 perperam
1574 2399 1575 2420 ¹

293 2452 377 2510 nobis
391 2453 571 2530 impingunt,
594 2458 646 2516 sed
667 2458 758 2516 debeo
780 2459 895 2516 credere
909 2467 1027 2535 peecata
1050 2458 1121 2515 mihi
1143 2456 1270 2516 eredenti
1284 2465 1314 2514 et
1336 2457 1496 2532 poenitenti¹

288 2529 376 2607 juxta
409 2535 627 2609 promissionem
655 2537 759 2596 factam
787 2538 970 2597 credentibus
993 2545 1022 2596 et
1049 2537 1255 2613 poenitentibus
1282 2535 1437 2596 remissum
1464 2537 1498 2594 iri

292 2612 459 2686 certissime,
483 2634 548 2690 quae
569 2627 671 2692 postea
692 2626 758 2676 actu
781 2617 950 2676 secundario
975 2627 1003 2676 et
1027 2616 1135 2676 reflexo
1150 2637 1187 2675 ex
1210 2635 1296 2674 sensu
1321 2615 1390 2674 fidei
1414 2615 1497 2674 credo

292 2692 365 2749 mihi
378 2713 442 2752 esse
456 2694 583 2754 remissa.

594 2775 669 2837 VII.
693 2777 749 2835 His
773 2777 884 2852 positis,
906 2776 1028 2852 quaestio
1052 2795 1086 2834 eo
1109 2773 1192 2849 redit,
1219 2773 1269 2831 An
1292 2775 1444 2852 proprium
1469 2785 1495 2834 et

292 2836 422 2895 ⁰bl⁰⁰l²¹¹¹¹
439 2843 531 2898 propri·
552 2857 717 2932 speeifieum
742 2858 886 2933 objectum
903 2855 971 2913 fidei
992 2855 1030 2912 sit
1053 2853 1206 2932 promissio
1228 2854 1362 2930 specialis
1386 2855 1496 2912 miseri·
1573 2887 1574 2890 ¹

324 2909 365 2940 um
397 2896 454 2941 fidei
479 2913 531 2943 esse

321 2957 505 3011 promissoriam
554 2936 658 2995 cordiae
675 2938 730 2995 Dei
744 2938 773 2994 in
794 2937 932 2994 Christo?
951 2934 1036 3010 Quod
1050 2943 1158 3010 negant
1173 2933 1327 3009 Pontifieii,
1344 2933 1407 2992 Nos
1422 2935 1495 2991 affir-

321 3014 534 3069 spoeirrismrseri·
555 3035 674 3074 mamus.
732 3017 870 3074 Rationes
898 3024 973 3087 sunt,
1012 3018 1038 3072 1.
1064 3013 1139 3088 Quia
1172 3013 1248 3072 idem
1277 3023 1323 3071 est
1350 3014 1496 3090 objectum

321 3073 529 3184 ξζζᾱῖωρυῗὲοὲζ
551 3096 617 3153 fidei
642 3105 671 3154 et
699 3095 861 3172 Evangelii,
888 3094 1030 3170 siquidem
1049 3094 1112 3152 haee
1127 3113 1157 3150 se
1172 3093 1295 3150 invicem
1317 3093 1499 3170 respiciunt;

554 3175 596 3233 At
618 3176 772 3251 Evangelii
797 3175 959 3251 subjeetum
975 3174 1121 3250 proprium
1144 3183 1173 3232 et
1194 3173 1358 3249 specificum
1373 3182 1420 3231 est
1434 3193 1497 3250 pro

291 3254 389 3312 missio
405 3257 537 3331 specialis
559 3256 761 3313 misericordiae
784 3255 814 3312 in
839 3253 962 3327 Christo,
986 3253 1070 3311 Rom.
1090 3253 1109 3310 i.
1135 3255 1181 3324 16,
1214 3253 1283 3310 Joh.
1307 3252 1348 3310 iii.
1366 3255 1403 3310 16
1417 3275 1425 3326 3
1440 3272 1497 3310 non

291 3333 349 3389 alio
363 3335 469 3410 quippe
494 3334 595 3409 tendit,
621 3355 706 3411 quam
723 3343 754 3393 ut
778 3334 922 3392 Christum
938 3332 1107 3391 crucifixum
1121 3331 1205 3390 nobis
1231 3341 1373 3409 proponat
1388 3341 1421 3390 ut
1436 3335 1496 3391 Au-

291 3412 403 3468 thorem
423 3413 524 3472 salutis
539 3414 671 3472 omnibus
686 3414 870 3472 credentibus
884 3421 913 3471 et
937 3412 1151 3489 poenitentibus,
1167 3421 1253 3488 etque
1268 3411 1340 3469 adeo
1356 3411 1495 3470 Messium
1572 3399 1573 3484 l

334 3527 355 3570 2.
376 3529 476 3575 Arida.
552 3501 582 3550 et
605 3493 827 3570 Redemptorem
855 3500 986 3550 nostrum
1007 3493 1032 3549 si
1056 3491 1207 3550 credimus.
1270 3495 1298 3548 2.
1325 3489 1401 3564 Quia
1426 3491 1498 3550 fides

553 3572 669 3646 respicit
689 3573 907 3648 promissionem
929 3572 1038 3648 gratiae,
1065 3573 1107 3629 At
1128 3571 1221 3628 omnis
1242 3571 1396 3648 promissio
1409 3571 1497 3630 insert
1571 3625 1572 3650 ,

291 3645 443 3721 specialem
459 3649 680 3724 applicationem
695 3661 827 3727 respectu
841 3671 938 3710 eorum
953 3652 1058 3728 quibus
1072 3651 1113 3709 fit.
1156 3650 1239 3708 Lieet
1253 3650 1330 3708 enlm
1345 3651 1374 3706 in
1390 3670 1497 3726 genere

290 3734 465 3802 proponatur
480 3729 613 3787 omnibus
622 3730 813 3805 credentibus,
826 3733 894 3807 quia
904 3740 1000 3789 tamen
1015 3730 1068 3788 suh
1083 3749 1187 3806 genere
1202 3729 1387 3788 eontinentur
1400 3732 1497 3788 omnia

290 3805 449 3880 individua,
475 3807 606 3883 quisquis
627 3809 817 3885 apprehendit
843 3811 1061 3886 promissionem
1089 3809 1252 3885 generalem
1280 3809 1316 3867 de
1344 3811 1496 3868 servandis

291 3887 424 3944 omnibus
439 3886 622 3947 credentibus
647 3898 679 3946 ut
694 3908 800 3965 veram,
817 3890 903 3949 debet
927 3891 1012 3948 etiam
1031 3909 1093 3946 earu
1109 3889 1164 3946 sibi
1179 3889 1323 3965 applicare
1343 3888 1374 3945 in
1389 3891 1492 3966 specie,

290 3967 314 4025 si
330 3967 416 4025 sentit
430 3987 461 4026 se
484 3987 546 4025 esse
561 3989 598 4025 ex
620 3967 796 4027 credentium
817 3989 945 4028 numero.
988 3969 1060 4027 Cum
1074 3988 1143 4027 vero
1158 3977 1270 4026 constet
1283 3968 1399 4026 fidelem
1411 3989 1495 4046 posse

288 4067 351 4105 esse
367 4057 476 4106 eertum
491 4048 525 4105 de
541 4048 597 4106 lide
613 4069 672 4123 sua,
689 4058 721 4108 ut
741 4059 841 4126 postea
858 4049 1042 4126 probabitur;
1065 4047 1138 4106 nihil
1159 4048 1256 4106 obstat
1270 4047 1427 4124 quominus
1442 4049 1493 4106 rite

289 4135 319 4184 et
331 4125 460 4201 legitime
475 4129 567 4204 possit
581 4130 636 4186 sibi
658 4130 874 4205 promissionem
896 4128 1058 4204 generalem
1081 4127 1224 4205 applicare
1245 4137 1384 4203 tanquam
1405 4129 1444 4186 ad
1465 4149 1492 4186 se

289 4205 489 4282 pertinentem.
532 4207 596 4266 Imo
618 4229 682 4266 cum
704 4209 908 4284 promissiones
928 4227 986 4266 non
1007 4208 1095 4266 alium
1116 4207 1146 4264 in
1167 4205 1254 4264 finem
1267 4205 1339 4264 flant
1360 4225 1449 4284 quam
1464 4217 1493 4266 nt

288 4285 470 4360 recipiantur,
487 4305 586 4344 omnes
601 4299 629 4345 et
644 4288 751 4363 singuli
765 4297 887 4364 possunt
900 4295 929 4344 et
943 4286 1050 4345 dehent
1064 4305 1113 4345 eas
1128 4286 1182 4344 sibi
1194 4285 1349 4364 applicare.

288 4423 311 4469 3.
336 4424 376 4469 Ab
403 4423 529 4480 Exemplis

333 4481 486 4525 [ς,,,,,,,,,,,,,Ι
550 4445 633 4520 pexit
656 4446 809 4522 specialem
833 4445 1057 4504 misericordiam
1080 4446 1110 4503 in
1139 4445 1263 4503 Christo.
1289 4445 1356 4504 Gal.
1387 4445 1417 4504 ii.
1446 4449 1489 4518 uu,

552 4525 660 4583 Paulus
681 4534 803 4584 testatur
823 4545 853 4582 se
868 4524 984 4582 credere
1006 4525 1150 4584 Christum
1173 4545 1204 4583 se
1219 4523 1358 4583 dilexisse
1374 4532 1404 4583 et
1418 4545 1489 4582 mor·

1562 3670 1569 3781 l

592 4367 682 4425 VIII.
704 4371 732 4426 3.
756 4368 829 4441 Quia
851 4365 923 4424 fides
950 4367 1120 4424 Sanctorum
1135 4365 1278 4442 praecipue
1300 4385 1416 4441 semper
1435 4386 1490 4424 res-
1570 4381 1571 4405 ¹

286 4615 368 4662 tuum
382 4622 445 4659 esse
460 4624 511 4680 pro
521 4622 560 4676 se,
576 4609 627 4660 etl
639 4603 713 4660 Tim.
723 4605 742 4660 i.
757 4607 802 4676 15,
814 4605 960 4662 Christum
971 4605 1083 4661 venisse
1094 4604 1132 4661 ad
1143 4604 1302 4662 servandos
1313 4613 1487 4680 peccatores,
1569 4669 1570 4672 Ἴ

284 4699 407 4754 quorum
432 4681 469 4738 sit
484 4681 601 4756 primus,
617 4679 670 4738 dec.
716 4681 796 4738 Idem
819 4683 924 4758 passim
940 4683 1089 4758 profitetur
1111 4683 1147 4741 de
1161 4683 1304 4756 fidelihus,
1325 4683 1413 4742 Rom.
1430 4685 1486 4741 viii.
1569 4713 1570 4798 p
