3146 5210
113 379 226 431 onear.
241 360 299 442 rm]
473 381 512 420 nn
527 381 643 422 orrucro
657 381 775 422 cunrsrr
791 379 983 422 nacrarorno.
1267 367 1326 424 383

114 519 296 603 &grisiam
308 522 499 600 Evangelium
507 521 594 599 juxta
603 522 725 582 larabiae
737 530 884 600 paternam
901 521 1027 581 admittit
1042 521 1284 598 substitutionem,
1296 531 1330 583 υτ

113 612 201 661 antea
215 603 333 680 dictum,
349 603 431 662 atilli
446 603 516 661 satis
530 611 575 661 ast
595 611 744 679 peccatum
769 602 872 679 puniri,
899 602 953 661 etsi
976 611 1111 680 peccator
1134 622 1193 660 non
1217 623 1330 680 semper

135 681 261 742 uniatur.

114 703 134 760 p
422 761 552 821 XXIII.
576 761 714 838 Septimo,
731 761 855 821 Asserta
871 760 1082 834 Satisfactione,
1107 760 1211 818 mirum
1225 761 1255 819 in
1269 783 1331 821 mo·

129 825 349 932 [Abffffllflffl'
381 840 451 900 dnm
472 841 633 901 illustratur
649 842 859 916 Misericordia,
882 861 946 918 qnae
966 849 1047 900 tanta
1070 840 1133 915 fuit,
1159 848 1193 899 ut
1213 843 1330 919 proprio

285 918 292 931 '
380 921 456 979 Filio
477 941 535 979 non
557 921 725 998 pepercerit,
740 931 773 981 ut
787 922 870 980 nobis
884 929 1034 998 parceret:
1055 920 1181 995 Juslitia,
1210 941 1275 998 quae
1297 933 1330 983 ut

116 996 230 1058 illibata
243 1009 379 1074 maneret,
402 1002 572 1078 sanguinem
595 1003 689 1078 ipsum
713 1002 782 1059 Filii
805 1002 860 1060 Dei
883 1001 985 1078 petiit:
1021 1001 1176 1077 Sapientia,
1201 1021 1266 1078 qnae
1280 1003 1331 1061 ad-

117 1079 279 1138 mirabilem
293 1077 433 1140 rationeni
448 1081 792 1140 invenitmisericordiam
802 1081 989 1159 cumjustitia
999 1080 1172 1140 conciliandi
1183 1090 1212 1140 at
1222 1082 1329 1142 nodum

117 1158 193 1216 alius
206 1159 391 1218 insolubilem
405 1160 546 1236 solvendi,
562 1161 766 1239 tranquillatur
779 1162 963 1236 conscientia,
980 1181 1065 1220 sensu
1079 1161 1189 1238 peccati
1212 1169 1241 1221 et
1251 1163 1331 1238 judi·

119 1237 157 1296 cii
171 1258 204 1296 ac
219 1239 430 1300 maledictionis
444 1240 550 1300 divinae
565 1242 673 1301 territa.
696 1242 809 1318 Negata
823 1261 902 1316 vero,
918 1249 1107 1317 praeterquam
1122 1239 1202 1316 quod
1221 1243 1332 1302 Veritas

121 1317 184 1394 ipsa
200 1319 264 1394 Dei,
280 1319 330 1396 qui
344 1321 430 1378 toties
451 1330 571 1380 mortem
587 1330 616 1380 ct
635 1320 867 1380 maledictionem
891 1321 1092 1398 peccatoribus
1113 1321 1278 1398 intentavit,
1301 1324 1332 1382 in

120 1397 240 1457 dubium
254 1407 383 1474 vocatur,
399 1402 554 1460 etJustitia
568 1402 631 1478 ipsa
644 1422 702 1459 non
716 1421 818 1478 parum
832 1402 1021 1477 obscmatur;
1044 1409 1076 1459 ut
1089 1420 1154 1477 quse
1168 1421 1247 1460 reum
1264 1423 1331 1461 con-

120 1477 238 1554 victum,
251 1478 393 1557 impunito
406 1489 534 1557 peccato,
550 1501 607 1540 non
618 1481 760 1558 justificet
773 1480 867 1556 modo,
884 1480 935 1539 sed
949 1481 1074 1557 premiis
1089 1481 1175 1538 etiam
1190 1483 1332 1558 amplissi-

120 1557 175 1615 mis
189 1556 295 1619 donet:
318 1559 385 1619 Non
394 1580 487 1637 panca
500 1570 659 1638 sequuntur
673 1561 819 1620 Absurde.
864 1564 890 1618 l.
912 1559 1160 1637 Apostolorumet
1171 1560 1334 1636 Martyrum

121 1637 207 1696 morti
220 1658 279 1696 non
293 1639 388 1698 minus
402 1660 487 1717 posse
500 1641 589 1700 tribui
604 1640 842 1717 Redemptionem
857 1648 993 1714 nostram,
1009 1659 1095 1716 quam
1109 1640 1195 1699 morti
1217 1641 1333 1718 ChristI,

122 1717 265 1794 siquidem
279 1718 365 1778 atilli
380 1721 520 1797 sanguine
535 1741 588 1780 sno
602 1720 762 1779 doctrinam
774 1720 929 1796 Evangelii
938 1719 1151 1794 confirmarunt,
1164 1728 1193 1778 et
1201 1722 1335 1798 exempla

123 1797 268 1873 patientia
289 1807 319 1858 et
333 1799 504 1860 obedientiae
518 1801 625 1860 eximia
638 1801 723 1858 nobis
737 1800 887 1859 dederunt.
929 1805 958 1859 2.
981 1799 1126 1858 Christum
1140 1819 1194 1857 nos
1203 1819 1335 1860 servasse

123 1877 220 1954 potins
234 1877 295 1936 vita
309 1887 338 1939 et
351 1879 506 1955 miraculis,
522 1901 608 1957 quam
622 1889 733 1954 morte;
755 1900 820 1938 cum
835 1879 1010 1958 preconium
1031 1879 1177 1954 doctrinae,
1194 1887 1223 1938 et
1237 1900 1334 1939 exem·

124 1957 205 2034 plum
219 1957 287 2017 vitas
300 1959 388 2037 longe
403 1960 544 2020 illustrius
558 1961 653 2019 fuerit.
683 1963 711 2019 3.
735 1960 866 2019 Officium
884 1958 1067 2018 Sacerdotale
1081 1959 1111 2017 iu
1125 1959 1209 2020 terris
1223 1959 1295 2035 tolli,
1306 1969 1336 2020 et

125 2037 262 2096 conflandi
286 2059 350 2098 cum
375 2040 548 2118 Prophetico
572 2049 601 2099 et
621 2040 723 2117 Regio.
746 2043 774 2098 4.
797 2040 914 2099 Fideles
932 2039 1000 2098 Vei.
1023 2038 1101 2098 Test.
1123 2059 1180 2097 non
1206 2048 1336 2101 servatos

125 2116 212 2176 fuisse
227 2137 278 2194 per
292 2119 447 2195 Christum,
462 2120 499 2178 ad
514 2140 586 2196 quos
600 2129 671 2198 puta
691 2121 824 2197 exempla
847 2121 987 2178 virtutum
1011 2121 1083 2198 ejuS,
1109 2127 1139 2177 et
1160 2119 1336 2196 praeconium

125 2197 263 2256 doctrinae
277 2218 336 2258 non
349 2210 550 2278 pervenerunt.

150 2336 243 2382 Fontes
273 2338 343 2382 Solu·
430 2279 554 2339 XXIV.
577 2279 717 2353 Quamne
738 2299 798 2337 vox
822 2279 1029 2354 Satr'sfactionis
1050 2297 1186 2355 expresse
1211 2286 1240 2337 ct
1261 2285 1334 2338 iera-

199 2396 303 2440 aarum.
395 2363 457 2432 λιξιτ
473 2381 529 2418 non
548 2368 679 2419 occurrat
692 2359 722 2416 in
739 2360 895 2435 Scriptura
908 2358 1013 2418 sufficit
1033 2367 1067 2417 nt
1087 2359 1295 2436 aequivalenter
1308 2369 1338 2422 at

395 2440 534 2518 implicite
549 2440 737 2513 contineatur,
754 2441 809 2498 sub
823 2439 888 2498 aliis
912 2439 1042 2512 vocibus,
1068 2458 1133 2516 qnae
1153 2440 1203 2498 vel
1223 2440 1337 2500 nullum

128 2537 245 2577 sensum
264 2517 380 2595 habent,
406 2521 453 2578 vel
478 2521 703 2579 satisfactionem
722 2539 821 2578 veram
844 2527 873 2578 et
897 2519 1010 2596 propris
1035 2519 1140 2577 dictam
1170 2519 1336 2596 important,

128 2599 229 2672 quales
243 2605 310 2657 sunt
324 2599 502 2681 instirpare,
518 2604 665 2681 inritavere,
681 2602 798 2676 inopus,
816 2601 884 2677 rarsi,
906 2625 1016 2680 uragu,
1038 2600 1126 2674 θυσία,
1148 2603 1286 2681 πςοσφομὶ,
1309 2609 1338 2660 ei

128 2677 195 2738 sim.
212 2678 247 2737 de
262 2678 369 2755 quibus
383 2700 470 2758 supra
483 2681 602 2740 dictum.

169 2757 276 2817 XXV.
301 2758 343 2818 Ut
357 2760 489 2820 Christus
503 2761 647 2838 duplicem
661 2760 740 2836 σχίσιν
764 2761 908 2837 praecipue
929 2757 1024 2818 induit
1044 2765 1177 2835 respectu
1198 2758 1337 2834 fidelium,

135 2840 222 2896 Vadis
236 2848 263 2896 et
275 2839 434 2915 θροηεονίε,
450 2840 501 2917 qui
515 2861 566 2917 pro
587 2840 659 2917 ipsis
674 2841 786 2898 solvere
801 2839 910 2912 debuit,
926 2847 954 2898 et
971 2839 1079 2914 Capitis
1100 2847 1129 2896 et
1142 2839 1268 2912 Domini,
1287 2841 1338 2915 qui

129 2919 160 2978 in
180 2918 252 2996 ipsis
266 2920 378 2996 operari
391 2920 492 2994 voluit,
511 2921 619 2998 Spiritu
634 2941 687 2978 suo
701 2939 751 2978 eos
775 2918 929 2978 animando
954 2927 983 2977 et
1003 2917 1151 2994 regendo:
1174 2917 1221 2976 Ita
1246 2919 1336 2994 gemi-

129 3017 199 3057 num
213 2997 300 3057 finem
310 2999 340 3056 iu
354 3009 446 3059 morte
461 3008 491 3059 et
502 3000 686 3077 passionibus
701 3000 754 3058 sibi
770 2999 926 3076 proposuit,
942 2998 1075 3074 primum,
1087 3005 1119 3055 ut
1129 2998 1339 3073 Redernptiom's

127 3079 250 3156 pretium
263 3099 315 3155 pro
329 3079 413 3138 nobis
424 3079 546 3156 justitiae
560 3080 667 3138 divinae
682 3080 815 3153 solveret,
831 3079 953 3137 alterum
964 3075 1001 3135 uf
1007 3076 1167 3135 imitationis
1181 3081 1338 3153 canapium

130 3159 280 3236 praeberet,
296 3157 333 3216 ad
348 3159 496 3235 sequenda
507 3162 571 3237 ejus
580 3159 714 3236 vestigia.
737 3159 815 3218 Ilinc
829 3157 978 3234 passiones
992 3157 1055 3233 ejus
1070 3157 1194 3233 spectari
1207 3166 1337 3233 possunt,

130 3239 179 3297 vel
200 3247 232 3298 υτ
249 3239 453 3314 εατίυῘαετονίω,
469 3241 517 3298 vel
539 3249 572 3300 υτ
586 3243 770 3315 exemplares.
793 3238 876 3296 Licet
890 3257 960 3313 ergo
982 3236 1066 3295 nobis
1090 3245 1287 3314 proponantur
1308 3237 1340 3295 in

132 3320 305 3397 exemplum,
328 3323 343 3377 l
367 3320 430 3378 Pet.
451 3319 479 3378 ii.
496 3323 544 3395 21,
558 3329 586 3379 et
600 3339 677 3378 mors
693 3319 801 3378 Christi
814 3338 866 3396 pro
881 3318 965 3376 nobis
980 3316 1143 3375 conferatur
1157 3337 1222 3376 cum
1237 3326 1338 3393 morte,

131 3419 218 3476 quam
232 3400 293 3478 pati
307 3399 455 3474 debemus,
473 3401 536 3459 Deo
562 3401 603 3459 ita
622 3401 753 3476 jubente,
779 3419 831 3476 pro
854 3398 999 3473 fratribus,
1017 3400 1032 3454 1
1049 3397 1119 3456 Joh.
1134 3397 1175 3456 iii.
1193 3399 1238 3473 16,
1272 3397 1340 3457 Non

132 3480 262 3556 sequitur
275 3480 305 3538 in
320 3488 411 3539 morte
428 3480 492 3556 ejus
507 3500 565 3538 non
585 3479 672 3538 fuisse
687 3497 786 3537 veram
801 3478 1034 3553 satisfactionem,
1051 3477 1119 3554 quia
1132 3477 1238 3556 positio
1252 3477 1340 3538 unius

131 3559 198 3618 finis
212 3580 270 3618 non
285 3560 424 3634 excludit,
440 3560 497 3618 imo
509 3560 645 3636 supponit
656 3559 754 3617 alium.

173 3639 299 3698 XXVI.
322 3639 414 3698 Aliud
428 3647 473 3698 est
487 3640 567 3716 loqui
582 3639 618 3698 de
633 3638 828 3698 satisfactione
842 3646 872 3697 et
886 3637 1028 3698 solutione
1049 3639 1172 3716 propria,
1195 3636 1289 3697 Aliud
1302 3638 1339 3698 ds

133 3719 227 3778 aliena
240 3729 270 3778 et
284 3720 400 3778 sicaria.
437 3719 493 3778 Illa
520 3720 597 3779 tollit
624 3737 738 3778 omnem
759 3718 957 3777 remissionem
982 3727 1011 3777 et
1025 3719 1157 3794 gratiam.
1198 3718 1256 3777 Sed
1284 3718 1341 3776 ista

134 3817 193 3856 non
207 3799 284 3872 item,
299 3808 329 3858 et
343 3799 384 3858 sic
398 3808 493 3876 potest
504 3799 662 3858 satisfactio
672 3819 737 3858 cum
749 3799 843 3874 gratia
851 3799 1016 3873 consistere,
1029 3805 1061 3856 ut
1076 3799 1169 3874 gratia
1179 3798 1229 3858 fiat
1244 3797 1340 3872 alicui,

136 3875 205 3934 dnm
219 3878 375 3938 satisfactio
389 3881 426 3938 ab
440 3879 497 3938 alio
512 3879 648 3956 exigitur.
671 3878 718 3936 Ita
736 3878 852 3954 quando
871 3877 1000 3937 aelidem
1021 3877 1183 3938 referuntur
1209 3877 1341 3934 remissio

136 3962 166 4013 et
180 3955 346 4032 satisfactio,
361 3968 429 4019 sunt
441 3958 586 4033 υῦστιτα,
602 3959 654 4018 sed
667 3958 783 4034 quando
797 3958 834 4016 ad
848 3958 971 4033 diversa,
987 3977 1045 4016 non
1059 3958 1137 4016 item.
1177 3955 1341 4014 Satisfactio

138 4035 234 4094 Deum
248 4035 335 4096 habet
348 4057 399 4114 pro
414 4041 544 4116 termino,
562 4038 706 4099 Remissio
730 4037 870 4111 homines,
891 4038 994 4097 satisfit
1017 4036 1073 4095 Dei
1093 4035 1223 4112 justitiae,
1253 4042 1339 4110 atque

135 4115 202 4174 ideo
223 4115 377 4174 remittitur
391 4119 481 4194 gratis
501 4130 650 4196 paccatum
669 4117 822 4195 peccatori.
845 4118 892 4176 Ita
911 4116 1026 4194 justitia
1039 4127 1069 4174 et
1092 4113 1288 4173 misericordia
1309 4133 1340 4174 sa

137 4193 264 4254 invicem
278 4196 453 4271 osculantur,
469 4197 537 4257 dum
552 4199 603 4258 illa
616 4199 646 4257 in
667 4207 818 4275 paccatum
831 4197 967 4272 exeritur,
983 4197 1039 4254 ista
1055 4195 1086 4251 in
1099 4201 1264 4271 peccatores
1288 4213 1341 4252 ex-

137 4283 268 4349 arcatur;
284 4277 411 4352 gratuita
424 4284 469 4336 est
483 4279 613 4338 remissio
627 4287 761 4355 respectu
770 4278 870 4352 nostri,
886 4276 954 4353 quia
964 4277 1047 4352 justa
1059 4273 1217 4332 satisfactio
1238 4281 1341 4332 exacta

136 4363 180 4416 est
194 4376 212 4413 a
221 4355 314 4428 Vade,
329 4355 402 4414 nihil
416 4375 434 4414 a
447 4356 531 4415 nobis
545 4359 680 4435 exigitur,
696 4358 765 4436 quia
786 4358 915 4435 plenaria
930 4355 1034 4414 solutio
1046 4353 1122 4412 facta
1135 4361 1188 4412 est.

178 4434 322 4493 XXVII.
346 4435 378 4493 Si
393 4435 525 4496 Christus
549 4437 697 4512 satisfecit,
720 4457 778 4496 non
793 4438 890 4496 statIm
915 4433 1053 4495 satisfecit
1075 4433 1199 4510 sibiipsi
1221 4431 1341 4509 praecise

136 4515 284 4594 loquendo
297 4523 331 4574 υτ
345 4515 469 4592 Christo,
482 4517 533 4574 sed
547 4526 579 4577 ut
595 4519 666 4592 Deo,
682 4525 711 4576 et
726 4517 782 4576 Dei
797 4517 891 4576 Filio:
914 4516 980 4574 Non
994 4533 1064 4589 ergo
1088 4513 1173 4588 idem,
1190 4520 1219 4572 et
1239 4531 1342 4571 secun·

136 4598 206 4658 dum
224 4594 300 4654 idem
317 4595 369 4655 dat
389 4604 418 4656 et
438 4597 543 4672 accipit
557 4597 728 4658 solutionem
743 4619 751 4672 3
773 4596 824 4655 dat
842 4617 914 4672 eam,
930 4603 963 4655 nt
974 4596 1048 4654 &riri
1063 4619 1135 4669 aaa,
1151 4591 1256 4671 accipit
1268 4613 1342 4669 earn,

137 4686 171 4738 nt
183 4676 273 4752 Λτγος,
289 4675 340 4736 dat
354 4696 427 4752 eam,
445 4685 479 4736 ut
493 4676 646 4753 Mediator,
661 4677 767 4755 accipit
779 4696 844 4736 eam
864 4684 897 4738 ut
910 4675 1020 4737 Jndex.
1046 4621 1113 4734 iton
1126 4673 1283 4734 absurdum
1298 4685 1343 4736 est
