3202 5194
30 415 31 442 ,
119 377 246 428 consu
261 355 341 440 rin]
644 377 683 417 nn
699 377 775 418 nuos
790 379 850 420 nni.
1303 361 1342 418 ⁷3

118 539 235 580 corum
247 517 309 578 ulls
329 537 454 596 Quam
473 525 523 578 sut
537 517 738 596 Berbsrorum,
760 538 814 579 nec
828 520 889 580 ulla
903 521 992 594 Gens,
1008 519 1145 598 adquam
1164 517 1340 597 septimanae,

29 659 31 714 t
117 599 1339 758 t1tg⁸2ttss¹2a⁰ssl⁸tztttmtw⁰tltiisttilltbmtbl·

29 731 30 744 i
208 724 219 737 ⁰
249 724 257 754 J
776 724 783 739 Ι
1193 724 1200 738 ⁸
1331 722 1339 738 θ

120 761 218 818 Euan
243 759 285 818 .l.
300 759 363 817 xiii.
379 780 404 817 e.
423 761 469 818 13.

164 779 248 897 XV.
270 837 411 913 Quam
426 839 507 898 Deus
520 857 572 915 per
586 837 699 897 Mosem
718 847 893 917 praeceptum
907 838 944 898 de
960 837 1108 898 Sabbatho
1121 847 1223 898 notum
1235 838 1340 899 fecisse

119 919 247 978 dicutur
259 919 385 995 Judaeis,
400 917 563 996 emphatica
576 917 663 977 etium
674 919 841 979 attentionis
854 919 1059 997 provocatione
1073 919 1230 996 premissa,
1243 919 1339 979 Exod.

120 1000 189 1058 xvi.
207 1001 259 1073 29,
275 1006 305 1058 et
320 999 403 1058 xxxi.
421 1001 473 1074 l3;
496 998 602 1056 Ezech.
617 1019 668 1058 xx.
686 1002 740 1076 123
763 999 883 1058 Nehem.
898 999 939 1058 ix.
957 1002 1014 1058 14:
1036 999 1103 1057 Non
1127 1000 1265 1077 sequitur,
1280 1019 1340 1058 non

121 1079 223 1138 fnisse
237 1079 275 1137 ab
288 1079 372 1138 initio
383 1079 444 1156 jam
458 1078 632 1138 institutum.
675 1078 749 1152 Quia
762 1099 821 1137 non
834 1087 947 1139 tantum
961 1078 1145 1154 dieiturdari,
1158 1080 1236 1157 quod
1246 1080 1339 1159 primo

120 1158 303 1234 instituitur,
324 1159 376 1218 sed
390 1159 478 1218 etiam
492 1157 571 1236 qnod
584 1167 747 1234 renovatur,
771 1159 796 1218 si
809 1158 882 1218 forte
907 1159 1091 1218 obliteratum
1105 1158 1155 1218 vel
1174 1160 1339 1237 neglectum

120 1239 228 1312 fuerit,
243 1240 293 1298 rel
311 1237 391 1314 quod
409 1257 486 1297 novo
505 1247 536 1297 et
555 1238 704 1297 illustriori
725 1238 810 1297 modo
827 1239 903 1298 clare
922 1259 955 1298 ac
976 1238 1112 1298 distincte
1131 1240 1339 1318 promulgetur.

123 1319 178 1378 Sic
197 1319 278 1376 Psal.
294 1318 394 1377 elisii.
411 1321 458 1394 19,
475 1318 557 1378 Deus
570 1317 676 1376 dicitur
690 1317 804 1377 dedisse
821 1319 935 1379 Statum
949 1338 1002 1378 suo
1016 1327 1045 1378 et
1058 1319 1134 1378 Iura
1149 1319 1258 1396 Israeli,
1280 1339 1340 1378 non

122 1399 169 1457 sie
186 1399 295 1456 secisse
308 1397 362 1456 ulli
377 1399 466 1476 genti,
481 1417 541 1456 non
555 1395 686 1457 absolute
701 1405 730 1456 et
744 1398 919 1476 simpliciter,
936 1399 1004 1476 quia
1024 1409 1127 1476 gentes
1148 1408 1253 1476 gerunt
1266 1419 1340 1477 opus

122 1479 224 1555 Legis
243 1478 383 1556 scriptum
397 1478 428 1535 in
442 1477 578 1537 cordibus
597 1478 666 1554 suis,
682 1478 812 1537 Romsii.
829 1481 874 1554 15,
891 1479 943 1538 sed
962 1478 1119 1538 secundum
1134 1479 1204 1555 quid
1218 1488 1248 1539 et
1261 1499 1338 1538 com·

121 1567 242 1636 parate,
257 1558 369 1618 ratione
383 1557 576 1632 revelationis,
592 1577 657 1634 quae
671 1558 747 1617 facta
759 1567 805 1618 est
818 1559 848 1616 in
862 1558 971 1618 Verbo.
1013 1559 1125 1617 Eodem
1138 1558 1225 1618 modo
1238 1567 1340 1619 notum

122 1639 236 1698 secisse
247 1637 354 1697 dieitur
365 1637 553 1714 Sebbaffium,
565 1656 624 1714 quo
635 1639 707 1714 Iex,
720 1646 749 1697 et
759 1647 910 1716 praecepte,
923 1647 952 1698 et
963 1646 1080 1713 statuta
1090 1658 1155 1715 quae
1165 1658 1217 1716 per
1225 1639 1340 1697 Mosem

122 1726 279 1796 praeopta
299 1717 457 1795 dicuntur3
483 1718 546 1777 Iste
566 1718 642 1776 enim
664 1719 879 1795 conjunguntur
899 1717 976 1794 apud
1001 1719 1121 1776 Nehem.
1143 1718 1185 1776 ix.
1208 1721 1254 1777 14.
1297 1717 1340 1777 At

122 1818 219 1858 nemo
232 1817 341 1876 negare
354 1805 453 1875 potest
466 1797 574 1875 Legem
591 1797 685 1874 ismm,
701 1797 840 1856 moralem
858 1797 930 1871 soil,
947 1797 1043 1856 datam
1057 1803 1142 1855 entes
1154 1796 1252 1872 fuisse,
1264 1805 1297 1856 ut
1311 1804 1341 1856 et

122 1885 243 1938 statuta
255 1886 286 1937 et
308 1885 455 1956 praecepta
472 1878 682 1938 caeremonialia
695 1877 778 1936 varia
793 1877 824 1935 in
843 1875 1048 1936 saenficiorom
1066 1885 1096 1936 et
1115 1875 1341 1938 circumcisionis

122 1959 325 2018 institutione.
920 2001 922 2006 -

168 2038 266 2098 XVI.
288 2039 361 2113 Qum
375 2038 444 2098 dats
458 2045 525 2098 sunt
540 2037 730 2098 communiter
743 2036 886 2114 omnibus,
902 2035 976 2095 nihil
987 2037 1083 2097 obstat
1094 2037 1266 2116 quibusdum
1278 2037 1341 2097 dari

123 2118 306 2198 specialiter,
329 2138 396 2178 cum
413 2119 575 2197 emphatice
595 2119 788 2194 distinetione,
812 2117 976 2196 etquidem
998 2118 1162 2195 insignum
1180 2117 1340 2179 sonctifica-

122 2199 223 2259 tionis
235 2198 383 2276 ipsorum
406 2199 432 2256 si
445 2219 509 2276 qum
528 2199 598 2258 olim
617 2198 807 2259 communiter
825 2198 894 2258 data
915 2207 990 2274 sunt,
1013 2205 1042 2257 et
1062 2219 1114 2276 per
1130 2198 1340 2278 negligentiam

125 2279 250 2353 omissa,
271 2280 320 2337 vel
342 2278 503 2354 obliterata,
527 2279 700 2356 quibusdam
722 2287 823 2356 postea
843 2278 1040 2354 restituantur,
1061 2287 1091 2339 et
1110 2279 1283 2357 specialibus
1303 2279 1340 2339 de

125 2358 230 2418 musis
243 2357 499 2434 commendentur;
514 2358 592 2436 quod
606 2359 653 2417 hic
667 2358 786 2418 obtinet.
830 2359 913 2418 Licet
924 2379 993 2436 ergo
1010 2359 1190 2419 Sabbathum
1203 2360 1234 2418 in
1247 2361 1341 2438 prima

125 2459 186 2500 sus
200 2437 382 2498 institutione
396 2437 530 2497 habuerit
543 2457 614 2496 usus
628 2457 793 2498 communes
807 2438 949 2514 omnibus,
965 2448 995 2498 et
1008 2443 1092 2498 tinem
1107 2440 1280 2516 generalem,
1296 2440 1341 2498 ni·

126 2518 239 2577 mirum
253 2518 290 2576 ad
304 2517 474 2577 memoriam
489 2517 648 2577 Orestionis
663 2518 871 2594 celebrandam,
893 2538 979 2596 opera
994 2520 1052 2578 Dei
1066 2519 1295 2596 contemplanda,
1311 2527 1342 2580 et

126 2599 243 2658 cultum
258 2599 316 2657 Dei
328 2597 480 2676 publicum
494 2598 703 2672 exercendum
727 2598 807 2656 Nihil
817 2605 905 2672 vetat,
918 2599 1072 2675 quominus
1084 2599 1281 2658 Israelitarum
1295 2619 1340 2658 re·

126 2678 327 2818 &dli
336 2677 650 2816 substitue
668 2678 719 2816 tl
730 2677 1341 2835 rppuqoqffiafflffl

127 2837 297 2914 extitisset3
321 2779 371 2896 Igtbl
388 2838 467 2914 quod
486 2839 602 2916 signum
620 2844 683 2896 erat
700 2801 786 2896 tinius
804 2837 944 2912 beneficii,
964 2839 1067 2916 potuit,
1086 2778 1240 2896 aceedenie
1264 2856 1342 2896 nova

128 2917 335 2977 benedictione
346 2925 377 2976 et
390 2917 580 2991 institutione,
597 2917 712 2996 signum
722 2935 786 2976 esse
797 2917 921 2994 speciale
933 2917 969 2974 iis
980 2916 1086 2993 quibus
1096 2916 1264 2993 ampliatum
1279 2922 1341 2974 erat

129 2997 315 3056 beneficium.
359 2997 426 3056 Hoc
445 3017 532 3056 sensu
552 2996 647 3056 Exod.
667 2996 751 3054 xxxi.
774 2998 819 3070 13,
840 3004 869 3054 et
889 2996 995 3054 Ezech.
1015 3015 1067 3052 xx.
1091 2997 1137 3068 12,
1162 2994 1341 3052 Sabbathum

130 3076 245 3136 dieitur
258 3075 357 3135 datum
370 3077 513 3152 Israelitis
526 3077 557 3134 in
576 3077 692 3153 signum
706 3075 840 3153 speciale,
855 3083 889 3134 ut
901 3094 920 3132 a
933 3074 1052 3150 reliquis
1070 3073 1206 3150 gentibus
1225 3091 1341 3150 separa-

132 3163 249 3229 rentur,
264 3155 386 3216 maxime
405 3158 442 3216 ab
457 3157 619 3235 AEgyptiis,
634 3175 686 3234 per
704 3175 807 3215 verum
826 3154 883 3214 Dei
902 3153 1021 3228 cultum,
1034 3152 1113 3230 quod
1132 3152 1204 3212 elias
1224 3152 1340 3229 signum

132 3241 201 3296 erat
218 3253 375 3295 commune.

174 3314 285 3374 XVII.
309 3315 391 3376 Licet
406 3315 538 3376 Adamas
558 3316 589 3375 in
608 3324 686 3376 statu
705 3315 876 3375 innocentiae
892 3314 990 3392 justus
1008 3322 1038 3374 et
1057 3321 1175 3373 sanctus
1193 3312 1341 3373 debuisset

130 3395 263 3475 qnotidie
280 3395 376 3454 Deum
391 3397 493 3471 colere,
514 3404 543 3456 et
557 3416 644 3474 opem
662 3398 726 3474 ejus
745 3395 949 3474 contemplari;
972 3395 1038 3454 Non
1053 3394 1150 3454 obstat
1163 3394 1218 3453 boo
1233 3401 1339 3470 tarnem

130 3477 202 3553 quin
216 3485 327 3536 statum
342 3475 469 3553 aliquem
482 3476 559 3534 diem
573 3476 679 3535 habero
692 3475 832 3551 debuerit,
848 3494 905 3553 quo
920 3476 1067 3535 solennem
1082 3475 1191 3534 cultum
1202 3483 1232 3534 ct
1245 3474 1341 3552 publi·

130 3577 198 3614 eum
212 3555 278 3615 Deo
298 3554 442 3631 redderet,
464 3555 613 3630 cessando,
635 3575 694 3614 non
708 3555 824 3631 quidem
844 3556 881 3614 ab
900 3555 1034 3632 operibus
1050 3555 1173 3632 justitie
1187 3563 1216 3614 et
1234 3553 1338 3630 landis,

129 3655 195 3712 quas
209 3636 353 3696 continua
367 3634 528 3695 debuerunt
546 3655 618 3697 esse.
640 3635 692 3694 sed
706 3655 723 3693 a
736 3634 884 3694 laboribus
903 3635 963 3694 suis
977 3635 1153 3711 quotidianis
1172 3635 1202 3692 in
1217 3633 1340 3694 colendo

129 3713 401 3855 ffl'tqtzlglm
415 3735 453 3773 ex
467 3714 524 3852 {Iei
536 3715 704 3853 praescripto
717 3713 804 3851 etiqm
817 3714 982 3854 incurpibetre
992 3714 1099 3790 debuit,
1111 3714 1180 3774 lieet
1194 3715 1266 3774 citra
1278 3733 1340 3772 mo·

260 3815 276 3854 e
366 3813 426 3852 uun
450 3815 470 3852 u
535 3813 598 3852 sea
648 3813 894 3853 recesumcon
964 3837 971 3852 .

172 3874 301 3933 XVIII.
325 3839 467 3948 Quami'is
480 3813 586 3932 iriorita
601 3813 832 3932 ffissmhmm
850 3893 909 3932 non
919 3813 975 3933 {lat
992 3873 1101 3932 mentio
1115 3890 1253 3948 expressa
1268 3871 1340 3930 Sab-

129 3953 213 4012 bethi
226 3955 265 4013 ab
279 3953 355 4030 ipsis
368 3953 515 4012 observati
526 3976 533 4030 ς
553 3953 618 4011 Non
630 3953 759 4029 sequitur
769 3972 828 4010 non
838 3953 927 4012 luisse
937 3952 1086 4030 cognitum
1096 3950 1145 4010 rel
1156 3950 1341 4008 observatum

130 4034 250 4093 omnino
269 4033 308 4092 ab
333 4033 414 4110 ipsis,
435 4033 503 4109 quia
524 4032 729 4110 compendiosa
747 4039 792 4092 est
810 4032 944 4106 narratio,
963 4031 994 4091 in
1007 4050 1066 4108 qus
1082 4049 1142 4089 non
1160 4049 1278 4088 necesse
1297 4038 1342 4090 est

131 4113 230 4171 omnia
243 4113 374 4190 reperiri,
387 4131 453 4188 quae
464 4112 501 4170 ad
512 4113 591 4190 ipsos
600 4111 800 4188 pertinebant;
818 4111 894 4170 Satis
905 4111 959 4170 fuit
972 4110 1091 4190 Spiritui
1104 4109 1134 4168 S.
1146 4129 1180 4168 ee
1188 4109 1340 4187 attingere,

130 4191 483 4332 stetissetis
492 4189 1342 4348 ztttuttltsttlstuttttttltsttl

132 4350 378 4428 cognoscendam.
422 4315 565 4410 Sic’nulle
575 4351 683 4411 mentio
694 4351 727 4410 fit
739 4351 880 4410 Ssbbsthi
893 4350 1039 4410 observati
1052 4360 1180 4427 tempore
1191 4348 1212 4406 J
1214 4347 1340 4420 ndicum,

133 4441 164 4491 et
179 4431 325 4491 Samuelis
337 4453 344 4508 ς
366 4429 446 4490 unde
460 4439 557 4490 tamen
571 4432 636 4509 quis
650 4450 799 4508 perperam
814 4429 964 4508 colligeret
976 4449 1036 4488 non
1046 4430 1230 4488 observetum
1242 4423 1340 4482 fuisse.

134 4515 163 4568 2.
177 4511 243 4570 lion
257 4511 386 4590 legimus
401 4509 584 4569 Patriarohas
597 4510 658 4570 ulla
672 4518 748 4569 statu
761 4517 891 4588 tempora
905 4510 1074 4568 observasse
1088 4507 1126 4565 ad
1145 4503 1254 4561 cultum
1268 4500 1341 4577 pub-

134 4589 224 4649 licum
240 4591 317 4667 Dei;
341 4591 381 4650 Et
399 4598 497 4649 tamen
516 4589 609 4667 pietas
628 4590 755 4668 ipsorum
773 4609 828 4648 nos
847 4589 979 4649 dubitare
992 4594 1081 4659 votat,
1102 4590 1196 4641 certos
1209 4579 1272 4638 dies
1290 4581 1343 4638 he-

135 4669 235 4730 boisse
257 4691 357 4730 sacros
378 4678 408 4729 et
429 4669 564 4730 solennes
584 4669 675 4731 cultui
689 4669 746 4728 Dei
767 4676 958 4730 consecratos.
1000 4665 1086 4724 Tales
1099 4667 1195 4720 eutem
1208 4657 1271 4720 dies
1284 4679 1344 4720 non
