3202 5194
233 359 272 415 84
685 373 777 416 noccs
791 371 971 414 usnscruus.
1227 345 1354 430 [curaer.
1370 367 1441 411 nv.

238 515 377 576 Sabbatbi
392 516 620 594 substitueretur,
636 535 694 574 non
707 517 745 575 ab
757 513 931 590 hominibus,
947 508 998 572 sed
1008 511 1071 590 jam
1084 509 1151 569 inde
1166 509 1203 568 ab
1219 508 1371 588 Apostolis
1384 531 1446 570 nos

236 597 389 674 accepisse,
405 598 460 656 hcc
474 606 519 657 cst
532 618 550 656 a
561 598 669 674 Spiritu
684 597 748 671 Dei,
764 615 822 672 quo
836 594 1011 671 regebantur
1020 593 1047 650 :’'
1068 611 1127 649 ncn
1141 590 1226 649 aliter
1239 593 1345 667 Fugare,
1362 591 1443 670 disp.

235 680 285 753 tv,
300 677 364 735 ins
384 696 526 756 praecep:
549 679 567 710 “
579 677 685 736 Merito
706 675 795 753 igitur
815 674 982 749 dixerimus,
1004 671 1163 750 Apostolos
1187 670 1297 748 Spiritu
1320 671 1350 730 S.
1365 671 1445 730 duce

236 777 288 834 pro
309 757 431 833 septimo
451 757 502 816 illo
524 757 571 816 die
593 757 682 835 legali
702 775 768 815 cum
789 753 980 828 substituisse,
1000 751 1051 830 qui
1070 751 1181 828 primus
1202 759 1263 810 crat
1284 750 1314 808 in
1336 751 1446 829 prioris

237 835 338 894 mundi
357 837 537 914 Creatione,”
556 836 610 896 &a
653 837 689 894 In
708 836 809 896 cadem
830 841 898 893 sunt
918 831 1060 893 sententia
1073 831 1245 906 Bulinpcrua
1265 831 1296 888 in
1310 830 1388 908 Apo.
1404 831 1443 907 i.;

241 915 403 992 Gualterus,
419 917 506 976 homi.
524 921 590 992 162,
606 917 636 975 in
650 917 774 990 Matth.;
789 915 893 974 Juaius
906 914 937 972 in
951 915 1058 973 Gencs.
1073 911 1117 989 ii.;
1137 911 1268 969 Piscator
1281 909 1312 968 in
1325 911 1443 987 Aphor.

238 996 343 1072 explic.
359 996 470 1074 Aphcr.
488 1000 542 1074 18,
557 997 729 1072 Perlrinaiua,
738 996 873 1069 Amesiur,
885 993 1031 1070 Hyperius
1044 991 1075 1048 in
1088 993 1102 1049 1
1116 991 1181 1050 Cor.
1193 991 1255 1048 xvi.
1269 994 1310 1066 25
1325 991 1445 1049 Valoeus

239 1074 275 1134 de
292 1075 397 1136 Sabba
412 1097 437 1136 e.
453 1081 488 1154 83
516 1078 634 1153 Voa‘tiua,
649 1097 677 1154 p.
693 1078 721 1150 4,
739 1076 842 1134 Select.
860 1075 974 1150 Disput.
989 1093 1018 1150 p.
1033 1074 1102 1147 760,
1117 1079 1147 1130 et
1160 1070 1211 1129 alii
1223 1090 1282 1128 non
1295 1069 1387 1147 pauci.

542 1157 637 1216 XIII.
659 1156 798 1231 Quamvis
818 1154 889 1213 Dies
910 1151 1080 1211 Dominicus
1101 1151 1214 1210 dicatur
1233 1169 1298 1208 esse
1312 1149 1446 1226 Aposto-

500 1237 564 1295 licae
588 1235 776 1310 institutione,
801 1233 960 1293 authoritas
984 1253 1042 1310 qua
1064 1231 1166 1290 nititur
1187 1229 1375 1290 nihilominus
1397 1239 1447 1290 est

501 1316 609 1389 divina,
624 1316 693 1394 quie
706 1315 805 1374 divino
822 1314 930 1390 Spiritu
940 1311 1108 1390 agebantur,
1124 1329 1182 1368 nou
1196 1310 1291 1368 minus
1305 1309 1336 1367 in
1350 1311 1444 1369 sacris

241 1393 469 1454 institutionibus
493 1416 580 1473 quam
602 1395 633 1454 in
654 1395 718 1472 ipss
739 1394 870 1454 doctrina
891 1389 1046 1469 Evangelii
1071 1391 1119 1449 vel
1137 1389 1227 1448 verbo
1247 1389 1297 1447 vel
1317 1390 1445 1466 scriptis,

241 1475 436 1550 proponenda.
479 1476 629 1536 Ordinatio
654 1494 723 1552 ergo
747 1474 847 1532 divina
870 1473 917 1530 hic
940 1479 1018 1530 recte
1042 1469 1216 1544 obtenditur,
1241 1487 1300 1526 non
1324 1469 1446 1546 quidem

240 1552 398 1612 formaliter
418 1565 447 1614 et
466 1555 631 1614 immediata
652 1573 689 1612 ex
711 1554 842 1613 instituto
857 1551 972 1628 Christi,
989 1550 1041 1610 sed
1060 1549 1185 1610 mediate
1199 1569 1238 1608 ex
1251 1549 1399 1608 sanctione
1415 1557 1448 1608 et

240 1633 323 1709 praxi
338 1633 545 1711 Apostolorum
557 1633 727 1694 &aminea

282 1713 372 1772 XIV.
395 1715 478 1774 Licet
498 1715 629 1792 quaedam
645 1714 851 1793 Apostolorum
872 1709 1075 1787 ordinationes,
1097 1730 1162 1788 qna
1180 1708 1253 1769 ritus
1271 1717 1299 1768 et
1318 1707 1447 1766 circum-

242 1793 362 1852 stantias
383 1795 478 1854 cultus
499 1794 592 1854 divini
612 1795 790 1873 spectabant,
805 1792 960 1852 variabiles
981 1790 1093 1864 fuerint,
1110 1789 1190 1849 etad
1204 1799 1315 1867 tempus
1328 1795 1447 1846 tantum

242 1872 390 1950 institutae,
406 1883 439 1934 ut
453 1876 562 1934 sanctio
577 1875 612 1934 dc
626 1895 686 1933 ncn
700 1873 811 1934 edendo
831 1872 971 1950 sanguine
991 1879 1021 1930 et
1042 1869 1189 1945 suffocato,
1206 1869 1274 1927 Act.
1288 1887 1347 1942 xv,
1364 1867 1449 1926 etde

241 1953 335 2030 capite
356 1953 535 2013 foeminarum
552 1955 683 2030 velando,
703 1961 733 2013 et
746 1953 873 2012 virorum
887 1959 987 2010 contra
1000 1949 1163 2029 aperiend0,
1185 1948 1301 2026 quando
1320 1947 1449 2025 prophe-

243 2039 313 2106 tant,
331 2035 346 2090 1
364 2035 429 2092 Cor.
450 2035 500 2109 xi,
516 2035 584 2110 quia
604 2053 692 2092 causa
712 2041 741 2091 et
762 2032 874 2091 occasio
895 2031 1018 2090 dabatur
1038 2028 1193 2107 singularis
1220 2037 1337 2107 propter
1358 2045 1449 2106 quam

242 2110 358 2187 fiebant,
373 2131 431 2189 qua
450 2121 580 2172 cessante
594 2133 706 2171 cessare
721 2111 807 2170 etiam
822 2110 921 2170 debuit
935 2119 964 2170 et
977 2110 1040 2186 ipse
1051 2108 1234 2168 constitutio:
1256 2107 1334 2165 Alie
1348 2115 1450 2166 tamma

243 2188 348 2249 dantur
361 2191 546 2250 invariabiles
560 2200 589 2250 et
603 2201 747 2269 perpetuae
758 2189 968 2251 observationis
982 2189 1012 2246 in
1024 2189 1163 2263 Ecclesia,
1175 2209 1240 2265 quae
1253 2187 1334 2246 nulla
1347 2187 1450 2246 nitun-

243 2275 291 2326 tur
311 2269 450 2346 singulari
470 2271 567 2348 aliqua
587 2271 737 2330 occasione
756 2271 794 2328 ad
816 2279 929 2346 tempus
951 2277 1063 2329 tantum
1085 2269 1230 2342 duratura,
1254 2287 1313 2346 qua
1334 2267 1452 2345 possint

243 2347 325 2406 reddi
339 2350 526 2426 temporariae,
542 2351 637 2427 qualis
650 2358 695 2409 est
714 2369 849 2410 manuum
870 2349 1015 2426 impositio
1036 2349 1066 2407 in
1081 2347 1220 2408 electione
1236 2347 1449 2424 Ministrorum,

243 2435 273 2487 ct
287 2426 434 2488 distinctio
447 2432 575 2489 muneris
591 2431 767 2489 Diaccnatue
782 2451 799 2488 a
812 2449 930 2488 munere
945 2429 1096 2489 Pastcrali.
1139 2427 1229 2506 Cujus
1250 2427 1367 2504 generis
1382 2446 1450 2486 cum

244 2507 388 2567 institutio
402 2509 473 2567 Dici
481 2509 626 2568 Dominici
640 2509 735 2586 fuerit,-
746 2529 784 2568 cx
794 2530 828 2569 eo
840 2509 987 2586 colligitur
996 2517 1120 2568 mentem
1133 2508 1336 2568 Institutorum
1347 2505 1450 2584 fuisse,

244 2595 277 2646 ut
290 2587 378 2665 hujus
392 2588 450 2647 diei
464 2589 627 2649 observatio
642 2589 680 2648 sit
692 2590 823 2668 perpetui
836 2597 866 2648 et
879 2589 1068 2648 immutabilis
1081 2589 1173 2648 Juris.

285 2667 358 2727 XV.
389 2669 598 2746 Imperatorum
617 2669 843 2730 Constitutiones
862 2677 891 2728 et
911 2669 1103 2728 Conciliorum
1125 2669 1257 2726 Cancnes
1280 2665 1358 2725 circa
1381 2665 1453 2725 Diei

246 2747 405 2807 Dominicae
419 2749 658 2827 observationem,
673 2769 732 2808 non
745 2757 871 2828 arguunt
880 2748 969 2808 luisse
980 2757 1092 2807 mutum
1101 2746 1290 2806 ordinstIonis
1303 2746 1452 2822 humanae,

245 2829 384 2904 quianon
399 2830 491 2905 primo
504 2849 567 2890 eam
582 2831 723 2906 sanciunt,
745 2829 797 2889 sed
807 2831 869 2907 jam
883 2829 1044 2888 institutam
1058 2828 1095 2886 ab
1109 2827 1261 2904 Apostolis
1274 2825 1455 2884 authoritate

245 2929 297 2967 sua
311 2908 480 2969 confirmant
494 2918 523 2969 ct
538 2911 696 2986 stabiliunt,
706 2929 742 2969 ne
753 2911 819 2987 quis
829 2911 946 2987 impune
957 2927 1020 2968 eam
1034 2907 1143 2966 violare
1154 2913 1353 2984 praesumeret;
1369 2905 1455 2982 quod

246 2987 352 3047 sactum
366 2990 403 3048 ab
418 2989 488 3067 ipsis
504 2991 641 3069 piissime,
657 2999 718 3050 tum
732 2999 849 3068 propter
863 2987 1011 3062 Ethnicos,
1025 2995 1087 3046 tum
1102 2993 1219 3065 propter
1231 2986 1335 3063 impios
1350 2985 1452 3044 Chris·

246 3067 348 3144 tiancs,
364 3089 382 3128 a
394 3069 501 3146 quibus
514 3069 651 3130 nolebant
670 3069 816 3148 profanari
830 3068 906 3126 diem
920 3068 1008 3141 illam,
1025 3067 1131 3144 quique
1146 3065 1208 3125 sine
1222 3064 1366 3144 ejusmodi
1379 3083 1453 3123 eon·

246 3147 444 3208 stitutionibus
458 3149 581 3209 liberum
594 3159 624 3209 et
638 3149 763 3209 solutum
778 3149 834 3208 sibi
847 3167 910 3206 esse
924 3147 1138 3206 existimassent
1151 3165 1215 3204 eam
1229 3145 1347 3204 violare.

290 3227 379 3284 XVI.
402 3227 473 3301 Quae
496 3248 533 3286 ex
558 3229 705 3307 Scriptura
726 3229 821 3288 solent
844 3227 939 3286 afferri
963 3235 1063 3286 eontra
1084 3225 1294 3285 institutionem
1318 3223 1455 3282 divinam

249 3303 316 3363 Diei
331 3305 476 3364 Dominici
498 3325 536 3364 ex
551 3309 636 3366 Rom.
650 3309 712 3366 xiv.
728 3310 755 3384 5,
771 3307 838 3366 Gal.
860 3307 899 3365 iv.
917 3309 963 3381 10,
979 3306 1041 3364 Col.
1055 3304 1086 3365 ii.
1102 3308 1148 3382 16,
1171 3304 1359 3364 assertionem
1380 3323 1454 3384 aps-

247 3391 320 3442 tram
334 3404 393 3442 non
407 3393 549 3444 evertunt.
593 3388 620 3443 1.
635 3385 710 3459 Quia
723 3386 753 3442 ln
767 3386 830 3444 istis
843 3385 916 3444 locis
929 3386 1063 3445 omnibns
1076 3385 1134 3444 diei
1148 3385 1271 3462 alicujus
1284 3383 1455 3442 observatio

248 3463 285 3521 ad
299 3483 383 3522 usum
396 3464 553 3540 religionis,
569 3484 607 3522 ex
629 3464 729 3524 ordine
745 3465 860 3540 Christi,
875 3485 933 3523 non
956 3465 1050 3542 magis
1071 3465 1223 3524 damnatur
1243 3471 1294 3522 arrt
1315 3471 1453 3540 negatur,

248 3563 335 3618 quam
349 3543 420 3602 certi
433 3543 557 3620 alicujus
576 3543 634 3602 cibi
655 3544 758 3604 electio
780 3543 818 3602 ad
837 3565 922 3605 usum
944 3545 1092 3622 religionis
1114 3565 1152 3603 ex
1167 3542 1273 3602 Christi
1294 3542 1454 3603 instituto:

249 3621 341 3680 Nemo
356 3641 425 3680 vero
440 3621 547 3683 dixerit
560 3623 729 3683 electionem
744 3625 827 3701 panis
840 3632 870 3683 et
884 3624 945 3682 vini
967 3625 998 3682 in
1013 3625 1102 3684 Coena
1124 3623 1161 3682 ad
1180 3643 1266 3683 usum
1288 3621 1454 3699 religionis,

248 3701 296 3760 vel
311 3721 374 3761 esse
395 3701 534 3778 illicitam,
549 3703 597 3762 vel
618 3723 676 3762 non
697 3704 843 3764 aChristc
863 3704 1034 3763 institutam.
1075 3709 1103 3763 2.
1126 3704 1259 3780 Aposto,
1275 3703 1361 3760 Rom.
1376 3701 1454 3778 xiv,

248 3801 383 3859 expresse
396 3781 525 3860 loquitur
539 3783 574 3842 de
588 3783 640 3841 ills
653 3783 842 3843 aestimatione
862 3783 983 3858 dierum,
998 3804 1063 3860 quae
1082 3782 1268 3842 offensionem
1290 3790 1353 3840 turn
1377 3790 1455 3839 tcm-

247 3863 325 3940 pcris
349 3862 479 3940 pariebat
503 3863 578 3922 inter
601 3863 797 3940 Christianos3
832 3863 874 3922 At
900 3863 1064 3922 observatio
1090 3863 1157 3921 Dici
1182 3861 1337 3936 Dominici,
1362 3881 1455 3937 quam

249 3942 409 4018 Apostolus
422 3943 485 4020 ipse
498 3950 560 4001 tum
575 3941 712 4020 temporis
726 3943 756 4000 in
770 3942 904 4002 omnibus
914 3943 1054 4002 Ecclesiis
1068 3941 1230 4002 obtinuisse
1244 3941 1338 4016 docet,
1356 3943 1373 3998 1
1385 3941 1456 4000 Cor.

248 4020 310 4078 xvi.
326 4023 353 4096 1,
363 4027 390 4096 2,
406 4043 464 4080 non
478 4023 572 4100 potuit
584 4023 675 4082 ullam
689 4021 868 4081 occasionem
881 4021 1009 4100 praebere
1023 4021 1146 4099 alicujus
1160 4019 1286 4079 offensae.
1329 4023 1358 4079 3.
1376 4019 1403 4078 A
1407 4021 1454 4096 gi-

248 4109 295 4160 tur
309 4099 345 4158 dc
359 4101 543 4160 distinetione
557 4103 667 4162 dicrum
677 4101 884 4178 Judeicaquaa
895 4101 1056 4177 pertinebat
1064 4102 1101 4159 ad
1112 4101 1281 4159 servitutem
1291 4117 1455 4176 egenorum

248 4188 278 4239 et
291 4179 468 4238 infirmorum
482 4181 697 4258 clementorum,
714 4182 780 4241 Gal.
795 4182 834 4239 iv.
850 4183 877 4257 9,
893 4187 922 4239 et
936 4189 1078 4257 quatenus
1094 4179 1220 4238 habebat
1234 4179 1345 4255 aliquid
1360 4181 1456 4256 typici

248 4269 277 4320 et
290 4259 506 4336 caeremonialia,
519 4269 548 4319 et
561 4262 686 4340 rigorem
701 4261 790 4340 Legis
803 4259 1039 4337 referebatqucd
1049 4260 1111 4338 jam
1124 4259 1221 4319 locum
1235 4259 1349 4319 nullum
1363 4260 1456 4318 habet

247 4337 379 4418 respectu
394 4339 461 4397 Diei
476 4340 629 4401 Dominici.
1360 4391 1366 4401 .

288 4419 397 4480 XVII.
419 4418 485 4478 Non
498 4428 593 4497 potest
607 4421 665 4481 dici
677 4418 808 4480 imminui
821 4419 940 4479 libertas
954 4419 1117 4479 Christiana
1128 4417 1184 4478 hac
1199 4417 1357 4494 sentcntia;
1380 4419 1458 4494 Quia

247 4519 306 4558 ncn
325 4507 369 4558 est
382 4500 508 4576 libertas,
525 4501 578 4559 sed
595 4501 714 4561 licentia
733 4520 791 4560 non
806 4500 977 4574 Christiana,
993 4498 1098 4575 siquis
1119 4498 1234 4557 libcrari
1257 4517 1289 4556 se
1310 4507 1397 4575 putat
1417 4499 1456 4557 ab

249 4579 449 4638 observatione
459 4580 548 4640 ullius
561 4581 697 4658 praecepti
708 4577 857 4657 Decalogi,
868 4586 897 4638 et
912 4579 1076 4639 Sanctionis
1088 4577 1204 4636 Divinae
1214 4585 1244 4636 et
1255 4577 1456 4658 Apostolicae;

249 4657 290 4717 nt
316 4658 493 4736 experientia
515 4661 601 4721 nimis
629 4661 713 4720 dccet
734 4659 881 4720 licentiam
904 4665 934 4719 et
955 4656 1163 4737 negligentiam
1184 4676 1281 4717 rerum
1304 4677 1458 4718 sacrarum

278 1219 368 1266 Fontes
383 1223 451 1268 Solu-

314 1280 417 1326 tionum.
