3192 5206
233 322 293 378 304
641 335 732 376 cocus
747 334 876 374 nactura
890 331 1024 372 renerus.
1241 309 1369 390 [eumer.
1386 331 1439 372 xu.

232 499 348 557 parasse
363 487 428 554 post
442 486 564 552 partum.
607 475 701 550 Quum
716 495 785 551 ergo
807 473 912 531 dicitur
933 470 1083 548 gravidam
1103 469 1251 528 inventam
1272 470 1360 530 fuisse
1383 499 1441 552 πςιι

233 566 246 624 ἢ
261 555 483 632 aversationis,
506 567 629 634 negatur
642 555 787 633 copulatio
798 552 971 631 praecedens,
988 550 1038 608 sed
1052 570 1110 609 non
1124 551 1241 628 ponitur
1252 570 1385 627 sequeus.

274 639 381 696 XXV.
404 639 486 695 Licet
500 637 603 713 copula
629 655 687 693 non
708 633 831 692 adiuerit
845 633 900 691 isto
915 630 1059 707 conjugio,
1074 650 1132 688 non
1155 631 1241 688 desiit
1262 650 1324 688 esse
1339 651 1442 691 verum

233 727 261 778 et
275 728 377 790 ratum,
390 718 443 775 etsi
456 737 513 774 non
528 724 773 786 consummatum
789 713 857 789 quia
871 731 929 769 non
943 711 1121 783 concubitus,
1138 710 1190 770 sed
1203 730 1360 770 consensus
1371 711 1442 772 saeit

233 798 456 858 matrimonium.
514 796 583 854 Fuit
603 815 672 872 ergo
699 793 857 871 perfeetum
886 791 982 868 quoad
1009 789 1139 865 formam,
1168 791 1231 850 scil.
1259 789 1441 850 indiuiduam

231 878 301 936 vitae
335 877 575 953 conjunctionem,
601 883 630 932 et
654 874 740 932 fidem
775 873 1016 944 intemcritatam;
1046 870 1097 928 sed
1132 890 1190 928 non
1217 871 1314 946 quoad
1341 871 1438 948 finem,

231 957 386 1015 liberorum
402 956 462 1014 scil.
484 953 719 1032 procreationem,
735 972 900 1030 quanquam
911 971 968 1008 non
978 949 1108 1024 defuerit,
1121 950 1217 1026 quoad
1231 951 1320 1026 prolis
1334 951 1440 1010 educa·

231 1037 349 1096 tionem.

272 1115 397 1173 XXVI.
420 1115 502 1173 Licet
524 1122 620 1172 autem
638 1113 685 1190 pie
707 1112 840 1170 credatur
863 1117 1000 1186 perpetua
1021 1109 1085 1186 ejus
1105 1109 1266 1186 virginitas,
1289 1129 1440 1186 perperam

231 1204 328 1255 tamen
342 1216 360 1252 a
374 1193 534 1252 Pontificiis
545 1203 645 1251 votum
659 1192 835 1268 virginitatis
850 1190 892 1248 illi
903 1189 1058 1266 affingitur.
1081 1189 1229 1248 Neeeninr
1240 1189 1440 1266 virginitatem

232 1276 304 1348 Deo,
321 1283 350 1332 et
370 1273 486 1350 nuptias
501 1273 631 1350 Josepho
647 1273 731 1330 simul
754 1269 893 1348 spondere
917 1269 1019 1345 potuit,
1035 1278 1084 1327 aut
1098 1272 1211 1327 amacio
1226 1279 1362 1346 tanquam
1376 1290 1440 1328 rem

231 1356 294 1413 Deo
306 1363 417 1431 gratam
428 1373 541 1426 vovere,
554 1373 640 1428 quam
650 1362 679 1410 et
689 1353 718 1408 in
729 1351 802 1427 lege,
812 1351 897 1408 Dout.
905 1350 955 1407 vii.
965 1352 1010 1422 14,
1018 1349 1209 1422 maledictam,
1217 1358 1247 1406 et
1255 1369 1272 1406 a
1281 1369 1358 1407 more
1366 1369 1437 1425 gen·

231 1435 270 1494 tis
285 1453 345 1492 suae
359 1434 492 1506 alienam,
508 1441 537 1490 et
550 1432 587 1490 ab
600 1431 770 1490 Elizabetha
784 1439 908 1506 cognata
930 1449 982 1486 sua
995 1428 1093 1504 probri
1107 1429 1298 1505 appellatione
1322 1427 1439 1488 traduc-

231 1523 290 1573 tam
305 1513 422 1586 sciebat,
437 1513 506 1570 Luc.
521 1512 541 1570 i.
556 1515 603 1569 25.
628 1510 739 1568 Deinde
749 1531 802 1567 nec
816 1517 882 1567 aute
898 1507 1043 1584 sponsalia
1057 1528 1163 1569 vovere
1177 1509 1279 1585 potuit,
1295 1527 1348 1566 nec
1361 1516 1439 1584 post.

231 1594 297 1652 Non
312 1594 399 1668 prius,
412 1611 478 1649 nam
493 1592 517 1648 si
532 1591 669 1664 vovisset,
686 1611 736 1648 cur
747 1609 816 1666 ergo
830 1588 960 1662 nuberet,
976 1607 1040 1646 cum
1052 1588 1142 1646 tutius
1157 1609 1272 1646 servare
1287 1587 1439 1664 virginita-

230 1682 288 1732 tem
303 1673 387 1730 aliter
400 1675 519 1749 posset?
540 1680 569 1730 et
588 1690 645 1746 qua
662 1669 837 1728 conscientia
850 1668 966 1726 nominc
986 1667 1113 1744 conjugii
1127 1668 1164 1726 ad
1178 1668 1335 1726 fallendum
1350 1668 1439 1726 Jose-

229 1754 319 1831 phum
331 1753 421 1810 abusa
431 1751 541 1822 fuisset,
552 1760 580 1808 et
591 1750 727 1827 patiendo
737 1770 766 1808 se
776 1749 879 1806 marito
889 1747 1031 1822 collocari,
1045 1757 1175 1806 sanetum
1190 1747 1317 1824 conjugii
1332 1747 1438 1822 foedus,

229 1853 289 1890 non
304 1832 364 1889 siue
378 1831 432 1889 Dei
446 1831 571 1888 ludibrio
586 1831 765 1906 sprevisset?
786 1829 852 1886 Non
868 1826 1020 1904 posterius,
1041 1827 1109 1902 quia
1122 1827 1207 1886 inane
1221 1827 1323 1885 suisset
1337 1837 1440 1885 votum

231 1913 292 1971 siue
307 1931 448 1969 consensu
464 1911 570 1986 spousi,
586 1911 637 1986 qui
650 1909 729 1968 nullo
743 1917 913 1985 argumento
927 1906 1042 1983 probari
1055 1915 1159 1983 potest.

271 1991 415 2048 XXVII.
438 1990 498 2047 Nec
518 1989 553 2046 ad
576 1990 633 2048 tale
648 1999 748 2047 votum
763 1987 943 2065 probandum
957 1985 1066 2044 faciunt
1081 1987 1171 2044 verba
1185 1986 1295 2060 Mariae,
1311 2006 1371 2044 ver.
1387 1988 1437 2061 34,

232 2069 411 2144 “Quomodo
431 2068 493 2126 haee
512 2069 590 2141 fient,
617 2068 759 2144 siquidem
782 2069 877 2125 virum
900 2086 958 2124 uon
983 2067 1167 2142 cognosco?”
1190 2067 1273 2142 quasi
1297 2065 1440 2124 indicaret

230 2149 427 2226 impotentiam
443 2168 523 2206 suam
538 2148 675 2205 moralem
696 2168 733 2205 ex
748 2156 825 2221 voto,
848 2165 905 2204 non
926 2146 1095 2220 naturalem,
1111 2166 1168 2204 noa
1181 2166 1322 2221 coynosco,
1338 2145 1438 2220 idest,

230 2249 287 2286 non
304 2227 382 2286 soleo
398 2247 580 2303 cognoscere,
595 2247 649 2284 nee
664 2246 789 2301 possum,
815 2235 844 2284 et
868 2226 983 2301 quidem
1007 2245 1065 2283 uon
1079 2235 1189 2298 natura,
1211 2235 1261 2284 aut
1281 2227 1347 2301 lege
1371 2245 1437 2302 pro-

230 2308 356 2380 hibente,
374 2306 425 2364 sed
439 2315 516 2377 voto,
532 2315 564 2363 ut
574 2306 639 2363 vult
650 2306 787 2380 Maldou,
800 2306 828 2362 in
840 2305 869 2362 h.
884 2306 903 2362 l.
926 2305 1000 2379 Quia
1011 2323 1158 2382 perperam
1170 2314 1338 2382 torquentur
1351 2305 1441 2363 verba

230 2387 287 2444 ista
301 2386 338 2442 ad
353 2395 453 2444 votum
467 2386 550 2460 eujus
571 2404 624 2441 nec
639 2386 706 2442 vola
723 2405 775 2443 nec
789 2384 946 2458 vestigium
970 2385 1017 2442 hic
1042 2394 1130 2458 extat,
1154 2405 1218 2462 quae
1243 2393 1310 2443 sunt
1325 2393 1439 2443 tantum

231 2466 399 2524 admirantis
413 2465 451 2522 ob
466 2465 507 2522 rel
522 2463 681 2522 novitatem
696 2473 724 2522 ct
738 2465 975 2539 magnitudinem,
992 2473 1020 2522 et
1034 2464 1070 2522 de
1085 2465 1170 2523 modo
1184 2465 1355 2541 quaererrtis;
1378 2485 1439 2523 uon

229 2545 324 2624 potuit
338 2544 415 2602 enim
429 2563 487 2600 non
502 2544 604 2601 mirum
620 2563 682 2602 csse
698 2544 813 2620 Virgini
825 2545 978 2603 instantem
993 2553 1162 2620 conceptum
1177 2554 1206 2603 et
1219 2553 1341 2621 partum,
1356 2544 1440 2603 nulla

230 2624 405 2683 matrimonii
433 2623 660 2696 consummandi,
687 2624 734 2682 vel
759 2623 882 2700 ¹Josephi
912 2624 1008 2699 sponsi
1036 2625 1180 2682 mentione
1208 2625 1291 2697 sacta,
1317 2623 1438 2700 perinde

229 2716 262 2764 ut
273 2707 334 2782 jam
349 2713 454 2781 nuptae,
470 2703 677 2780 praenurreiari3
700 2724 764 2762 cum
780 2713 876 2761 tamen
890 2703 952 2779 ipsa
963 2704 1078 2762 conscia
1091 2713 1167 2763 esset
1182 2725 1241 2763 suae
1251 2703 1440 2780 virginitatis,

230 2805 283 2844 uec
298 2785 385 2842 ullius
400 2783 455 2840 viri
469 2783 614 2859 conjugali
629 2782 836 2842 consuetudine
850 2783 944 2841 adhuc
959 2793 1094 2842 uteretur.

272 2863 431 2922 XXVIII.
456 2863 544 2921 Porro
556 2864 579 2920 si
595 2863 740 2939 quaeritur,
763 2884 814 2921 eur
834 2883 891 2920 non
905 2871 1015 2920 tantum
1032 2883 1069 2921 ex
1083 2863 1205 2940 Virgine
1219 2863 1299 2921 nasci
1313 2862 1441 2922 voluerit

232 2945 371 3018 ChrIstus,
395 2943 446 3002 sed
461 2963 497 3001 ex
510 2943 622 3018 virgine
643 2943 824 3020 desponsata,
839 2942 965 3001 rationes
989 2942 1146 3001 afferuntur
1160 2964 1178 3000 a
1190 2943 1319 3020 patribus
1338 2943 1438 3016 varia,

229 3033 291 3085 tum
313 3033 445 3101 respectu
466 3023 573 3082 Christi
587 3023 688 3100 ipsius,
709 3032 770 3082 turn
786 3023 897 3096 Matris,
919 3031 981 3081 tum
1000 3023 1110 3081 nostri:
1134 3023 1241 3082 carati
1252 3022 1377 3100 quidem,
1398 3041 1436 3080 na

229 3114 367 3181 tanquam
379 3104 547 3180 illegitimus
561 3112 637 3162 etex
651 3103 792 3163 adulterio
807 3113 900 3176 natus,
913 3103 950 3160 ab
961 3103 1020 3160 ullo
1034 3103 1182 3160 hominum
1194 3101 1318 3179 judicari
1328 3110 1438 3179 posset,

233 3183 275 3244 Ut
284 3185 347 3259 ejus
359 3183 529 3259 genealogia
543 3202 621 3242 more
632 3193 769 3242 consueto
780 3204 818 3241 ex
831 3183 894 3240 viro
906 3182 1044 3259 Josepho,
1057 3183 1106 3258 qui
1117 3183 1272 3258 putabatur
1285 3183 1348 3260 ejus
1357 3192 1441 3256 pater

230 3270 328 3339 posset
350 3263 494 3338 cognosci,
510 3273 539 3320 et
561 3283 599 3320 ex
621 3263 726 3340 quibus
740 3263 870 3339 patribus
889 3271 974 3320 natus
998 3271 1082 3336 esset,
1106 3263 1238 3340 Denique
1261 3271 1294 3322 ut
1318 3261 1439 3320 haberet

232 3341 276 3399 sui
291 3341 386 3398 adhuc
400 3341 516 3398 infantia
529 3350 653 3399 tutorem
668 3351 697 3400 et
711 3351 871 3400 curatorem
882 3342 1062 3419 Josephum;
1085 3343 1199 3418 Matrr'a,
1219 3351 1252 3402 ut
1270 3342 1333 3417 eius
1353 3341 1438 3398 famae

232 3429 262 3478 et
276 3420 361 3477 saluti
376 3419 580 3492 consuleretur,
596 3439 632 3477 ne
647 3441 698 3497 pro
713 3421 844 3480 adultera
856 3421 1017 3495 haberetur,
1033 3431 1063 3479 ot
1076 3441 1113 3478 ex
1130 3423 1195 3500 lege
1216 3421 1361 3499 lapidibus
1385 3420 1438 3478 ob-

232 3508 370 3569 rueretur,
383 3507 412 3556 et
426 3509 457 3556 ut
471 3499 565 3556 virum
580 3499 699 3557 baberet
712 3520 729 3557 a
743 3521 801 3576 quo
816 3511 970 3576 curaretur,
987 3501 1195 3573 defenderetur,
1211 3511 1240 3561 ct
1254 3503 1337 3578 cujus
1347 3500 1438 3577 pallio

232 3585 394 3652 tegeretur;
416 3578 524 3649 Nostri,
540 3587 573 3635 ut
591 3577 663 3636 fides
677 3589 776 3638 nostra
789 3579 826 3638 de
847 3581 998 3640 nativitate
1021 3581 1127 3639 Christi
1141 3603 1179 3640 ex
1201 3582 1324 3658 Virgine
1342 3581 1438 3657 magia

232 3655 455 3732 confirmaretur,
479 3657 593 3732 quaudo
608 3658 669 3734 ipse
684 3659 770 3716 etiam
784 3660 806 3719 J
808 3660 932 3737 osephus
946 3660 983 3719 da
994 3679 1084 3719 uxore
1097 3681 1149 3720 sua
1162 3662 1193 3720 id
1207 3671 1328 3720 testatus
1343 3667 1396 3718 est

693 3897 979 3971 oumsrroxu.

500 4073 540 4114 ne
554 4073 674 4115 Gnarus
685 4075 723 4114 ΕΤ
738 4075 864 4116 Derisus
878 4073 1004 4116 cflms'ro
1018 4075 1168 4116 cornaria.

234 4213 372 4281 Quaenam
389 4213 500 4275 Gratiae
519 4217 663 4274 Humano
679 4217 785 4275 Christi
797 4219 919 4275 Nahcroe
940 4219 1049 4274 collam
1064 4217 1199 4291 suniat!
1240 4218 1283 4274 Et
1294 4217 1438 4296 Aufidena

621 4305 648 4354 et
660 4317 737 4372 spem
750 4297 901 4355 haband!
942 4296 1055 4354 Affirm.

532 4453 557 4510 I.
580 4453 646 4512 Non
655 4455 793 4530 quaritur
802 4455 837 4512 de
849 4455 954 4514 Gratia
965 4465 1079 4530 oemraa,
1089 4473 1155 4532 quae
1166 4463 1211 4514 est
1224 4455 1255 4513 in
1270 4455 1342 4529 Deo,
1359 4452 1438 4512 scili·

256 4525 454 4632 ⁸²⁸¹&le
503 4531 595 4624 eet-de
606 4534 714 4592 Amore
724 4542 753 4593 et
761 4534 970 4610 benevolentia,
983 4555 1041 4612 qua
1049 4535 1196 4594 Christum
1205 4535 1438 4628 complexushest,

507 4619 536 4668 et
550 4631 579 4668 ru
599 4621 738 4672 aeternum
762 4615 973 4690 complexurus,
988 4635 1047 4692 quo
1069 4633 1156 4674 sensu
1171 4615 1302 4674 Christus
1316 4621 1441 4672 vocatur
