3146 5210
225 339 283 396 382
592 349 682 390 nocua
698 347 827 388 uncinus
842 345 987 394 ousa'rus.
1254 323 1383 406 [unsar.
1398 343 1441 384 ιι.

225 495 262 553 ad
276 493 408 552 homines
419 511 484 552 curn
501 493 572 565 Deo,
588 491 685 567 potius
699 509 786 566 quarn
800 487 837 546 ad
853 488 945 545 Deum
962 505 1027 544 curn
1054 484 1228 560 hominibus,
1255 485 1324 562 quia
1348 485 1438 544 offen-

225 575 327 632 dentes
340 573 572 630 reconciliatione
588 591 659 646 opns
671 569 779 627 babent
793 568 830 625 ad
845 567 994 640 offensum,
1018 566 1084 622 lloc
1098 574 1195 622 tamen
1216 584 1274 623 non
1299 565 1438 640 excludit,

225 653 277 712 sed
291 653 427 730 supponit
441 652 702 710 reconciliationem
715 649 770 706 Dei
782 648 941 706 nobiscum.
986 645 1134 723 Siquidem
1145 644 1265 703 offensio
1276 665 1334 703 uon
1343 654 1440 722 potest

224 753 288 792 esse
304 733 365 791 sine
375 732 498 809 justitias
514 731 639 804 laesione,
656 749 721 806 quae
735 727 842 805 placari
857 728 937 804 priua
951 725 1044 799 debet,
1061 735 1214 802 antequam
1240 725 1333 802 possit
1358 727 1439 786 Deus

223 813 355 871 homines
370 811 425 870 sibi
439 810 632 884 reconciliare,
648 807 729 868 etad
743 807 842 884 gratiae
858 827 917 865 suae
928 806 1158 864 communionem
1172 805 1333 865 admittere.
1376 805 1438 865 Nec

224 894 248 952 si
264 893 344 950 Deus
359 891 420 968 ipse
435 891 540 950 dicitur
554 909 721 966 procurasse
736 888 998 946 reconciliationem
1023 886 1116 958 istam,
1133 885 1262 961 sequitur
1276 905 1334 942 non
1349 885 1438 945 fnisse

222 973 337 1046 iratum,
353 971 402 1029 fed
416 971 499 1028 nobis
513 971 658 1047 placatum
686 977 716 1026 et
729 967 894 1044 propitium,
920 966 989 1043 quia
1012 966 1067 1023 hoo
1091 965 1208 1042 quidem
1232 965 1319 1023 infert
1343 965 1438 1042 ipsum

222 1072 320 1111 amors
334 1051 544 1110 benevolentias
558 1070 628 1126 erga
638 1069 691 1107 nos
706 1057 816 1106 motum
831 1047 928 1120 fuisse,
955 1055 986 1104 ut
1011 1044 1271 1104 reconciliationem
1286 1045 1372 1103 istam
1387 1045 1437 1104 de-

223 1141 362 1205 cerneret,
378 1131 429 1188 sed
444 1150 501 1188 non
517 1131 614 1188 statim
628 1139 661 1186 ut
675 1137 825 1187 censeatur
839 1128 969 1204 placatus
984 1135 1013 1184 et
1027 1125 1237 1200 reconciliatus,
1253 1125 1305 1182 sed
1325 1133 1438 1184 tanturn

222 1211 452 1270 reconciliandus
466 1218 495 1268 et
508 1209 667 1286 placandus
681 1209 807 1286 peccatis
821 1207 935 1281 nostris,
951 1207 1057 1282 quibus
1078 1225 1136 1264 non
1159 1214 1272 1282 poterat
1293 1225 1352 1263 non
1375 1225 1438 1264 esse

225 1293 324 1350 iratus.

264 1371 359 1429 XXI.
382 1370 502 1428 Frustra
513 1389 582 1428 vero
596 1368 722 1441 additur,
746 1367 887 1427 Christum
901 1367 1008 1441 ἕλω-μὶν
1032 1373 1060 1423 et
1082 1365 1222 1445 turriger
1236 1375 1361 1424 nostram
1373 1366 1437 1440 dici,

223 1473 280 1510 aon
294 1452 371 1528 quod
383 1453 476 1508 Deum
492 1451 598 1508 iratum
612 1448 688 1506 nobis
698 1451 801 1522 placet,
813 1449 864 1504 sed
876 1448 943 1522 quio
957 1466 1018 1503 curn
1027 1449 1091 1520 jam
1103 1449 1251 1521 placatum
1278 1455 1305 1503 et
1326 1445 1438 1504 minime

223 1532 328 1590 iratum
343 1551 400 1588 esse
414 1531 578 1608 testificetur.
621 1528 696 1602 Quia
711 1528 830 1604 sanguis
856 1526 962 1584 Christi
987 1524 1095 1584 effusus
1119 1533 1164 1584 est
1188 1525 1217 1582 in
1240 1525 1437 1584 remissionem

221 1619 404 1688 peccatorum
419 1629 477 1667 non
491 1607 718 1681 contestandum,
734 1606 786 1665 sed
799 1606 993 1680 obtinendam,
1010 1614 1041 1663 ut
1050 1605 1137 1664 fiebat
1146 1606 1175 1662 in
1187 1605 1438 1664 sacrificiishilas-

223 1691 289 1750 ticis
303 1691 420 1748 Veteris
435 1689 621 1764 Testamenti,
637 1688 710 1746 alias
725 1687 870 1747 Christum
885 1687 958 1744 mori
972 1695 1000 1744 et
1012 1685 1182 1762 sangninem
1211 1705 1294 1744 suum
1317 1684 1437 1744 fundere

223 1771 296 1830 nibil
311 1790 384 1848 opus
398 1770 517 1844 fuisset;
542 1769 614 1827 Cum
628 1768 684 1826 hoc
698 1767 768 1825 satis
782 1777 812 1826 et
825 1767 957 1825 doctrina
970 1775 999 1824 et
1013 1766 1074 1823 vita
1098 1785 1150 1824 sna
1173 1766 1314 1843 potuisset
1329 1765 1438 1825 testari.

226 1850 287 1909 Nec
302 1851 327 1908 si
341 1851 507 1926 operculum
523 1849 609 1907 hrcae
624 1849 763 1928 ἱλαστήριον
777 1846 886 1906 dictum
901 1855 945 1904 est
959 1845 1112 1923 improprie
1127 1854 1156 1904 et
1169 1845 1353 1920 declarativa,
1370 1846 1439 1922 quia

224 1950 306 1991 suam
320 1949 390 2006 erga
403 1930 541 2007 populum
556 1949 593 1987 ex
608 1929 659 1986 illo
673 1926 905 1986 benevolentiam
919 1925 1093 2000 declarabat,
1110 1925 1192 1984 Idem
1204 1927 1240 1984 de
1252 1926 1367 1984 Christo
1381 1926 1438 1984 dici

224 2011 319 2083 debet,
342 2010 389 2068 cni
403 2011 458 2068 hoc
472 2009 607 2068 tribuitur
621 2008 746 2065 maxime
760 2006 883 2084 proprie,
898 2025 956 2062 non
982 2015 1040 2064 tarn
1064 2006 1188 2082 passive,
1212 2025 1298 2082 quarn
1324 2007 1438 2080 active,

224 2091 293 2166 quia
305 2089 537 2166 propitiationem
552 2096 679 2145 nostram
694 2087 762 2144 fecit
777 2107 828 2143 suo
843 2086 992 2162 sanguine,
1018 2093 1051 2144 ut
1064 2085 1142 2161 quod
1166 2086 1263 2161 typice
1284 2095 1395 2144 tanturn
1411 2096 1440 2144 et

226 2168 384 2246 symbolice
398 2169 428 2226 in
444 2166 646 2244 Propitiatorio
660 2166 893 2237 adumbrabatur,
909 2185 959 2240 per
974 2165 1123 2240 sanguinis
1137 2165 1327 2223 Victimarum
1343 2185 1438 2242 asper-

224 2250 343 2322 sionem,
360 2247 396 2305 Id
411 2247 543 2304 Christus
555 2266 622 2304 vere
637 2253 665 2304 et
682 2245 796 2321 proprie
811 2245 984 2320 praestiterit,
1000 2264 1051 2320 per
1064 2245 1172 2321 proprii
1187 2245 1336 2320 sanguinis
1350 2245 1436 2303 fusio·

227 2349 303 2386 nem.
345 2326 484 2400 Quamvis
499 2345 568 2382 vero
582 2325 794 2400 propitiationis
808 2325 893 2382 istius
907 2324 1127 2400 applicationem
1152 2333 1181 2382 et
1204 2324 1329 2382 fructum
1354 2325 1439 2383 nobis

227 2407 356 2467 obtineat
365 2404 432 2482 jugi
447 2423 498 2462 sua
515 2402 724 2462 intercessione
739 2404 769 2460 in
784 2403 867 2477 coelo,
883 2423 940 2461 non
955 2413 1106 2479 propterea
1129 2412 1225 2480 potest
1239 2405 1295 2460 dici
1321 2423 1382 2460 eam
1407 2405 1438 2459 in

227 2485 309 2545 coelis
323 2493 434 2542 tantum
448 2483 560 2541 fecisse.
603 2483 664 2541 Nec
679 2503 712 2541 eo
728 2491 838 2558 spectat
851 2483 941 2557 locus,
959 2483 1035 2540 lleb.
1052 2483 1080 2540 ii.
1098 2485 1144 2557 17,
1159 2483 1189 2539 in
1200 2481 1438 2558 qrrouondicitur

205 2565 212 2578 '
226 2563 357 2624 Christus
371 2563 402 2620 in
416 2562 497 2621 coelis
511 2562 658 2621 induratur
672 2583 723 2622 seu
737 2562 854 2638 expiare
875 2571 1000 2639 peccata,
1018 2561 1068 2620 sed
1083 2570 1192 2620 tantum
1215 2561 1349 2619 debuisse
1372 2560 1438 2620 idco

226 2664 277 2722 per
291 2643 387 2702 omnia
402 2642 536 2702 fratribus
551 2642 653 2702 similis
667 2643 737 2716 fieri,
753 2651 785 2700 ut
799 2641 935 2700 evaderet
948 2642 1043 2700 fidelis
1060 2640 1199 2700 Sacerdos
1212 2667 1247 2698 u
1261 2667 1319 2721 ηις
1334 2646 1373 2699 rh
1386 2644 1440 2702 brt·

224 2731 254 2789 rh
274 2729 301 2782 τὶ
316 2725 460 2788 fricaretur
474 2725 520 2788 τὰς
529 2725 657 2803 clangetis
670 2731 715 2783 ut
728 2727 800 2798 aut,
813 2722 891 2799 quod
901 2723 969 2782 feeit
980 2742 1032 2780 sua
1042 2730 1134 2780 morte
1148 2729 1178 2780 et
1191 2723 1334 2799 passione,
1346 2731 1379 2782 ut
1393 2743 1438 2782 se·

227 2805 345 2883 quentia
357 2805 490 2863 innuunt.

528 2883 641 2943 XXII.
666 2883 764 2956 Sexto,
777 2882 859 2940 Idem
870 2881 1063 2954 confirmatur,
1076 2882 1124 2939 Ex
1135 2890 1240 2940 notura
1262 2891 1287 2940 et
1301 2884 1438 2956 αιῦιιησιῐι

479 2964 644 3038 passionum
656 2963 770 3034 Christi,
787 2971 816 3020 et
829 2963 918 3037 spreoie
929 2962 1025 3019 niortis
1040 2961 1076 3018 ab
1091 2963 1153 3039 ipso
1163 2962 1238 3036 latre,
1255 2962 1301 3020 cui
1315 2963 1387 3020 nihil
1401 2961 1438 3020 ad

487 3063 584 3102 veram
600 3053 630 3102 et
643 3044 757 3120 plenam
773 3042 996 3100 satisfactionem
1007 3041 1107 3099 defuit.
1142 3045 1168 3099 l.
1184 3042 1250 3100 Non
1261 3043 1377 3100 reseratio
1387 3062 1437 3100 seu

227 3125 330 3200 species
340 3143 440 3201 poeaoe,
456 3123 524 3200 qnia
539 3123 581 3181 illi
595 3124 706 3182 inflicta
719 3133 764 3182 est
777 3141 855 3180 mors
869 3143 886 3180 a
902 3122 980 3197 Lege
995 3121 1176 3195 denunciata,
1191 3141 1250 3179 non
1264 3122 1394 3199 vulgaris
1408 3131 1437 3180 ct

227 3205 379 3278 ordinaria,
396 3202 447 3261 sed
461 3202 597 3278 violenta,
614 3214 643 3262 ct
657 3203 850 3277 acerbissima,
866 3202 904 3260 ad
931 3202 1048 3260 modum
1071 3202 1204 3278 supplicii
1227 3201 1342 3275 inflicta,
1368 3210 1398 3260 et
1421 3221 1438 3260 a

229 3283 546 3360 Deoipsomaledicta,
563 3285 664 3360 inqua
691 3292 794 3360 praeter
817 3301 957 3340 summam
982 3282 1179 3358 ignominiam,
1203 3291 1232 3341 ct
1255 3281 1437 3340 acutissimos

227 3361 342 3420 dolores
356 3363 468 3437 corpori
480 3364 661 3420 sanctissimo
676 3363 809 3437 inflictos,
825 3362 921 3419 anima
934 3361 1067 3420 horribili
1079 3382 1188 3438 pavore
1202 3370 1231 3420 et
1244 3361 1362 3420 tristitia
1375 3381 1437 3419 cor·

226 3448 308 3517 repta
322 3441 384 3512 fuit,
400 3449 429 3498 et
443 3448 525 3499 tanto
538 3461 604 3500 eum
618 3461 726 3517 angore
737 3451 767 3499 et
780 3452 858 3499 nietn
873 3440 1037 3500 conflictata
1051 3452 1104 3515 est,
1119 3449 1194 3501 utet
1208 3441 1263 3519 ipsi
1288 3441 1436 3518 Angelum

226 3519 434 3578 confortantem
449 3539 584 3596 apparere
599 3521 764 3597 oportuerit,
781 3529 810 3578 et
825 3520 942 3579 sudore
957 3540 1074 3598 corpora
1089 3521 1220 3595 manarit,
1241 3521 1324 3598 quasi
1342 3521 1438 3598 grand

227 3599 385 3676 sanguinis,
401 3618 500 3674 preces
515 3609 544 3658 et
558 3601 782 3677 supplicationes
797 3621 862 3658 cum
877 3600 1000 3658 clamore
1014 3601 1113 3659 valido
1133 3610 1162 3660 et
1183 3601 1340 3678 lachrymis
1354 3602 1437 3660 obtu-

225 3678 292 3738 lerit
302 3678 353 3752 illl,
369 3677 420 3755 qui
433 3697 498 3736 eum
510 3688 650 3755 poterata
663 3688 754 3738 morte
769 3700 893 3754 servare,
920 3680 997 3738 Heb.
1012 3701 1041 3739 v.
1064 3684 1091 3753 7,
1115 3689 1145 3740 et
1166 3701 1196 3739 se
1221 3701 1239 3739 a
1264 3682 1326 3740 Deo
1352 3681 1438 3740 Patre

224 3759 391 3818 tristissima
403 3779 484 3832 voce,
501 3759 525 3816 si
539 3779 596 3816 non
623 3759 719 3836 quoad
734 3759 952 3818 dissolutionem
967 3761 1099 3836 Unionis,
1116 3761 1277 3821 sanctitatis
1286 3759 1439 3838 participa·

224 3841 342 3914 tionem,
371 3847 401 3898 et
438 3840 675 3898 sustentationem
708 3840 832 3914 virtutis,
843 3849 873 3898 at
901 3840 998 3916 quoad
1029 3840 1268 3900 substractionem
1304 3840 1435 3916 visionis,

226 3919 325 3997 gaudii
339 3929 368 3978 et
382 3919 477 3978 solatii
493 3920 717 3996 suspensionem,
733 3929 763 3978 et
785 3919 931 3978 felicitatis
953 3921 1046 3998 plenas
1071 3920 1235 3980 fruitionem
1258 3929 1287 3980 et
1312 3941 1437 3996 sensnm,

225 3999 393 4060 derelictum
409 4008 583 4076 conquestus
597 3999 691 4059 fuerit.
734 4000 805 4075 Quae
819 4001 890 4059 talia
903 4010 978 4075 sunt,
995 4011 1027 4058 ut
1047 4001 1157 4060 nullam
1179 4001 1264 4058 aliam
1278 4000 1438 4078 legitimam

224 4101 341 4140 cansam
355 4080 461 4138 habere
472 4080 591 4157 possint,
604 4079 660 4138 nisi
675 4081 705 4137 iu
715 4080 831 4158 justitia
843 4079 1031 4139 vindicatrice
1047 4081 1269 4139 satisfactionem
1291 4100 1344 4158 pro
1354 4080 1438 4138 nobis

223 4159 452 4236 plenissimama
481 4159 595 4218 Christo
619 4161 775 4237 exigente:
818 4160 881 4218 Nisi
902 4159 1026 4218 velimus
1051 4159 1198 4218 Christum
1221 4160 1383 4218 molliorem
1409 4169 1439 4220 et

223 4240 398 4298 timidiorem
413 4239 501 4298 fuisse
516 4239 673 4299 innumeris
695 4240 883 4316 Illartyribus,
907 4238 958 4317 qui
980 4239 1101 4299 eandem
1124 4248 1245 4299 mortem
1271 4259 1436 4318 corpoream

225 4320 448 4393 acerbissimam,
465 4320 561 4378 sinon
589 4320 764 4380 acerbiorem
789 4320 884 4396 quoad
913 4321 1141 4397 exquisitissima
1164 4328 1317 4395 tormenta,
1341 4319 1438 4378 animo

223 4399 368 4477 intrepido
383 4407 412 4458 et
426 4400 513 4458 alacri
528 4407 557 4458 et
572 4399 633 4458 sine
644 4401 704 4459 nlla
718 4399 843 4459 tristitiae
852 4409 881 4458 et
890 4400 1006 4477 pavoris
1015 4399 1218 4459 testificatione
1229 4401 1436 4474 sustinuerunt,

223 4478 302 4555 quod
315 4499 399 4538 aures
414 4478 585 4538 Christiana
599 4479 672 4538 ferre
687 4499 744 4537 non
758 4488 889 4556 possunt.
931 4483 959 4536 2.
982 4479 1047 4536 Non
1066 4482 1193 4556 Tempus,
1209 4481 1278 4556 quia
1291 4480 1360 4538 lieet
1373 4479 1438 4536 fini-

221 4567 251 4616 ta
264 4558 351 4618 fuerit
365 4559 523 4633 duratione,
539 4559 651 4618 infinita
665 4569 760 4618 tamen
773 4559 827 4618 fuit
835 4559 933 4618 valore
944 4577 981 4616 ex
994 4561 1129 4618 Personae
1140 4559 1437 4638 patientisdignitate.

222 4639 250 4694 3.
281 4637 345 4695 Non
375 4639 504 4696 identitas
521 4658 653 4713 personae
673 4639 825 4714 pecccatis,
847 4639 915 4714 quia
939 4639 1007 4698 lieet
1030 4641 1084 4698 hoc
1109 4641 1172 4698 Lex
1196 4641 1297 4717 exigat
1317 4641 1387 4698 κατὰ
1408 4643 1436 4696 τὶ

226 2946 248 2996 6.
257 2949 294 2995 Ex
303 2955 393 2993 natura
402 2961 464 2992 mor-

267 3008 401 3053 tlstristi
414 3021 419 3060 ;
