3202 5194
224 391 281 449 134
681 405 967 450 mcusurnsousus.
1196 385 1322 469 [cumen
1336 407 1422 450 xxiv.

221 565 281 606 non
293 553 415 625 possunt
428 547 486 606 nisi
498 547 645 608 moraliter
657 547 769 626 expiari
782 555 811 608 et
825 545 989 625 expurgari,
1006 565 1059 626 per
1071 545 1220 607 victimam
1233 548 1380 610 moraliter
1394 545 1430 610 se'

221 627 384 704 habentem,
406 626 445 686 id.
461 647 499 686 ex
513 647 625 687 summa
638 629 777 688 charimte
801 635 830 687 et
849 626 1058 706 perfectissimo
1072 627 1211 706 obsequio
1226 649 1288 688 sese
1303 629 1424 690 offeren-

221 715 280 767 tem
297 707 368 783 Deo,
384 707 479 784 qualis
492 707 571 768 solus
586 708 718 768 Christus
732 716 793 785 est;
815 707 873 767 Vel
887 727 952 766 cum
966 710 1039 784 Deo,
1054 707 1102 767 cui
1116 708 1249 768 satisfieri
1263 710 1358 786 debet,
1374 711 1425 787 qui

220 795 254 847 ut
276 787 402 865 Spiritus
416 795 470 864 est,
491 787 668 865 spiritualem
689 788 776 848 etiam
796 795 826 848 et
845 787 1015 848 rationalem
1034 789 1162 866 postulat
1180 789 1337 866 victimam,
1360 810 1425 868 quae

222 866 279 926 sibi
303 866 477 945 satisfaciat;
499 887 553 927 nec
574 868 715 946 sapientia
735 876 786 928 aut
802 867 918 945 justitia
937 869 1002 946 ejus
1020 869 1261 945 praeberemus
1283 872 1424 948 sanguine

221 947 307 1006 bruto
320 955 351 1006 et
364 946 505 1006 materiali
519 948 688 1009 tollerentur
700 955 828 1026 peccato,
840 947 891 1007 sed
901 948 1092 1028 requirebant,
1105 957 1137 1008 ut
1147 949 1296 1009 rationalis
1306 951 1426 1010 victima

221 1025 331 1086 elueret
345 1026 459 1104 culpam
473 1047 491 1087 a
504 1027 637 1087 rationali
652 1035 783 1088 creatura
796 1027 960 1104 admissam,
975 1037 1005 1088 et
1018 1035 1051 1088 ut
1063 1027 1176 1088 infinita
1190 1029 1331 1108 Mejestus
1344 1031 1424 1106 laesa,

221 1105 334 1165 infinito
348 1107 440 1184 pretio
454 1115 484 1166 et
494 1108 689 1168 satisfactione
702 1110 883 1187 placaretur3
898 1108 956 1168 Vel
966 1127 1032 1168 oum
1042 1109 1152 1168 bomine
1165 1129 1217 1187 pro
1228 1130 1286 1188 quo
1297 1111 1426 1188 expiatio

221 1185 283 1244 fieri
297 1186 407 1262 debuit,
420 1186 490 1263 quia
502 1197 653 1266 peccatum
666 1189 697 1246 in
711 1188 811 1249 cadem
822 1197 933 1264 natura,
948 1190 980 1247 in
993 1209 1051 1266 qua
1061 1189 1247 1248 commissum
1260 1190 1323 1267 fuit,
1337 1190 1426 1268 plecti

221 1265 330 1326 debuit.
373 1266 453 1326 Hinc
473 1267 635 1346 Apostolus
655 1269 762 1328 diserte
782 1269 893 1346 amerit,
917 1269 1124 1346 “impossibile
1144 1269 1233 1330 fuisse
1255 1271 1425 1348 sanguinem

221 1353 367 1406 taurorum
382 1354 412 1406 et
421 1347 566 1408 hircorum
577 1350 679 1409 tollere
692 1351 840 1428 peccata,''
856 1349 933 1408 Heh.
945 1370 976 1408 x.
987 1353 1015 1424 4,
1027 1369 1086 1408 non
1099 1349 1186 1409 modo
1197 1369 1234 1408 ex
1245 1349 1425 1410 ordinatione

222 1425 288 1503 Dei,
303 1427 356 1486 scd
375 1447 413 1486 ex
436 1436 540 1488 natura
557 1429 609 1506 rei,
630 1449 696 1489 cum
715 1430 812 1507 potius
832 1429 864 1488 in
884 1429 1033 1489 sacrificiis
1053 1437 1192 1507 perpetuo
1211 1429 1323 1490 iteratis
1343 1428 1426 1490 tieret

220 1506 375 1584 quotannis
389 1507 520 1582 isaiam
533 1516 726 1587 peccatorum,
739 1529 769 1569 v.
784 1513 812 1586 2,
828 1512 857 1569 3.

262 1587 360 1647 XIX.
379 1587 442 1648 Nec
456 1588 481 1650 si
500 1589 607 1667 saepius
620 1590 744 1666 expiatio
758 1589 895 1648 tribuitur
915 1588 1063 1648 sacrificiis
1082 1588 1155 1665 istis,
1171 1589 1300 1667 sequitur
1312 1608 1380 1648 vero
1395 1597 1425 1650 et

177 1711 181 1718 -
220 1667 336 1745 proprie
347 1668 492 1745 expiasse,
513 1669 582 1746 quia
601 1669 656 1728 hoe
677 1667 858 1728 referendum
877 1675 989 1728 tantum
1003 1668 1041 1727 ad
1061 1669 1247 1746 expiationem
1261 1669 1380 1744 typicam
1394 1677 1425 1728 et

221 1747 451 1823 sacramentalem,
466 1768 525 1827 qua
534 1749 690 1808 tollebatur
704 1749 798 1808 carnis
811 1749 971 1826 impuritas,
983 1749 1022 1808 id.
1037 1758 1187 1826 paccatum
1201 1757 1300 1808 contra
1314 1749 1424 1825 Legem

220 1827 302 1885 illam
315 1827 482 1904 admissum,
504 1845 563 1888 non
577 1849 646 1888 vero
661 1828 699 1887 ad
719 1830 906 1905 expiationem
919 1832 1025 1888 realem
1038 1837 1068 1888 et
1081 1829 1255 1906 spiritualem
1269 1849 1286 1888 a
1299 1837 1380 1887 reatu
1394 1835 1425 1888 et

219 1908 335 1966 macula
353 1908 464 1986 peccati
483 1908 598 1986 proprie
611 1908 691 1985 dicti,
707 1928 772 1986 qua
791 1909 947 1986 puritatem
967 1908 1108 1969 inserebat
1122 1909 1313 1985 conscientia,
1328 1917 1362 1968 ut
1381 1908 1425 1967 lo·

220 1986 319 2064 quitur
332 1986 503 2066 Apostolus,
518 1989 595 2047 Hah.
610 1989 651 2048 ix.
668 1991 715 2047 14.
758 1988 876 2066 Duplex
897 2008 967 2082 ergo
987 1991 1098 2064 &cottia
1118 1989 1202 2048 istius
1223 1988 1313 2066 Legis
1333 1997 1425 2048 atten-

220 2065 333 2127 dendus
347 2076 411 2128 est:
429 2067 509 2145 prior
526 2077 659 2128 eatenus
672 2077 699 2127 et
711 2069 845 2144 camald,
866 2069 985 2128 abolitio
1006 2078 1077 2146 puta
1096 2069 1271 2145 impuritatis
1291 2069 1424 2144 carnalis,

219 2166 271 2224 per
285 2165 371 2224 quam
385 2147 492 2224 uliquis
505 2148 683 2207 arcebatura
694 2148 885 2208 conventibus
896 2148 1118 2223 Ecclesiastiois,
1134 2149 1228 2225 qualis
1239 2149 1426 2226 contingebat

219 2245 271 2303 per
291 2234 455 2286 contactum
476 2245 572 2286 rerum
591 2227 801 2304 prohibitarum
815 2247 833 2286 a
847 2228 926 2305 Lege
940 2227 1150 2304 caeremoniali,
1172 2229 1315 2305 posterior
1327 2249 1424 2288 sacra·

219 2308 357 2383 mentalis,
372 2305 544 2384 significatio
559 2307 670 2367 scilicet
686 2315 716 2366 et
729 2307 893 2385 obsignatio
914 2309 1015 2385 gratiae
1029 2316 1059 2368 et
1072 2307 1200 2367 omnium
1220 2309 1425 2368 beneficiorum

220 2405 246 2524 ἲ)
252 2386 666 2525 Μὸἱίἰιιῆιοάἰιῒὶιιειιᾱοιιιω,
682 2386 718 2447 de
739 2407 797 2467 quo
812 2387 879 2448 vide
894 2387 1009 2466 Disput.
1031 2389 1068 2448 de
1091 2388 1292 2448 Satisfactione
1308 2390 1423 2465 Christi,

220 2585 463 2692 aarum
483 2545 602 2685 aii
624 2546 1426 2707 ⁰t‘tttttttttttbffil”ttttttjtttt

248 2704 317 2750 “⁰¹²⁰
334 2679 463 2750 'Persona
484 2705 600 2766 fuerunt
621 2725 711 2766 sacra.
739 2711 767 2766 2.
783 2707 930 2785 Respecto
949 2708 1106 2768 Sacrorum
1126 2709 1343 2786 ipsorumque
1362 2708 1425 2768 deri

248 2763 418 2818 ¹⁰m¹v⁶¹⁹⁸²
482 2787 653 2846 debuerunt.
692 2789 720 2846 3.
743 2787 891 2864 Respectu
903 2789 1046 2846 Locorum
1069 2788 1100 2846 in
1123 2788 1230 2866 quibus
1254 2788 1426 2848 celebranda

219 2861 345 2924 fuerunt.
374 2867 403 2923 4.
416 2865 563 2944 Respectu
579 2868 749 2945 Ternporum
769 2867 874 2944 quihus
896 2867 970 2926 obiri
990 2867 1146 2928 debebant
1179 2870 1315 2928 Persona
1335 2887 1424 2927 sacrae

219 2944 308 3004 duum
322 2952 405 3004 erant
418 2965 574 3024 generum3
596 2947 661 3006 aliae
682 2947 879 3022 communiter,
896 2947 961 3006 alise
975 2947 1116 3026 singulari
1134 2948 1253 3024 ratione,
1270 2967 1358 3007 sacres
1371 2967 1424 3006 vo·

219 3033 330 3084 cantur.
372 3025 483 3086 Prioris
505 3026 620 3104 generis
644 3035 712 3086 sunt
735 3045 835 3087 omnes
858 3027 1085 3087 circumcisionis
1107 3036 1285 3088 sacramento
1308 3027 1423 3103 initiati,

219 3123 277 3180 qua
297 3113 407 3166 tessara
426 3105 551 3184 populus
573 3105 637 3166 Deo
658 3106 771 3166 dicatus
794 3126 814 3165 a
835 3106 964 3184 profanis
985 3107 1121 3184 gentibus
1142 3109 1376 3186 distinguebatur
1396 3117 1425 3168 et

219 3184 488 3262 internoscehatur3
516 3186 603 3245 Ritus
624 3186 688 3263 ejus
709 3187 816 3246 nativa
836 3188 1028 3264 corruptionis
1052 3197 1158 3250 nostrae
1179 3188 1377 3264 abolitionem,-
1396 3197 1426 3247 et

218 3263 355 3340 imaginis
369 3264 426 3323 Dei
445 3263 477 3322 in
490 3265 575 3324 nobis
588 3267 813 3342 renovationem,
828 3268 978 3346 nostrique
998 3268 1029 3326 in
1043 3268 1190 3328 Christum
1207 3269 1381 3344 insitionem,
1396 3276 1426 3328 et

219 3341 336 3400 faederis
349 3343 443 3402 divini
455 3343 687 3420 obsignationcm
700 3344 853 3422 figurabat.

261 3421 357 3481 XXI.
379 3423 552 3483 Posterioris
566 3424 681 3501 generis
695 3434 762 3485 sunt
775 3425 842 3501 illoe,
858 3445 979 3502 quarum
997 3424 1157 3484 ministerio
1172 3426 1252 3484 Deus
1266 3425 1304 3483 ed
1317 3425 1422 3502 guber·

220 3501 368 3560 nationem
382 3503 523 3562 Ecclesiae
536 3523 596 3562 sua
609 3505 753 3564 utebatur.
795 3505 942 3581 Erantque
957 3503 1086 3562 Ministri
1095 3504 1242 3578 ordinarii,
1257 3512 1287 3563 et
1297 3513 1425 3563 extraor-

220 3579 335 3640 dinarii.
377 3581 433 3643 Isti
452 3591 542 3660 crant,
565 3583 615 3660 qui
634 3584 682 3646 vel
702 3585 740 3644 ad
758 3584 939 3644 condendam
958 3583 1128 3659 Ecclesiam,
1151 3591 1180 3643 ct
1200 3582 1331 3642 ordinem
1344 3583 1374 3639 in
1389 3603 1424 3642 ea

219 3660 312 3737 primo
322 3663 626 3740 constituendum,rel,
639 3665 689 3724 ubi
703 3665 848 3742 collapsus
857 3671 927 3740 erat,
938 3663 1157 3738 restituendum,
1170 3671 1199 3724 et
1208 3662 1306 3722 lutura
1318 3661 1422 3741 pradi-

220 3739 321 3815 cenda,
335 3741 501 3802 immediate
511 3744 719 3819 excitabantur,
732 3743 832 3821 quales
843 3752 925 3803 erant
934 3745 1093 3820 Propheta.
1126 3743 1212 3804 Unde
1222 3763 1275 3822 per
1284 3743 1421 3819 visiones,

220 3821 340 3897 somnia,
361 3830 390 3882 et
408 3822 553 3882 internum
569 3824 693 3902 Spiritus
709 3825 739 3884 S.
755 3823 881 3882 afflatum
898 3823 936 3882 ad
949 3823 1179 3901 prophetandum
1198 3823 1422 3882 instruebantur.

222 3899 368 3962 Ordinarii
381 3911 471 3980 erant,
486 3903 536 3980 qui
551 3904 675 3964 mediate
685 3905 782 3963 vocati
793 3905 983 3964 constitutum
994 3905 1025 3962 in
1036 3904 1167 3963 Ecclesia
1182 3903 1311 3962 ordinem
1326 3921 1425 3961 curare

264 4025 407 4076 „mom
480 3984 653 4044 tenebantur
666 3984 756 4043 sacris
770 3982 924 4062 operando,
939 3985 1040 4061 quales
1054 3993 1136 4042 erant
1149 3985 1315 4043 Sacerdotes
1329 3991 1358 4042 et
1369 3983 1423 4042 Le·

407 4061 413 4074 '
480 4064 552 4123 vitm.
593 4063 644 4122 Illi
664 4071 802 4142 perpetua
823 4063 1014 4123 successionis
1035 4063 1107 4122 sarie
1122 4083 1160 4122 ex
1174 4064 1302 4124 Aaronis
1315 4063 1425 4122 familia

219 4137 283 4213 orti,
300 4138 425 4200 officium
439 4139 470 4200 in
484 4142 683 4203 Tabernaculo
697 4143 879 4218 exercebant,
894 4163 997 4202 manus
1011 4143 1119 4222 populo
1133 4144 1328 4222 imponebant,
1341 4152 1371 4204 et
1380 4145 1424 4202 in·

218 4225 324 4280 vocato
339 4217 395 4279 Dei
409 4219 525 4280 nomine
538 4221 757 4283 benedicebant.
801 4223 882 4282 Inter
889 4243 964 4301 quos
977 4243 1107 4283 summus
1119 4224 1256 4284 Pontifex
1270 4224 1424 4299 eminebat,

219 4297 304 4373 cujus
319 4298 474 4376 singularis
493 4302 679 4377 consecratio,
702 4301 858 4380 singularis
874 4301 999 4380 habitus,
1022 4302 1169 4381 singulare
1183 4323 1298 4382 munus,
1316 4304 1427 4382 peculi-

217 4394 297 4436 arem
312 4377 420 4438 Christi
432 4387 535 4458 typum
550 4382 752 4458 constituebat,
765 4401 851 4458 quem
863 4381 1014 4460 sigillatim
1024 4385 1159 4463 persequi
1173 4385 1266 4444 nostri
1278 4405 1357 4443 nunc
1367 4403 1426 4442 non

292 4505 386 4557 Lm
480 4469 525 4520 cst
534 4461 669 4522 instituti.
710 4461 816 4521 Laeta
827 4461 977 4540 speciatim
987 4463 1165 4542 dicebantur,
1177 4465 1303 4543 quiloco
1315 4464 1425 4522 Primo-

387 4542 393 4555 '
480 4541 643 4618 genitorum
651 4541 740 4601 sacris
749 4539 880 4617 adhibiti,
890 4541 919 4600 N
920 4562 978 4603 um.
989 4545 1082 4622 xviii,
1094 4546 1125 4604 in
1133 4563 1269 4605 vasorum
1279 4560 1425 4604 sacrorum

217 4613 429 4692 emundatione,
439 4621 612 4680 mactatione
623 4629 653 4680 et
663 4620 810 4680 ablutione
823 4619 976 4700 pecudum,
987 4626 1166 4703 appositione
1175 4645 1291 4704 panum,
1302 4621 1424 4697 aliisque

217 4691 249 4752 id
262 4711 355 4770 genus
368 4695 478 4780 officiis,
494 4699 699 4763 Sacerdotibus
712 4699 887 4760 serviebant
