3150 5206
386 1109 539 1188 Locos
580 1108 798 1188 DECIMUS
840 1111 1058 1192 TERTIUS.

157 1391 235 1484 DE
278 1391 582 1488 PERSONA
621 1393 696 1482 ΕΤ
737 1393 944 1486 struo
984 1393 1272 1488 CHRISTI.

640 1677 840 1687 --—---—-

542 1871 736 1947 cumauro
757 1867 902 1931 rarus.

243 2031 292 2090 An
304 2030 425 2090 Messius
434 2032 664 2108 promebamjam
677 2031 805 2090 11111νί11
826 2029 938 2090 Affirm.
954 2041 1053 2090 eontra
1066 2032 1088 2091 J
1090 2027 1197 2090 udaeos.

160 2189 185 2247 1.
208 2191 282 2249 Cum
292 2191 423 2249 Christus
437 2191 475 2249 sit
489 2189 566 2249 Novi
578 2190 756 2250 Testamenti
769 2189 922 2264 Mediator,
935 2200 964 2249 11
978 2209 1065 2250 eausa
1075 2209 1108 2248 ao
1118 2189 1183 2248 lons
1195 2187 1321 2247 omnium

120 2265 333 2344 beneficiorum,
349 2289 413 2346 quae
427 2289 465 2328 ex
485 2270 606 2328 Foedere
624 2270 724 2346 gratiae
743 2269 780 2328 ad
794 2289 847 2328 nos
861 2269 1027 2330 dimanant:
1050 2269 1189 2328 Doctrina
1202 2267 1239 2326 de
1254 2269 1320 2326 Foe-

120 2348 188 2406 dere
201 2369 260 2407 non
274 2351 380 2426 poterit
393 2369 520 2426 unquam
529 2349 583 2407 rite
597 2349 714 2426 percipi,
725 2350 780 2408 nisi
796 2350 912 2426 cognito
928 2349 1051 2408 Christo.
1094 2349 1166 2408 Cum
1180 2367 1249 2406 vero
1264 2347 1322 2406 duo

120 2425 151 2484 in
165 2427 229 2504 ipso
243 2429 423 2505 potissimum
435 2429 492 2487 sint
506 2427 688 2504 attendenda,
701 2430 836 2503 Persona,
849 2437 878 2487 et
890 2429 1024 2504 Officium,
1037 2429 1135 2487 Primo
1146 2427 1182 2486 de
1195 2427 1322 2486 Persona

120 2505 284 2583 dicendum,
300 2517 454 2584 antequam
468 2508 506 2566 ad
520 2506 651 2566 Officium
665 2517 854 2566 transeamus.
1181 2549 1184 2556 -

158 2644 164 2656 ,
300 2646 306 2658 ‚
423 2581 465 2645 ΙΙ.
482 2585 545 2661 Quo
556 2584 667 2646 facilius
684 2596 780 2646 autern
795 2587 825 2644 in
841 2587 997 2646 Personam
1012 2587 1118 2647 Christi
1132 2587 1319 2662 inquiramus,

121 2643 362 2748 Pffiffi‘ffi‘.
385 2667 458 2724 Dua
483 2665 663 2741 Quaestiones
686 2667 893 2742 praemittendae
922 2676 997 2742 sunt,
1024 2667 1121 2724 Prima
1143 2665 1179 2723 de
1192 2666 1322 2734 Adventu

175 2775 180 2785 ·
356 2738 362 2757 '
383 2745 494 2804 Messias
511 2745 542 2803 in
556 2743 652 2820 Theai,
668 2765 706 2804 ex
724 2765 781 2822 qua
795 2747 938 2804 constabit
952 2747 1099 2816 Moesiam,
1114 2745 1165 2821 qui
1182 2751 1322 2802 venturus

119 2829 190 2894 erat,
203 2821 265 2896 jam
276 2821 407 2899 venisse;
427 2822 560 2883 Secunda
570 2824 606 2882 de
618 2825 680 2902 ejus
691 2826 819 2883 Persona
828 2825 858 2882 in
874 2825 1048 2902 Hypothesi,
1059 2844 1110 2882 seu
1122 2823 1193 2896 Quis
1207 2822 1256 2879 ille
1272 2821 1318 2896 sit,

118 2909 153 2958 ut
168 2900 291 2958 sciamus
306 2920 362 2958 non
377 2903 465 2962 alium
480 2923 551 2977 esse,
567 2922 653 2979 quam
667 2904 689 2963 J
690 2923 770 2962 esum
785 2903 974 2978 Nazarenum,
991 2903 1091 2960 Mariae
1105 2901 1206 2959 tilium.

164 3027 170 3040 .
248 3028 254 3038 .
343 3029 349 3040 .
427 2983 486 3041 ΙΙΙ.
510 2983 703 3060 supponimus
714 2983 761 3040 hio
772 2981 851 3059 quod
865 2981 942 3060 apud
952 3001 1051 3039 omnes
1062 2988 1193 3039 constat:
1213 2979 1319 3054 Primo,

121 3027 362 3139 Qpbpiqpffiqsustmt
383 3061 521 3120 Massiam
545 3062 717 3139 promissum
741 3059 830 3120 1111111
855 3061 951 3119 statim
975 3069 1042 3137 post
1064 3061 1178 3136 lapsum
1202 3057 1320 3134 abipso

118 3145 162 3189 ssd
177 3157 244 3212 ‚⁰⁰¹¹
275 3141 480 3214 antiquandi
501 3141 629 3214 exordio,
652 3149 788 3216 tanquam
809 3141 925 3198 unioum
952 3139 1054 3198 salutis
1080 3137 1225 3213 medium,
1269 3137 1320 3195 Sa·

149 3215 237 3246 masas
268 3201 360 3259 ΨΜ
381 3219 483 3294 cundo,
498 3221 567 3279 licet
580 3220 617 3278 ab
634 3219 716 3278 initio
733 3219 891 3296 promissus
910 3218 1003 3294 fuerit,
1019 3238 1077 3276 non
1089 3217 1186 3276 statim
1204 3217 1319 3275 mitten·

383 3297 451 3357 dum
465 3299 561 3374 fuisse,
578 3298 629 3358 sed
641 3305 708 3375 post
720 3299 840 3375 longum
854 3306 967 3358 tantum
977 3297 1114 3374 temporis
1125 3295 1318 3370 intervallum,

119 3381 205 3458 cujus
219 3377 442 3457 dispensationis
455 3377 673 3454 sapientissimae
686 3377 840 3454 multiplex
853 3385 948 3454 potest
958 3377 1031 3435 ratio
1045 3375 1135 3451 reddi,
1147 3376 1208 3434 sive
1223 3375 1319 3434 Chris-

132 3487 154 3524 1.
169 3483 222 3524 tum
233 3481 346 3532 respectu
383 3465 443 3516 tum
468 3457 562 3532 ipsum
589 3457 784 3533 respiciamus,
809 3456 870 3514 sive
892 3457 1024 3514 homines
1052 3457 1139 3532 ipsos.
1181 3457 1320 3531 Respectus

194 3535 301 3589 cbristi3
390 3535 496 3595 011νί111
499 3536 614 3613 :primo,
626 3535 852 3595 bociaciebatad
862 3537 924 3612 ejus
935 3534 1115 3611 dignitatem,
1124 3542 1158 3593 ut
1166 3543 1320 3611 antequam

118 3617 233 3675 veniret
246 3617 277 3673 in
295 3615 443 3689 mundum,
453 3615 526 3672 varii
543 3615 694 3673 Praemnes
707 3616 771 3691 ejus
785 3623 922 3691 tanquam
936 3614 1041 3672 summi
1056 3613 1198 3691 Principis
1212 3615 1319 3672 adven-

119 3705 183 3755 tum
203 3693 451 3772 praenunciarent:
483 3694 624 3767 “Quanto
650 3694 743 3770 major
762 3692 864 3753 Judex
884 3692 1027 3769 veniebat,
1050 3701 1130 3752 tanto
1151 3693 1320 3752 Praeconem

116 3775 234 3851 longior
240 3775 328 3832 series
338 3771 548 3850 praecedebat,''
559 3772 686 3848 August.
697 3781 733 3830 tr.
746 3775 793 3830 31.
806 3772 835 3829 in
844 3772 866 3831 J
867 3772 929 3846 oh.;
940 3781 973 3832 ut
984 3773 1024 3830 ita
1034 3773 1107 3830 fides
1116 3769 1158 3829 illi
1167 3779 1318 3848 praestrue-

117 3863 208 3928 retur,
230 3860 260 3911 11
283 3852 332 3911 via
351 3859 559 3928 praepararetur
581 3871 640 3908 non
663 3849 750 3909 modo
773 3851 862 3908 variis
888 3851 975 3928 typis,
1002 3850 1053 3910 sed
1077 3859 1107 3909 et
1130 3848 1320 3908 concordibus

117 3931 330 4010 Prophetarum
344 3929 488 3988 vaticiniis
500 3953 507 4004 ;
530 3931 664 4004 seeundo,
680 3929 783 4006 Longa
796 3929 869 3988 tanti
889 3929 984 4006 operis
1004 3929 1165 4006 expectatio
1177 3947 1319 3985 commen·

118 4011 217 4070 dstius
239 4011 317 4088 apud
337 4009 467 4067 homines
490 4009 590 4067 debuit
609 4008 729 4067 reddere
749 4009 804 4066 hoc
824 4009 1004 4083 beneficium,
1032 4015 1065 4066 ut
1085 4007 1230 4080 nativitas,
1256 4024 1320 4081 quae

118 4091 217 4149 omnis
229 4089 376 4162 miracula,
393 4095 422 4145 at
440 4107 553 4146 omnem
577 4087 776 4163 intelligentiae
794 4107 949 4146 excessura
971 4093 1033 4144 erat
1053 4103 1224 4158 mensuram,
1240 4091 1321 4142 tanto

118 4169 343 4228 constantiorem
363 4167 394 4224 in
408 4164 492 4224 nobis
516 4167 648 4242 gigneret
661 4165 756 4239 fidem,
774 4173 882 4242 quanto
902 4164 1067 4242 pradicatio
1094 4163 1159 4240 ejus
1179 4163 1324 4240 antiquior

117 4257 149 4307 11
162 4249 279 4306 uberior
291 4251 484 4324 precesserat,
499 4253 532 4303 ut
545 4245 586 4303 ait
601 4244 669 4318 Leo,
687 4245 748 4303 Ser.
763 4245 791 4302 3.
808 4243 844 4301 Ι1
858 4244 924 4302 Nat.
941 4241 1056 4302 Christi.

136 4345 158 4390 2.
172 4347 226 4390 tum
236 4347 348 4402 reipsam
422 4322 477 4380 IV.
492 4325 630 4398 Respecta
638 4325 777 4382 hominum
786 4322 955 4400 magnitudo
966 4322 1035 4379 mali
1042 4322 1098 4379 hoe
1106 4319 1278 4396 requirebat,
1288 4330 1321 4380 ut

178 4403 311 4446 nominum.
383 4400 566 4461 conscientia
584 4401 621 4460 de
641 4410 824 4480 peecatorum
844 4399 1028 4478 multitudine
1049 4408 1079 4458 et
1097 4398 1239 4476 gravitate
1253 4419 1321 4456 con-

118 4481 215 4556 victae,
231 4487 262 4539 et
281 4478 318 4536 de
342 4487 451 4538 naturae
475 4479 652 4557 impotentia,
668 4489 697 4540 et
720 4479 879 4539 mediorum
894 4480 1021 4537 omnium
1041 4480 1242 4553 humanorum,
1257 4497 1322 4554 quae

119 4557 283 4638 excogitari
306 4565 462 4634 potuerunt
486 4559 650 4636 inutilitate,
678 4559 835 4618 necessitas
862 4558 982 4617 remedii
1010 4565 1167 4635 appareret,
1192 4565 1222 4616 at
1246 4577 1324 4633 aeger

120 4639 222 4716 agnita
236 4636 402 4698 infirmitate
417 4656 471 4695 sua
484 4637 620 4698 clamaret
633 4639 671 4698 ad
686 4638 842 4714 Medicum,
859 4645 888 4697 11
902 4638 1003 4714 gratiae
1017 4645 1157 4716 quaereret
1171 4637 1321 4712 auxilium,

1165 4735 1184 4784 Q
