3146 5210
261 353 320 410 462
654 361 746 402 cocus
761 359 891 400 nucruus
905 359 1041 408 ausurus.
1287 339 1415 420 [111111.
1431 363 1466 402 vv.

259 508 395 568 infundit.
439 505 488 563 Ad
506 507 651 578 moralem,
674 502 752 581 quod
768 502 867 560 Verbo
880 501 974 574 docet,
996 499 1125 575 inclinat,
1148 499 1253 559 suadet
1267 511 1299 560 et
1312 501 1467 562 rationum

259 589 348 646 variis
372 596 510 663 tanquam
535 585 660 642 vinculis
684 582 790 640 amoris
811 581 849 639 ad
870 601 900 640 se
920 579 1016 639 trahit.
1068 580 1147 637 Hinc
1167 581 1341 657 Augustino
1367 585 1466 659 pasin

258 669 374 727 nomine
388 667 508 725 victricia
522 664 709 723 delectationis
729 661 853 738 exprimi
869 661 950 734 solet,
966 679 1111 736 quaecum
1129 660 1316 737 jucunditate
1332 671 1364 720 et
1378 665 1467 722 suan-

258 757 318 807 tate
333 767 444 806 summa
465 746 649 822 conjunctam
663 743 751 800 habet
771 761 913 800 summam
934 739 1089 798 efficaciam
1103 747 1133 798 et
1146 741 1317 816 potentiam,
1343 762 1410 819 qua
1423 763 1467 802 ex-

258 837 370 906 pugnat
393 847 508 885 omnem
533 824 628 882 cordis
647 822 866 881 contumaciam.
918 820 965 878 Ita
978 829 1011 878 ut
1024 839 1078 878 nec
1092 820 1180 878 robur
1200 829 1252 879 aut
1271 821 1407 881 efficacia
1425 823 1469 880 ilu

258 916 345 986 cogat
365 907 511 965 hominem
528 905 651 961 invitum
666 923 719 960 nec
734 903 862 960 suaviter
878 908 994 958 moveat
1010 901 1072 976 jam
1087 908 1189 977 sponte
1203 909 1374 960 currentem
1383 923 1392 978 ;
1417 904 1467 961 Sed

255 997 377 1065 utraque
399 986 485 1044 simul
501 986 603 1060 juncta
624 991 653 1040 et
672 982 868 1040 infirmitatem
889 980 1014 1038 hominis
1035 979 1158 1052 roboret,
1181 988 1210 1038 et
1231 981 1334 1040 odium
1358 986 1465 1058 peccati

258 1076 382 1145 superet.
436 1066 543 1122 Potens
558 1073 602 1121 est
616 1082 652 1120 ue
667 1062 706 1120 sit
719 1061 888 1136 frustranea,
912 1059 1010 1118 suavis
1024 1068 1069 1118 eat
1082 1079 1119 1117 111
1133 1060 1171 1118 sit
1185 1069 1296 1119 coacta.
1354 1061 1412 1120 Vis
1431 1073 1469 1121 cst

260 1167 372 1207 summa
391 1154 420 1203 ot
435 1143 678 1220 inexpugnabilis,
701 1152 733 1200 ut
750 1142 883 1200 vincatur
903 1149 1013 1198 naturae
1034 1139 1188 1216 corruptio,
1211 1149 1241 1198 et
1262 1160 1382 1200 summa
1403 1143 1472 1200 bene

259 1226 365 1303 agendi
380 1224 556 1301 impotentia,
572 1243 605 1281 ac
619 1223 693 1280 male
708 1221 813 1298 agendi
828 1221 1004 1295 necessitus;
1032 1219 1090 1278 Sed
1104 1221 1197 1278 amica
1211 1229 1310 1279 tamen
1338 1231 1370 1281 et
1393 1232 1474 1300 grets

261 1306 355 1384 qualis
369 1313 501 1362 naturam
515 1303 725 1378 intelligentem
740 1311 769 1360 et
784 1301 952 1359 rationalem
968 1300 1059 1357 decet.

302 1385 396 1443 XIX.
427 1385 488 1442 Nec
508 1383 613 1441 mirum
627 1383 682 1439 hcc
697 1381 789 1439 videri
803 1381 898 1454 debet,
914 1381 1071 1439 cumcuim
1084 1379 1196 1456 peccati
1212 1381 1343 1439 servitus
1365 1382 1474 1442 inelue-

259 1466 366 1540 tabilis,
389 1485 453 1541 quae
474 1471 657 1541 peccatorum
678 1463 788 1520 aheneo
803 1461 894 1519 veluti
911 1461 985 1536 jugo
1005 1459 1149 1536 illigatum
1164 1468 1252 1535 tenet,
1275 1480 1346 1519 cum
1361 1462 1475 1520 deliciis

259 1559 355 1604 tamen
371 1545 431 1604 suis
445 1545 645 1621 conjungatur,
662 1550 691 1600 et
704 1542 778 1600 bene
793 1541 899 1618 agendi
918 1540 1095 1617 impotentia,
1111 1548 1141 1599 et
1154 1539 1228 1598 male
1243 1541 1356 1616 agendi
1376 1563 1475 1601 neces-

261 1628 339 1698 sitas,
362 1626 490 1683 maxima
510 1624 549 1682 sit
565 1625 653 1700 juxte
666 1641 699 1679 ac
714 1621 885 1694 voluntaria,
907 1628 1097 1696 peccatorque
1112 1628 1142 1678 ct
1154 1627 1187 1678 ut
1200 1620 1315 1696 peccati
1337 1621 1478 1681 subditus

261 1707 394 1784 captivus
408 1705 568 1764 abducatur
582 1703 636 1761 sub
650 1710 807 1777 peccatum,
824 1709 853 1759 et
868 1701 905 1758 sit
915 1709 1013 1766 1111111,
1031 1708 1061 1758 et
1074 1699 1185 1758 viribus
1199 1699 1237 1756 ad
1253 1700 1367 1760 bonum
1390 1703 1477 1779 plane
1539 1746 1543 1767 .

261 1787 425 1861 destitutus,
442 1794 471 1844 et
485 1794 517 1843 ut
530 1783 623 1842 hostis
639 1782 702 1857 Dei,
718 1790 747 1840 et
762 1791 844 1843 tuate
862 1781 964 1856 impius
978 1779 1158 1838 inimicitiam
1175 1799 1240 1837 cum
1263 1780 1329 1838 Deo
1354 1801 1478 1858 gravem

260 1875 403 1941 exerceat,
419 1874 447 1924 ct
463 1864 554 1924 soleat
568 1862 711 1938 cumipse
725 1869 944 1932 sevissimarum,
961 1861 1240 1934 111111.111.23,1111
1253 1859 1344 1918 modo
1360 1881 1480 1922 avernis

262 1967 279 2004 a
295 1948 357 2005 Deo
372 1966 424 2022 per
437 1944 644 2022 impotentiam,
667 1942 718 2000 sed
732 1942 820 2000 etism
834 1943 969 1998 adamans
981 1960 1033 2017 per
1046 1939 1267 2016 malignitatem.
1297 1940 1479 2001 Remedium

261 2027 329 2085 huic
349 2026 426 2084 malo
447 2023 665 2084 convenientius
686 2021 816 2079 adhiberi
837 2039 895 2078 non
916 2021 1018 2096 potuit,
1041 2040 1126 2097 quam
1142 2019 1166 2077 si
1181 2019 1290 2077 invicta
1305 2019 1366 2078 Dei
1381 2025 1479 2098 gratia

261 2108 404 2165 suavitate
428 2107 514 2164 etiam
540 2101 701 2161 incredibili
729 2101 841 2159 imbuta
865 2109 949 2172 esset,
975 2120 1040 2176 quur
1065 2109 1094 2159 et
1118 2099 1317 2176 impotentiam
1347 2101 1479 2162 hominis

263 2205 405 2264 superare,
422 2195 450 2243 et
465 2183 603 2242 malitiam
618 2182 761 2258 corrigere
775 2187 882 2256 posset.
918 2180 992 2238 Nam
1006 2179 1063 2237 nisi
1077 2199 1111 2238 ea
1125 2198 1182 2255 qus
1196 2180 1399 2239 convertimur
1410 2203 1477 2259 grs-

263 2267 303 2324 tia
328 2265 456 2341 potentia
480 2283 592 2322 summa
616 2262 757 2320 instructa
770 2261 879 2334 fuisset,
902 2269 1061 2336 peccatum,
1083 2258 1161 2335 quod
1175 2267 1234 2317 tam
1248 2260 1323 2318 altas
1338 2261 1372 2317 in
1393 2265 1479 2322 nobis

261 2345 373 2402 radices
388 2344 457 2417 egit,
480 2361 613 2419 superare
628 2350 658 2399 et
671 2342 795 2399 evellere
810 2361 868 2398 non
882 2342 1031 2416 potuisset.
1074 2339 1139 2396 Nisi
1152 2358 1221 2397 vero
1235 2339 1338 2397 eadem
1362 2344 1478 2402 suavis

262 2423 327 2482 sinii
349 2421 448 2498 gaudii
469 2422 593 2478 fructum
613 2421 762 2498 praeberet,
786 2429 818 2478 ut
832 2419 991 2478 soedissima
1011 2419 1164 2477 delectatio
1184 2419 1305 2495 peccati,
1328 2425 1478 2481 mutuaris

262 2502 451 2560 delectatione
476 2501 647 2574 vinceretur,
670 2520 728 2557 non
743 2500 843 2575 utique
857 2499 961 2558 lubens
975 2500 1137 2558 traheretur
1156 2499 1250 2572 home,
1274 2498 1327 2558 sed
1351 2501 1476 2578 invitus,

262 2593 291 2642 et
305 2581 391 2639 modo
405 2589 515 2640 naturae
529 2600 630 2657 parurn
645 2579 837 2638 convenienti.

304 2662 381 2721 XX.
411 2661 495 2736 Quod
518 2661 665 2738 Scriptura
685 2659 761 2718 clare
782 2659 884 2734 innuit,
907 2679 997 2736 quum
1017 2660 1119 2735 gratia
1135 2658 1331 2735 operationem
1346 2661 1477 2721 solatiis

261 2744 392 2802 tenuinis
416 2742 587 2817 describere,
610 2742 660 2818 qui
674 2749 703 2798 11
717 2740 754 2798 ad
768 2741 885 2798 modum
912 2740 1070 2815 Physicum
1094 2738 1243 2812 accedunt,
1258 2747 1288 2796 11
1309 2742 1475 2816 potentiam

264 2824 319 2882 Dei
345 2843 486 2882 summam
508 2822 671 2899 designant,
696 2841 786 2897 quum
811 2841 874 2878 eam
896 2827 983 2878 vocat
1006 2820 1191 2893 Creationcm,
1215 2821 1475 2896 Resurrectionem

262 2904 521 2980 Repenerationem,
547 2903 731 2976 Tracticnem,
755 2898 819 2976 dcc,
835 2909 864 2959 et
884 2900 934 2976 qui
955 2898 993 2956 ad
1014 2900 1131 2958 modum
1154 2899 1291 2958 Ethicum
1314 2902 1474 2976 pertinent,

262 2994 295 3042 ut
309 3004 397 3060 quum
412 3004 475 3042 eam
489 3003 541 3061 per
554 2983 792 3055 illuminationem,
808 2981 974 3054 doctrinam,
988 2980 1201 3055 persuasionem
1214 2986 1244 3037 et
1258 2979 1370 3038 similes
1385 3001 1477 3040 voces

262 3065 406 3141 exprimit.
431 3065 494 3121 Imo
508 3083 565 3120 nou
579 3082 644 3121 raro
654 3071 803 3138 utramque
822 3067 901 3130 exten
919 3067 947 3118 ct
962 3060 1113 3118 suavitatis
1127 3068 1156 3118 et
1170 3057 1302 3117 efficaciae
1317 3060 1347 3118 in
1363 3060 1473 3120 iisdem

261 3144 334 3203 locis
348 3144 508 3221 conjungit,
523 3152 556 3202 ut
570 3163 659 3220 quum
674 3162 786 3200 cursum
800 3159 865 3197 cnm
880 3140 1045 3198 tractatione
1056 3139 1156 3216 jungit
1172 3139 1292 3216 Sponsa,
1305 3139 1392 3198 Cant.
1408 3141 1428 3198 i.
1445 3147 1473 3217 2,

262 3228 290 3300 4,
307 3234 336 3283 11
351 3226 482 3283 Christus
488 3226 591 3298 jupam
606 3231 635 3281 et
649 3243 717 3280 onus
731 3241 797 3280 cum
811 3221 956 3278 dulcedine
969 3228 999 3278 et
1013 3221 1129 3293 leuitate,
1146 3219 1250 3276 Matth.
1261 3219 1303 3276 xi.
1315 3221 1364 3293 30,
1381 3240 1474 3297 quum

263 3305 338 3361 trahi
353 3304 483 3376 dicimur,
497 3303 548 3360 sed
562 3311 592 3360 ct
606 3302 711 3360 ibidem
727 3300 832 3373 doceri,
842 3300 864 3358 J
866 3299 913 3358 oh.
928 3300 967 3357 vi.
980 3303 1086 3376 4115,
1097 3298 1263 3376 persuaderi
1278 3297 1407 3375 Spiritus
1421 3321 1473 3378 pa

263 3383 362 3456 tentia,
379 3382 430 3440 sed
449 3390 478 3440 et
499 3381 750 3454 demonstratione,
769 3383 783 3438 1
802 3381 866 3438 Cor.
881 3379 910 3436 ii.
927 3384 954 3455 4,
976 3381 1117 3438 immensa
1137 3377 1243 3437 virtute
1258 3377 1314 3436 Dei
1329 3383 1474 3454 converti,
1549 3401 1550 3408 ¹

264 3460 316 3518 sed
330 3481 394 3519 cum
408 3461 619 3518 illuminatione
633 3460 732 3536 gaudii
754 3460 848 3535 plena,
867 3459 942 3536 Eph.
958 3460 976 3518 1.
994 3463 1039 3534 18,
1058 3461 1104 3535 19,
1126 3457 1236 3532 vinciri,
1253 3457 1305 3516 sed
1318 3467 1348 3517 et
1361 3461 1474 3537 pellici,

263 3541 326 3599 Jer.
342 3561 393 3598 xx.
409 3544 436 3614 7,
459 3539 627 3614 constringi,
650 3539 701 3597 sed
723 3539 870 3596 charitatis
892 3548 921 3597 et
938 3546 1112 3610 piissimae,
1129 3537 1254 3612 funibus,
1277 3537 1353 3597 Hos.
1379 3541 1421 3599 xi.
1443 3547 1473 3616 4,

264 3623 282 3678 2
298 3619 363 3678 Cor.
379 3639 408 3675 v.
426 3621 472 3688 14,
488 3618 594 3695 quibus
608 3618 690 3678 velut
703 3619 813 3677 catenis
827 3619 922 3677 aureis
936 3617 1026 3675 vincti
1040 3617 1140 3676 fideles
1151 3618 1305 3676 trahuntur
1317 3618 1356 3676 ad
1371 3619 1473 3680 Chris-

264 3708 335 3775 tum,
357 3698 444 3776 longe
465 3697 571 3771 verius,
594 3717 680 3774 quam
696 3697 860 3776 eloquentia
873 3718 926 3757 sua
940 3701 1075 3755 Oratores
1089 3697 1200 3756 trabere
1223 3697 1360 3756 dicuntur
1377 3699 1473 3758 homi-

265 3799 325 3838 nes.
369 3779 447 3836 Hinc
471 3777 548 3837 idem
573 3779 776 3856 Evangelium,
798 3797 856 3854 quo
880 3777 1083 3849 convertimur,
1102 3786 1131 3835 et
1146 3779 1274 3852 petentia
1287 3787 1316 3836 et
1329 3780 1473 3855 sapimus

264 3868 391 3936 vocatur,
410 3864 424 3916 1
442 3858 507 3918 Cor.
536 3858 564 3934 1.,
587 3860 730 3917 bruelium
745 3859 810 3934 Dei,
826 3877 883 3934 quo
898 3857 971 3915 nihil
995 3857 1149 3934 potentius,
1165 3866 1194 3915 11
1207 3860 1262 3915 rnel
1275 3877 1326 3916 seu
1342 3862 1396 3934 lac,
1412 3881 1472 3936 quo

265 3940 337 3999 nihil
359 3940 486 4014 suavius,
510 3937 587 3998 Psal.
610 3939 714 4014 xix.,1
739 3940 801 3998 Pet.
823 3937 853 3996 ii.
869 3941 896 3996 2.
947 3938 1029 3996 Idem
1057 3937 1180 4013 Spiritus
1204 3956 1261 4013 quo
1285 3957 1470 4015 renovamur,

264 4031 308 4080 est
325 4021 448 4098 Spiritus
462 4020 582 4096 roboris,
598 4028 627 4079 ct
644 4021 768 4098 Spiritus
788 4018 898 4094 gratia,
924 4019 1073 4093 Scaptium
1089 4016 1213 4091 virtutis,
1229 4016 1377 4076 11011111
1397 4020 1470 4078 lati·

264 4102 320 4174 tiae,
345 4102 469 4178 Spiritus
486 4107 605 4169 tueamur,
623 4108 653 4158 et
670 4109 775 4168 tylen,
794 4103 812 4156 2
833 4098 907 4160 Tim.
929 4099 949 4156 i.
972 4102 998 4173 7,
1021 4105 1055 4156 11
1075 4096 1121 4154 vis
1146 4097 1209 4173 ejus
1234 4097 1419 4174 omnipotens
1441 4109 1472 4158 et

263 4182 437 4239 amicissima
450 4179 627 4257 designetur.

304 4261 399 4319 XXI.
422 4260 522 4336 Atque
535 4260 603 4318 hinc
618 4279 675 4317 uon
691 4259 810 4317 obscure
825 4257 979 4333 colligitur,
995 4255 1140 4334 quomedo
1154 4256 1273 4314 liberas
1294 4256 1325 4314 in
1350 4259 1408 4317 hoc
1421 4279 1470 4317 ue·

264 4341 343 4417 gotio
358 4360 423 4398 cum
438 4339 608 4398 necessitate
622 4339 714 4398 amice
728 4337 900 4414 conspirent,
912 4336 994 4472 pund
1008 4337 1110 4395 nolunt
1121 4355 1277 4413 agnoscere
1288 4337 1471 4410 Adversarii,

262 4421 312 4497 qui
326 4421 440 4497 quotics
455 4439 573 4477 suavem
588 4419 689 4495 gratiae
704 4417 897 4493 operationem
933 4416 1036 4474 ascribi
1051 4417 1160 4491 vident,
1171 4417 1256 4475 toties
1263 4416 1400 4494 clamant,
1412 4437 1471 4478 non

262 4521 325 4558 esse
340 4519 409 4576 ergo
424 4499 569 4572 invictam,
586 4506 615 4556 11
629 4493 1060 4572 utloquunturirresist'ibilcm.
1103 4497 1222 4571 Quoties
1231 4515 1300 4554 vero
1312 4497 1469 4558 efficaciam

262 4577 483 4655 insuperabilem
498 4578 646 4654 praedicuri
661 4577 790 4649 audiunt,
807 4584 875 4632 tunc
889 4573 957 4632 laedi
973 4576 1130 4636 veluntatis
1143 4577 1314 4650 libertatem,
1332 4587 1362 4638 et
1376 4579 1470 4637 homi-

259 4677 324 4714 nem
336 4659 366 4716 in
380 4667 512 4716 truncum
527 4667 555 4715 et
569 4657 696 4734 stipitem
712 4655 841 4714 converti
852 4655 1053 4714 vociferantur.
1099 4657 1156 4716 Sed
1165 4655 1215 4732 qui
1223 4656 1369 4733 duplicem
1385 4659 1470 4718 istam
