3202 5194
145 389 260 440 numer.
277 367 345 452 xm]
655 391 694 432 ns
709 393 785 434 naas
800 391 861 432 nur.
1301 367 1357 432 113

143 549 247 592 eorum
262 529 404 609 sanguine
418 551 449 591 se
463 531 652 612 ingurgitant,
667 554 685 593 a
699 533 851 612 quibusvis
865 531 1026 612 promiscue
1039 531 1162 610 pignora
1176 531 1354 612 accipiendo,

144 613 253 690 quibus
273 631 332 671 non
352 613 446 671 solum
469 613 506 673 dc
531 623 607 675 sorte
629 615 687 676 sint
711 616 812 691 securi,
836 615 994 674 sedetiam
1018 612 1054 671 de
1079 611 1233 671 immodica
1256 633 1353 690 usura,

144 693 234 752 etiam
255 691 343 750 abiis
358 692 408 769 qui
422 694 549 753 ostiatim
562 715 666 772 panem
680 704 821 773 quarunt,
842 716 859 755 a
880 694 972 754 servis
993 692 1093 752 insciis
1107 691 1240 768 dominis,
1255 713 1273 752 a
1285 693 1357 752 filiis

142 771 270 835 familias
284 772 384 832 insciis
404 775 580 852 parentibus,
602 775 709 854 quique
730 785 821 835 artem
842 774 1053 834 foeneratoriam
1068 793 1106 832 ex
1119 771 1248 850 professo
1271 792 1355 832 exer-

144 861 221 927 cent,
237 861 266 912 et
280 853 310 910 in
324 873 391 912 eum
405 855 498 913 solum
511 855 599 914 finem
613 865 645 915 ut
658 855 726 915 inde
739 857 891 931 ditescant,
914 874 987 933 quos
1001 852 1159 931 optandum
1174 861 1250 912 esset
1264 874 1280 913 e
1295 851 1354 912 Re-

143 933 326 1011 buspublicis
341 933 521 1010 Christianis,
544 944 681 1014 tanquam
702 945 798 1014 pestes
812 936 952 1015 publicas,
975 942 1004 993 et
1018 933 1164 992 societatis
1178 934 1354 1011 expilatores

144 1013 214 1090 ejici
228 1021 258 1072 et
270 1013 438 1091 profligari:
462 1015 521 1074 Sed
541 1035 600 1076 non
620 1037 672 1094 par
686 1027 730 1077 est
748 1017 821 1076 ratio
835 1037 934 1077 eorum
948 1015 999 1093 qui
1022 1013 1107 1074 bonis
1120 1013 1240 1090 artibus,
1256 1021 1285 1073 et
1299 1014 1355 1073 sub

145 1093 238 1170 aequis
253 1093 466 1154 conditionibus
479 1095 546 1174 lege
560 1097 640 1156 civili
654 1097 828 1172 constitutis,
843 1097 914 1156 dant
927 1115 1044 1176 operam
1057 1115 1094 1153 nc
1114 1095 1245 1174 pecnnia,
1267 1114 1356 1172 quam

144 1173 225 1232 domi
239 1175 354 1249 habent,
371 1174 409 1233 sit
423 1175 478 1233 sibi
491 1176 678 1236 infructuosa.

148 1323 152 1330 ,
186 1254 282 1313 ΧΧΙ.
304 1253 389 1328 Quod
413 1255 519 1333 injuste
541 1257 649 1316 crimen
674 1257 820 1317 Pontificii
840 1267 869 1316 et
889 1257 1015 1317 Jesuitae
1029 1254 1168 1333 inprimis,
1184 1263 1217 1314 ut
1231 1255 1354 1333 Bsylius

143 1341 181 1394 tr.
196 1338 225 1392 4.
237 1355 265 1412 q.
277 1337 304 1408 5,
328 1334 450 1394 Calvino
464 1345 563 1396 nostro
581 1337 754 1416 impingunt,
771 1347 908 1416 tanquam
922 1337 1126 1396 foeneratorum
1140 1343 1270 1412 patrono,
1286 1336 1356 1412 quia

143 1433 249 1474 usuras
263 1415 395 1474 absolute
408 1435 467 1474 non
487 1417 639 1495 improbat,
658 1419 767 1496 justius
782 1419 884 1496 ipsisa
907 1416 1086 1478 anseuistis
1108 1415 1252 1494 objicitur,
1275 1415 1355 1494 quod

143 1514 249 1554 usuras
272 1495 331 1554 iere
356 1495 501 1572 quaslibet
524 1499 692 1574 permittant
713 1507 743 1558 et
764 1506 927 1574 exerceant,
951 1517 1058 1575 easque
1082 1497 1169 1556 ualde
1197 1496 1352 1574 improbas.

144 1574 223 1634 Vide
238 1575 350 1635 Literas
365 1575 571 1653 Provinciales,
597 1587 627 1638 ct
651 1578 815 1638 Amadeurn
837 1577 1032 1652 Guimenium,
1045 1576 1171 1636 Tractat.
1186 1577 1223 1636 de
1239 1577 1354 1637 Usuris.

145 1653 206 1716 Sed
220 1656 312 1733 magis
326 1655 431 1714 mirum
450 1664 494 1716 cst
515 1659 674 1718 aPrasule
688 1659 875 1718 vintoniensi
895 1658 1065 1716 Lsncclotto
1080 1655 1233 1732 Andrcwa
1250 1655 1353 1714 Deter-

143 1735 301 1795 minationc
310 1735 451 1814 Tbeolog.
467 1737 503 1796 de
511 1738 616 1814 Usura,
629 1759 735 1816 magno
746 1739 801 1798 Dei
812 1739 893 1814 Viro,
904 1746 1056 1815 propterea
1069 1735 1188 1796 conflari
1202 1736 1351 1810 invidiam,

143 1835 180 1874 co
191 1815 270 1892 quod
277 1816 308 1874 in
317 1815 440 1893 epistola
453 1817 587 1894 quadam,
600 1827 630 1878 et
643 1819 673 1876 in
683 1819 789 1878 Ezech.
804 1819 887 1878 xviii.
900 1837 1001 1877 usuras
1015 1824 1138 1876 tueatur.
1161 1815 1198 1874 In
1211 1836 1270 1892 quo
1284 1835 1353 1874 sane

142 1915 203 1954 non
223 1915 376 1974 possumus
390 1915 448 1954 non
472 1899 637 1975 aequitatem
659 1898 690 1956 in
712 1906 794 1958 tanto
816 1899 889 1959 Viro
903 1896 1074 1972 desiderare,
1098 1896 1149 1974 qui
1172 1905 1231 1956 tam
1245 1895 1355 1973 injusta

143 1975 343 2036 criminatione
358 1975 511 2036 Calvinmn
525 1989 637 2056 gravat.
659 1978 771 2038 Narnia
784 1987 844 2038 tam
858 1997 943 2056 parce
958 1985 987 2036 et
1000 1977 1095 2036 sobrie
1108 1975 1247 2053 loquutus
1261 1985 1305 2036 cst
1316 1976 1353 2034 de

142 2056 248 2132 usuris,
271 2065 385 2116 utnon
409 2057 636 2119 dissimulaverit
658 2079 688 2118 se
713 2059 849 2118 maluisse
872 2059 908 2118 de
932 2059 988 2116 hac
1001 2077 1032 2116 re
1046 2077 1105 2117 non
1118 2057 1300 2134 respondere,
1323 2064 1354 2115 et

142 2143 240 2196 tantas
253 2136 335 2196 addit
348 2137 565 2215 praecautiones,
586 2149 620 2199 ut
643 2139 727 2199 facile
749 2140 815 2217 quis
829 2139 928 2198 videat
941 2158 1029 2215 quam
1042 2137 1154 2198 alicnus
1167 2137 1253 2197 fuerit
1267 2157 1284 2195 a
1305 2156 1351 2196 ca-

142 2215 254 2274 lumnia
277 2216 530 2278 Adversariorum.
573 2219 667 2298 Epist.
682 2223 750 2294 383,
768 2222 786 2252 “
807 2219 943 2279 Nondum
958 2217 1098 2293 tentavi,”
1123 2216 1226 2297 inquit,
1250 2220 1267 2250 ‘⁴
1282 2216 1354 2296 quid

142 2296 273 2373 apposite
288 2297 455 2375 responderi
475 2299 567 2376 possit
580 2299 617 2358 ad
638 2301 827 2377 quaestionem
840 2299 1026 2378 propositam,
1043 2298 1095 2358 sed
1115 2319 1153 2357 ex
1167 2299 1289 2358 aliorum
1302 2317 1352 2376 pe-

141 2375 235 2436 riculo
249 2377 346 2454 didici,
362 2386 471 2455 quanto
495 2399 541 2438 res
564 2399 598 2438 aa
620 2401 686 2440 curn
708 2380 837 2458 periculo
851 2381 1008 2457 conjuncta
1021 2377 1078 2456 sit;
1104 2379 1129 2438 si
1144 2379 1221 2438 enim
1235 2379 1352 2438 omnino

142 2475 246 2516 usuras
260 2455 438 2534 damnamus,
449 2457 595 2518 induimus
604 2459 776 2520 strictiorem
789 2460 925 2538 laqueum
940 2459 1133 2536 conscientiis,
1149 2479 1236 2537 quam
1252 2457 1352 2532 Darni-

141 2555 198 2594 nus
212 2535 273 2614 ipse
287 2538 430 2598 voluerit:
452 2538 477 2597 si
491 2539 642 2599 minimum
656 2541 849 2616 concedimus,
866 2540 963 2600 statim
978 2539 1031 2598 sub
1046 2539 1096 2599 illo
1111 2548 1254 2618 praetextu
1268 2537 1353 2598 multi

141 2615 286 2676 effrenem
313 2618 460 2678 licentiam
485 2619 650 2696 arripient.''
694 2621 824 2698 Cumque
848 2621 972 2680 dixisset
993 2620 1073 2678 nullo
1095 2620 1250 2698 Scriptura
1270 2618 1352 2678 testi-

141 2697 239 2756 monio
252 2717 356 2758 usuras
377 2717 441 2757 esse
455 2699 614 2766 damnatas,
628 2700 715 2777 paulo
730 2708 796 2778 post
810 2699 899 2776 addit,
924 2702 942 2734 “
957 2699 1123 2777 Optandum
1137 2700 1254 2778 quidem
1275 2705 1353 2758 esset

142 2796 242 2836 omnes
256 2797 367 2854 usums,
382 2779 535 2856 ipsumque
549 2779 622 2838 adeo
636 2799 741 2839 nomen
755 2800 774 2838 a
787 2780 895 2840 mundo
909 2779 1057 2855 exulare,''
1080 2777 1134 2838 &c
1179 2780 1262 2839 Idem
1283 2799 1352 2838 con-

141 2857 237 2995 lSirrlnat
250 2858 320 2996 irIrhc.
335 2859 418 2918 xviii.
434 2859 520 2918 Ezec.
549 2859 606 2936 Qui
619 2860 704 2940 plura
716 2860 845 2920 volucrit
856 2860 988 2920 consulat
1002 2858 1099 2919 Celcb.
1116 2859 1262 2936 Vo‘etium,
1278 2880 1306 2936 p.
1322 2862 1351 2936 4,

164 2945 247 2996 eect
294 2939 317 2997 's
339 2984 346 2996 .
382 2941 473 2999 .555.

182 3017 295 3076 xxii:
310 2959 442 3079 lisicia
455 3021 511 3078 hoc
524 3019 661 3079 mandato
681 3026 832 3097 praeceptae
852 3028 921 3078 aunt
943 3022 969 3077 1.
984 3019 1134 3099 strigam,
1150 3037 1201 3078 scu
1221 3017 1352 3095 acquies-

140 3097 237 3156 centia
250 3097 281 3156 in
294 3119 348 3158 sua
362 3107 447 3174 sorte,
462 3109 495 3158 ut
509 3101 632 3178 quisquc
645 3099 793 3158 vocationi
807 3119 867 3158 sure
881 3099 1050 3158 incumbens
1065 3118 1103 3156 ex
1117 3099 1239 3157 honesto
1252 3098 1352 3158 labora

141 3197 194 3237 suo
207 3178 297 3253 vivat,
315 3180 390 3238 Gen.
405 3179 550 3253 iii.19,et
565 3201 618 3239 sua
631 3187 709 3239 sorte
724 3188 885 3254 contentus,
900 3178 1002 3237 alienis
1016 3197 1075 3236 non
1084 3178 1183 3254 inhiet,
1196 3181 1211 3236 1
1224 3179 1298 3238 'Iirn⁸
1311 3178 1351 3237 vi.

141 3259 177 3332 6;
200 3257 278 3316 Heb.
292 3258 355 3318 xiii.
370 3261 399 3318 5.
440 3263 469 3318 2.
490 3260 673 3319 Parsimonia
686 3261 887 3336 etfraqalitaa
930 3261 959 3318 3.
980 3259 1134 3318 Sinceritas
1147 3266 1177 3317 et
1190 3260 1307 3318 Jucatia
1321 3259 1352 3318 in

142 3338 219 3396 omni
234 3339 384 3416 symbiosi,
401 3347 433 3398 ut
447 3357 596 3399 versemur
620 3359 733 3417 semper
757 3338 813 3398 aine
831 3337 905 3398 liaeo
919 3344 963 3398 sat
977 3339 1085 3414 ἀπίης,
1106 3347 1135 3398 et
1149 3359 1234 3399 snum
1248 3339 1352 3417 cuique

142 3417 310 3478 tribuamus.
353 3423 382 3479 4.
404 3420 576 3479 Liberalitas
597 3419 628 3478 in
650 3440 791 3498 pauperes
813 3429 842 3480 et
866 3439 983 3498 egenos,
1003 3431 1036 3480 ut
1060 3441 1118 3480 non
1142 3428 1255 3480 tanaim
1275 3421 1353 3479 bona

141 3497 265 3573 proximi
279 3499 387 3577 injuste
402 3519 460 3558 non
474 3501 628 3578 rapiamus,
643 3500 696 3560 sed
709 3509 738 3562 et
751 3499 909 3562 liberaliter
922 3507 1022 3560 nostra
1036 3501 1079 3560 illi
1092 3499 1258 3579 largiamur,
1280 3519 1351 3578 quo·

86 3629 89 3634 .
142 3577 196 3637 ties
210 3579 369 3640 necessitas
383 3588 413 3640 et
427 3579 541 3640 occasio
555 3579 662 3640 tulerit.

602 3820 797 3898 Quacum
818 3823 896 3883 xx.

565 3999 607 4040 An
621 3999 811 4042 PBAECEH'UM
825 3999 940 4042 NONUM·

212 4139 259 4198 Aa
272 4139 457 4199 Mendacium
470 4141 519 4199 aab
533 4143 590 4199 alb
599 4150 744 4218 munta
757 4142 902 4202 Ιιοιιειὶαή
913 4150 940 4201 ct
952 4141 1057 4202 Ιίσίειιηι
1070 4141 1154 4200 reddi
1160 4141 1273 4218 possit!

547 4221 622 4299 Neg.
645 4231 746 4282 contm
761 4220 941 4282 Socinianos.

182 4375 207 4436 1.
231 4377 274 4437 Ut
290 4381 372 4452 facto
396 4379 465 4438 ladi
486 4399 545 4439 non
569 4380 918 4459 debetproximus31ta
939 4399 993 4440 nec
1017 4381 1090 4440 dicto
1113 4379 1263 4439 laedendus
1289 4387 1354 4457 est;

138 4477 229 4534 quam
243 4457 393 4519 lesionem
406 4459 540 4537 prohibet
554 4461 734 4539 Praeceptum
749 4481 866 4537 nonum,
882 4461 919 4520 dc
939 4481 996 4520 noa
1010 4463 1126 4520 ribendo
1141 4461 1222 4534 salso
1235 4459 1354 4518 testimo-

137 4539 187 4596 aio
210 4546 310 4596 conca
329 4540 497 4616 proximum
506 4564 519 4614 ;
540 4540 591 4600 ubi
614 4562 673 4601 nou
696 4550 812 4600 vetatur
842 4540 1012 4619 simpliciter
1032 4537 1228 4599 testimonium
1255 4547 1357 4598 contra

137 4616 316 4694 proximum,
333 4640 399 4679 cum
414 4639 491 4697 saepe
504 4641 551 4680 res
562 4621 722 4699 judiciariae
737 4622 893 4699 postulent,
916 4629 945 4679 et
959 4621 1065 4679 adhoc
1079 4628 1229 4678 teneamur
1241 4638 1278 4677 ex
1293 4620 1356 4679 zelo

134 4695 283 4776 justiliss;
306 4698 359 4758 sed
372 4707 485 4760 tantum
499 4702 669 4780 prohibetur
684 4703 796 4777 falsam
810 4702 1002 4778 stramoniam,
1017 4719 1075 4778 quo
1089 4699 1166 4776 vita,
1181 4699 1292 4775 honori,
1308 4701 1358 4762 vcl

225 4794 309 4836 rans.
324 4797 357 4839 ιι.
1254 4799 1276 4838 ιι
