3186 5210
133 383 245 436 oussr.
261 361 340 444 nvn]
548 380 586 420 uu
601 378 770 421 vounrrosn
786 381 822 420 rr
837 379 916 420 sins.
1281 369 1338 425 527

130 527 211 586 Oves
225 543 293 584 suas
307 523 376 582 dum
391 532 459 582 sunt
473 522 560 596 Oves,
576 521 699 580 sednon
714 522 796 598 sequi
806 541 855 580 eas
869 541 927 581 non
938 541 1023 598 posse
1037 521 1168 582 desinere
1183 543 1246 582 esse
1261 544 1339 596 oves,

131 616 209 666 aute
223 605 358 664 monibus
372 603 467 662 Patris
481 601 662 679 transfugere
676 621 728 678 per
748 603 897 678 pecosta.''
941 601 999 661 Sed
1018 612 1220 679 argumentum
1235 605 1341 664 Christi

130 686 277 764 supponit,
294 684 372 744 Oves
386 703 520 760 quaenon
533 682 691 759 rapiuntur,
721 681 869 740 habituras
893 681 983 740 vitam
1012 690 1156 758 ester-nam,
1186 686 1271 742 Dabo
1285 686 1340 742 illis

132 769 218 826 sitam
233 775 376 838 neumam,
392 773 418 822 et
428 783 571 840 nunquam
580 763 721 838 peribunt.
764 761 849 836 Quod
862 759 966 820 falsum
989 771 1073 836 esset,
1090 763 1115 821 si
1134 783 1204 822 oves
1222 773 1342 841 possent

130 847 234 925 perire,
251 846 306 904 etsi
319 864 378 902 non
405 844 562 921 rapiantur.
604 847 632 900 2.
655 841 733 900 Oves
760 861 825 918 quae
852 861 911 899 non
938 850 1060 918 possunt
1086 844 1178 920 rapio
1206 845 1341 904 manibus

132 926 250 998 Christi,
273 924 482 985 tentationibus
503 923 629 981 ullorum
649 921 785 996 hostium,
811 941 869 978 nou
893 929 1015 997 possunt
1028 921 1159 982 desinere
1183 944 1247 984 esse
1262 943 1341 999 oves,

132 1007 202 1084 quia
215 1006 296 1064 nulla
310 1004 377 1063 talis
391 1003 511 1062 mutatio
526 1003 588 1060 fieri
602 1009 700 1079 posset
714 1000 770 1059 nisi
790 1020 842 1078 per
855 1001 981 1078 aliquam
1003 1000 1129 1061 hostium
1144 1005 1340 1064 tentationem.

134 1091 163 1146 3.
186 1085 275 1144 Nulla
289 1092 366 1142 esset
379 1083 532 1160 promissio
548 1082 655 1140 Christi
667 1103 674 1158 ς
698 1081 775 1155 Quid
784 1083 902 1158 juvaret
921 1081 997 1139 enim
1020 1082 1057 1140 ab
1067 1082 1200 1143 hostibus
1214 1085 1342 1144 externis

134 1164 282 1240 custoditi,
312 1163 337 1222 si
364 1163 523 1240 perieulum
552 1181 664 1239 semper
695 1161 780 1219 nobis
807 1161 937 1220 imminet
969 1161 1006 1219 ab
1034 1162 1179 1222 internis?
1225 1163 1342 1223 Fideles

133 1265 192 1305 non
213 1253 325 1304 tontum
350 1243 387 1301 ab
415 1243 489 1318 aliis,
513 1241 565 1302 sed
587 1241 767 1319 potissimum
796 1261 814 1298 a
841 1241 944 1317 seipsis
969 1249 1097 1300 metuere
1114 1242 1229 1302 dehent.
1273 1245 1344 1303 Pas-

133 1325 244 1402 torqui
272 1323 395 1400 spondet
423 1343 453 1381 se
476 1341 546 1381 oves
574 1321 705 1380 absolute
726 1321 936 1380 custoditurum
957 1329 986 1380 et
1009 1329 1198 1398 servaturum,
1224 1344 1283 1382 non
1307 1325 1363 1386 li·.

133 1403 247 1466 berabit
260 1404 356 1478 fidem,
372 1401 397 1460 si
418 1403 566 1479 permittat
589 1421 638 1460 eas
662 1401 794 1459 aberrare
816 1409 846 1459 et
858 1401 971 1478 perire;
994 1400 1045 1459 sed
1069 1401 1156 1462 debet
1170 1423 1269 1462 curare
1284 1395 1342 1463 ndu

134 1495 248 1545 tautum
262 1503 298 1542 ne
312 1484 389 1542 furto
404 1491 434 1541 et
447 1483 478 1539 vi
492 1482 548 1540 sibi
562 1481 768 1556 subducantur,
785 1480 836 1539 sed
860 1501 897 1538 ns
912 1480 1021 1555 morbo,
1045 1481 1093 1539 vel
1107 1483 1180 1541 vitio
1194 1484 1342 1561 tollantur,

135 1566 184 1624 vel
197 1585 249 1642 pro
264 1563 363 1622 innata
374 1562 557 1640 simplieitste
572 1581 603 1620 se
617 1561 654 1618 ab
669 1560 740 1618 ovili
754 1561 932 1636 subtrahant,
949 1569 978 1618 et
991 1581 1042 1637 per
1055 1561 1122 1619 avia
1136 1571 1288 1640 vagentur.

439 1641 529 1700 XVI.
552 1645 580 1701 3.
604 1641 710 1701 Christi
731 1642 928 1716 Redemptoris
952 1641 1080 1698 meritum
1094 1651 1121 1699 et
1143 1644 1275 1718 efficacia,
1291 1644 1341 1720 qui

133 1725 156 1770 3.
166 1726 191 1770 A
212 1723 304 1769 causti
325 1736 375 1794 ΨΘ·
395 1741 449 1781 nee
464 1721 618 1780 evanidum
627 1721 799 1780 beneficium
813 1721 873 1778 suis
887 1720 1042 1796 aequisivit
1054 1741 1106 1797 per
1120 1731 1225 1792 ἕιιιμὸι·
1239 1723 1268 1780 irr
1283 1732 1340 1781 ter-

164 1785 212 1828 rito
221 1781 375 1836 ⁰⁶⁰ffi⁰²⁰¹⁸³
396 1802 437 1860 ris
451 1822 503 1861 nee
517 1801 548 1860 id
561 1801 738 1860 mutabiliter
746 1800 872 1878 applicat
885 1821 936 1877 per
950 1800 1190 1860 Intercessionem
1205 1802 1234 1860 in
1249 1804 1339 1862 ecelis.

135 1882 207 1956 Quis
221 1881 298 1939 enim
311 1880 420 1952 eredst,
436 1901 587 1959 passurum
612 1901 675 1940 esse
699 1881 853 1954 Christum,
879 1881 973 1956 utqui
988 1880 1042 1957 ipsi
1057 1880 1117 1941 dati
1137 1890 1235 1940 sunta
1257 1883 1343 1942 Patre

134 1963 165 2019 in
179 1961 378 2020 haereditatem
392 1970 422 2020 et
435 1963 587 2039 peculium,
604 1981 676 2039 quos
691 1969 750 2019 tam
765 1980 830 2019 eare
851 1960 929 2034 emit,
944 1980 1003 2018 non
1024 1980 1102 2034 auro,
1128 1981 1187 2020 non
1210 1971 1339 2040 argento,

135 2041 187 2100 sed
197 2041 327 2118 precioso
342 2061 394 2100 suo
411 2042 567 2119 Sanguine,
582 2051 612 2101 et
625 2041 695 2099 diris
716 2040 805 2098 animi
819 2047 848 2098 et
869 2041 996 2116 eorporis
1016 2041 1189 2100 eruciatibus
1211 2051 1240 2101 et
1250 2052 1342 2102 morte

136 2121 299 2196 maledieta,
315 2121 372 2198 ipsi
386 2121 530 2197 subducti,
546 2123 577 2180 in
590 2121 709 2180 alterius
723 2130 753 2179 et
765 2120 883 2198 quidem
904 2119 1094 2178 infensissimi
1115 2121 1170 2179 sibi
1184 2123 1276 2181 hostis
1291 2143 1341 2199 po·
1366 2133 1370 2140 ‘

135 2209 269 2261 testatem
283 2202 493 2277 prolabantur?
534 2202 598 2260 Imo
612 2210 645 2260 nt
661 2201 796 2260 Servator
809 2209 854 2258 est
872 2199 1005 2276 Corporis
1024 2201 1077 2275 sui,
1094 2221 1150 2260 non
1173 2211 1268 2279 potest
1282 2204 1344 2279 pati

135 2289 170 2340 ut
183 2281 335 2358 quisquam
349 2301 387 2339 ex
407 2283 443 2342 iis
462 2291 570 2362 pereat,
593 2282 643 2359 qni
662 2281 718 2358 ipsi
738 2280 799 2340 dati
808 2289 906 2338 sunta
928 2279 1022 2354 Patre,
1038 2280 1091 2338 sed
1111 2282 1237 2341 custodit
1264 2282 1343 2359 ipsos

139 2361 233 2436 gratia
247 2379 307 2433 sua,
322 2361 353 2417 in
366 2361 436 2438 ipsis
459 2363 600 2441 perpetim
624 2360 789 2434 habitando,
812 2368 841 2418 et
855 2361 970 2418 unionis
991 2360 1139 2420 vinculum
1153 2383 1189 2421 ne
1218 2383 1344 2440 unquam

139 2439 214 2497 solvi
228 2439 422 2517 possitmagis
435 2444 585 2521 magisque
595 2440 772 2518 stringendo.
816 2439 883 2498 Huc
903 2449 1013 2518 spectat
1030 2441 1107 2518 qnod
1124 2443 1241 2516 Paulus,
1258 2444 1342 2502 Rom.

139 2519 201 2578 viii.
217 2521 266 2592 32,
282 2518 352 2578 dicit
366 2521 468 2599 Deum,
481 2523 531 2599 qui
544 2543 603 2582 non
617 2521 744 2598 pepercit
759 2520 843 2594 Filio,
860 2519 911 2578 sed
930 2520 1012 2579 illum
1037 2521 1155 2581 tradidit
1169 2543 1221 2599 pro
1249 2523 1341 2600 nobis,

138 2599 272 2658 daturum
288 2599 457 2662 omniseum
471 2603 543 2680 ipso,
569 2603 637 2679 quia
658 2600 739 2660 dedit
758 2601 861 2677 majus,
883 2621 942 2658 non
962 2609 1058 2678 potest
1072 2601 1214 2678 denegare
1238 2605 1343 2681 minus,

137 2679 219 2739 dedit
234 2679 342 2737 Filium
357 2681 489 2758 inimicis,
505 2682 583 2759 quod
597 2683 691 2758 majus
705 2689 758 2754 est,
774 2681 918 2756 quomodo
933 2699 990 2738 non
1005 2679 1086 2738 daret
1100 2683 1343 2757 perseverentiam

137 2759 237 2819 amieis
248 2761 311 2836 jam
324 2763 542 2822 reconciliatis?
584 2761 642 2821 Sed
661 2761 793 2819 Christus
814 2760 875 2836 ipse
897 2767 1018 2818 testatur
1038 2761 1093 2818 hoe
1117 2769 1200 2818 extra
1222 2760 1343 2819 dubium

136 2838 379 2918 ponendumesse,
389 2841 411 2901 J
413 2843 459 2900 oh.
467 2843 505 2901 vi.
513 2846 561 2916 37,
569 2841 636 2918 quia
648 2839 846 2916 “Quicquid'’
871 2839 973 2914 iuquit,
983 2837 1057 2896 “dat
1068 2839 1138 2896 mihi
1151 2841 1244 2913 Pater,
1252 2840 1341 2900 adme

137 2920 244 2994 veniet,
253 2921 494 2981 etvenisntemad
504 2943 550 2980 me
559 2941 617 2980 non
627 2920 739 2998 ejieiom
749 2919 855 2994 foras,’'
863 2919 901 2976 Et
912 2937 972 2976 ver.
988 2920 1036 2990 39,
1044 2921 1062 2951 “
1070 2919 1143 2977 Haeo
1151 2929 1196 2978 est
1206 2921 1342 2978 voluntas

140 2999 236 3058 Petris
247 3001 297 3076 qui
309 3001 388 3061 misit
397 3022 452 3076 me,
462 3011 495 3060 ut
505 3002 649 3060 nemiuem
663 2998 782 3076 perdam
793 3019 831 3056 ex
845 2999 881 3056 iis
892 3019 964 3075 quos
973 2998 1043 3055 mihi
1050 2997 1138 3072 dedit,
1155 2999 1205 3057 sed
1220 3019 1270 3058 eos
1281 3019 1343 3058 sus-

137 3080 225 3138 citem
239 3079 398 3140 novissimo
413 3080 489 3141 die.''
532 3079 683 3155 Quomodo
697 3099 768 3137 vero
781 3079 836 3136 hoe
851 3085 1050 3154 exequeretur,
1065 3078 1122 3136 nisi
1136 3079 1277 3137 immunes
1292 3099 1342 3138 eos

136 3168 288 3236 prestaret
301 3179 359 3218 non
377 3162 464 3220 modo
479 3183 496 3220 a
508 3161 669 3239 perditione
689 3159 799 3232 mortis,
820 3156 872 3216 sed
886 3166 915 3216 st
929 3177 946 3215 a
959 3157 1119 3235 perditione
1143 3159 1263 3235 peceati,
1278 3179 1343 3234 quse

137 3239 299 3298 certissima
313 3249 358 3300 est
371 3243 453 3301 exitii
465 3245 571 3301 eausa?
585 3240 666 3299 Hine
677 3240 739 3316 ipse
753 3238 822 3296 alibi
831 3239 941 3312 asserit,
960 3241 977 3270 “
988 3237 1024 3296 Se
1035 3257 1164 3296 servasse
1176 3257 1341 3312 eosomnes,

138 3339 211 3396 quos
225 3319 269 3378 illi
284 3320 370 3380 Pater
383 3321 472 3397 dedit,
488 3330 519 3381 et
528 3321 715 3380 hominemex
723 3317 759 3377 iis
773 3319 912 3395 perisse‚'’
924 3317 993 3377 Joh.
1008 3317 1080 3376 xvii.
1103 3317 1223 3395 l2,quia
1233 3337 1283 3377 eos
1290 3319 1347 3377 sibi

138 3399 292 3476 conjunxit
301 3419 352 3476 per
366 3401 501 3460 unionem
516 3401 714 3473 arctissimam,
737 3417 754 3456 a
768 3417 825 3474 qua
839 3398 903 3457 fluit
917 3397 1080 3456 communio
1094 3399 1221 3457 omnium
1236 3397 1345 3457 benefi-

138 3479 247 3537 ciorum
257 3480 328 3556 ejus,
341 3489 370 3540 et
381 3482 539 3558 praesertim
549 3482 617 3539 vites
626 3482 689 3557 ejus
697 3499 749 3556 per
765 3477 911 3555 Spiritum,
922 3478 989 3553 quia
999 3478 1068 3551 ιηὐο,
1082 3479 1183 3555 inquit,
1194 3499 1242 3538 oos
1253 3481 1345 3554 otiam,

137 3559 242 3632 eoem,
258 3559 329 3619 Joh.
345 3561 405 3620 xiv.
424 3563 469 3620 19.
493 3561 557 3619 lmo
569 3562 630 3638 jam
645 3557 720 3618 vivit
734 3558 764 3615 in
777 3557 870 3632 nobis,
888 3557 953 3616 Gal.
969 3557 997 3614 ii.
1014 3561 1061 3616 20.
1078 3559 1149 3618 Ideo
1163 3569 1284 3619 vocatur
1308 3561 1345 3618 ab

139 3636 285 3714 APOStOlO
300 3649 456 3714 ἂςχηγὸςκιὶ
469 3650 590 3701 subitariis
603 3649 709 3712 clerum,
728 3641 799 3695 Dux
830 3646 857 3696 ed
874 3638 1090 3696 Consummator
1106 3641 1185 3715 fidel,
1203 3641 1280 3700 Hel).
1295 3641 1347 3699 Xll.

140 3721 169 3788 2,
184 3737 243 3774 non
256 3724 369 3774 tautam
383 3717 493 3790 merito,
510 3716 562 3774 sed
576 3723 606 3774 et
620 3715 753 3792 effiesois,
769 3717 838 3794 quis
850 3726 884 3776 ut
905 3725 949 3776 est
964 3717 1080 3776 Author
1098 3720 1174 3796 fidei,
1200 3729 1245 3779 est
1259 3722 1345 3779 etiam

141 3795 206 3871 ejus
221 3795 420 3870 Conservator,
436 3796 485 3872 qui
496 3796 576 3854 illam
588 3795 687 3854 Verbo
702 3806 731 3856 et
742 3797 851 3874 Spiritu
865 3797 895 3854 in
909 3797 993 3856 nohis
1005 3798 1181 3875 productum,
1197 3799 1347 3857 confirmat

143 3875 366 3949 perseverantia
380 3875 464 3950 dono,
481 3884 510 3934 et
522 3884 620 3935 tuetur
634 3875 773 3936 adversus
788 3896 888 3935 omnes
902 3877 1084 3954 tentationes,
1111 3887 1140 3936 et
1154 3878 1268 3936 tandem
1284 3897 1347 3953 per·

142 3953 205 4010 finit
219 3959 248 4010 et
261 3951 387 4028 eomplet
398 3955 497 4030 gloriae
512 3965 541 4014 et
555 3956 779 4016 immortalitatis
793 3977 907 4015 corona.
949 3957 1032 4014 Lieet
1046 3977 1116 4014 vero
1137 3956 1264 4014 fidelium
1280 3957 1346 4014 obe·

143 4031 255 4091 dientia
268 4031 306 4090 ad
315 4033 390 4090 hona
403 4035 655 4111 perseverantiam,
671 4037 841 4113 requiratur,
856 4055 915 4094 non
929 4035 1059 4111 sequitur
1072 4055 1130 4093 nou
1145 4054 1208 4093 esse
1222 4043 1348 4108 certam3

143 4112 219 4187 Quia
233 4112 274 4171 ita
294 4121 340 4172 est
360 4111 484 4171 officium
506 4114 638 4190 hominis,
660 4125 693 4175 ut
707 4116 744 4174 sit
765 4117 852 4174 etiam
866 4115 973 4172 donum
995 4113 1110 4188 Christi,
1133 4133 1191 4190 quo
1203 4113 1290 4172 fidem
1317 4115 1348 4171 in

142 4191 227 4252 nobis
243 4193 332 4252 semel
346 4192 509 4252 inohostam
522 4203 673 4271 promovet
687 4204 716 4254 et
729 4196 849 4273 perficit,
869 4193 965 4251 dando
979 4193 1100 4269 gratiam
1116 4213 1174 4252 non
1188 4193 1274 4252 modo
1288 4213 1348 4252 ere·

141 4273 239 4346 dendi,
252 4273 304 4333 sed
318 4281 347 4332 et
360 4273 573 4350 perseverandi.

184 4353 293 4413 XVII.
315 4353 401 4428 Quod
422 4355 608 4414 confirmatur
627 4375 666 4414 ex
686 4364 793 4414 saorra
806 4353 915 4413 unionis
928 4351 1056 4426 fidelium
1076 4371 1142 4410 eum
1157 4352 1271 4410 Christo
1285 4360 1348 4410 tan·

33 4465 35 4472 .
142 4453 228 4510 quam
244 4435 442 4494 Membrorum
463 4455 529 4494 eum
551 4435 660 4511 Capite,
683 4455 748 4513 qum
771 4453 830 4492 non
849 4431 936 4490 modo
963 4431 1066 4489 intima
1075 4440 1120 4491 est
1133 4441 1163 4492 et
1189 4432 1350 4491 arctissimo

142 4514 280 4590 murive,
310 4514 361 4574 sed
380 4523 409 4573 et
433 4515 572 4574 ostensive
587 4521 710 4577 streame
724 4522 753 4573 st
779 4521 925 4591 perpetua
953 4511 1131 4586 durationis3
1154 4513 1194 4572 ita
1217 4519 1250 4570 nt
1277 4511 1350 4568 nihil

142 4591 291 4652 vlneulum
305 4593 385 4653 istud
400 4595 568 4670 abrumpere
583 4593 683 4670 possit,
699 4613 752 4652 nee
766 4613 819 4651 nos
844 4593 930 4650 abeo
949 4611 1089 4669 separare,
1114 4591 1198 4651 Rom.
1223 4591 1284 4650 viii.
1300 4593 1349 4668 38,

142 4673 212 4748 quia
222 4673 272 4749 qni
289 4674 401 4732 Christo
412 4671 607 4750 agglutinatur
621 4692 692 4731 unas
699 4679 736 4746 fit
749 4694 809 4734 nrm
829 4693 861 4732 eo
879 4673 1002 4749 spiritis,
1031 4674 1045 4730 1
1063 4673 1127 4730 Cor.
1143 4673 1181 4731 vi.
1210 4674 1255 4748 17,
1271 4679 1300 4730 et
1314 4673 1351 4730 ab
