3146 5210
122 399 238 446 ounrsr.
253 381 313 464 rm]
438 439 440 450 ,
569 403 607 442 ne
623 403 793 444 rmnrroxu
809 403 845 443 nr
861 401 939 442 runa.
1274 385 1332 445 ltu

117 541 162 600 rio
177 542 347 619 intenderet,
363 545 481 606 adderet
495 555 615 605 externo
639 546 784 622 praeconio
808 546 867 603 vim
894 545 1034 603 internam
1060 543 1193 620 Spiritus,
1220 545 1330 622 absque

118 641 179 698 quo
193 633 290 682 manet
304 645 417 703 semper
430 625 572 684 inefficax.

160 701 268 762 XXV.
291 703 322 762 N
325 725 361 764 ou
376 713 519 784 repugnat
529 704 646 783 quidem
662 705 817 782 Sapientiae
833 705 897 780 Del,
910 705 1027 763 cavelle
1039 703 1202 780 praecipere,
1215 713 1244 762 et
1257 725 1330 782 prae·

118 782 215 858 cipere
230 783 265 841 de
280 784 364 862 facte,
381 805 445 862 quse
460 795 555 846 tamen
570 794 648 844 certo
663 784 753 860 novit,
769 805 828 843 non
841 784 1005 862 praestanda
1019 783 1055 842 ab
1070 784 1114 858 iis,
1137 783 1243 860 quibus
1257 805 1329 862 prae·

118 870 234 938 ceptum
248 863 351 925 fuerit:
394 867 467 940 Quia
477 867 527 944 jus
542 885 626 924 suum
640 873 669 924 et
683 865 808 923 hominis
822 863 955 938 officium,
971 884 1028 922 non
1050 864 1146 922 minus
1169 883 1203 923 ac
1216 864 1329 923 bonita-

118 951 178 1000 tem
194 962 275 1000 suam
289 953 318 1003 et
329 945 472 1022 justitiam
488 948 517 1004 in
537 947 588 1005 tali
610 945 746 1004 mandato
769 945 914 1022 explicare
937 944 1010 1003 vult.
1055 942 1114 1002 Sed
1135 954 1278 1022 repugnat
1300 944 1331 1003 id

118 1022 214 1080 Deum
229 1024 398 1100 sirnpliciter
412 1035 441 1086 et
454 1027 585 1085 absolute
601 1025 675 1084 velle
691 1034 720 1084 et
733 1025 889 1102 intendere,
906 1025 984 1102 quod
998 1032 1094 1084 tamen
1108 1043 1167 1082 non
1176 1025 1268 1083 solum
1279 1045 1331 1084 no·

118 1101 161 1159 vit
176 1122 322 1180 nunquam
337 1105 474 1181 futurum,
491 1106 543 1165 sed
557 1107 643 1165 etiam
657 1105 736 1182 quod
750 1106 811 1181 ipse
827 1125 884 1162 non
898 1105 1026 1164 futurum
1041 1103 1178 1164 decrevit.

159 1183 285 1242 XXVI.
309 1186 448 1260 Quamvis
464 1187 545 1246 Deus
561 1186 703 1263 Reprobis
717 1184 819 1244 offerat
833 1185 963 1244 Verbum
978 1185 1008 1242 in
1023 1204 1088 1243 eum
1097 1183 1193 1260 finem,
1206 1193 1239 1244 ut
1252 1185 1329 1262 posi·

119 1269 150 1319 ta
173 1263 302 1339 ipsorum
317 1267 497 1326 contumacia
522 1266 679 1325 reddantur
692 1265 914 1338 inexcusabiles,
938 1265 1004 1323 Non
1018 1272 1169 1342 propterea
1193 1264 1277 1324 offert
1295 1286 1330 1326 eo

118 1341 177 1400 fine
191 1353 224 1402 ut
238 1346 388 1423 rejiciant:
410 1347 465 1406 hoc
480 1348 556 1405 enim
570 1356 721 1424 peccatum
735 1355 788 1421 est,
804 1346 883 1422 quod
899 1346 979 1404 Deus
992 1365 1046 1403 nee
1066 1345 1199 1419 intendit,
1214 1365 1268 1404 nec
1287 1345 1329 1404 la-

119 1423 177 1497 cit;
201 1423 251 1482 sed
266 1434 299 1484 ut
312 1426 407 1486 latens
420 1427 594 1504 perversitas
609 1427 703 1484 cordis
718 1445 817 1485 eorum
836 1425 962 1502 patefiat,
989 1425 1060 1483 Luc.
1075 1424 1105 1482 ii.
1122 1427 1169 1499 35,
1185 1434 1214 1484 et
1232 1435 1265 1485 ut
1279 1445 1330 1504 per

119 1503 194 1561 banc
208 1504 300 1563 Verbi
314 1507 508 1584 rejectionem,
524 1527 588 1584 quae
609 1507 646 1564 ab
668 1507 730 1584 ipso
755 1506 871 1564 homine
896 1506 995 1580 oritur,
1020 1504 1200 1564 occasionem
1224 1505 1330 1565 habeat

118 1583 325 1659 patefaciendae
340 1606 399 1646 sum
410 1588 532 1665 justitiae
547 1589 576 1644 in
591 1606 683 1664 poenae
697 1585 865 1644 inflictione.
898 1585 981 1644 Licet
994 1603 1131 1642 veronen
1141 1585 1267 1662 potuerit
1277 1586 1329 1644 ho·

119 1683 166 1721 mo
182 1665 311 1724 Verbum
326 1668 452 1745 recipere
464 1668 525 1726 sine
540 1667 642 1744 gretia,
659 1686 745 1742 quam
762 1667 842 1724 Deus
856 1665 900 1723 illi
914 1685 972 1723 non
987 1665 1051 1723 vult
1064 1665 1165 1741 largiri
1174 1686 1181 1740 ;
1191 1684 1249 1722 non
1264 1665 1329 1725 ideo

118 1763 221 1803 vocare
235 1747 396 1806 censendus
410 1756 501 1807 estut
515 1747 642 1824 rejiciat,
664 1747 733 1823 quia
746 1747 863 1822 rejectio
878 1765 935 1803 uon
950 1745 1080 1821 sequitur
1093 1765 1144 1821 per
1165 1763 1195 1802 se
1220 1764 1257 1802 ex
1280 1765 1330 1804 na-

120 1832 185 1881 tura
198 1825 375 1902 Vocatienis,
392 1828 443 1886 sed
457 1848 508 1905 per
522 1827 656 1886 accidens
671 1847 708 1884 ex
722 1826 794 1885 vitio
810 1826 900 1903 ipsius
921 1825 1054 1883 hominis.
1097 1824 1171 1882 Nam
1196 1828 1330 1902 quemvis

121 1923 179 1960 non
193 1907 316 1980 potuerit
338 1909 464 1985 recipere
479 1907 608 1966 Verbum
624 1907 685 1964 sine
700 1906 802 1982 gratia,
818 1906 896 1983 quod
917 1904 1016 1982 rejecit
1030 1912 1127 1964 tamen
1141 1923 1200 1964 uon
1213 1905 1330 1966 aliunde

121 1983 220 2058 oritur,
236 2005 321 2061 quam
336 2008 372 2046 ex
388 1988 534 2047 obstinate
548 1989 611 2066 ejus
625 1987 743 2045 malitia.

162 2064 304 2125 XXVII.
327 2068 393 2126 Non
406 2069 514 2127 desinit
527 2068 613 2125 homo
628 2087 691 2125 esse
714 2066 929 2140 inexcusabilis,
944 2065 1013 2124 lieet
1034 2064 1121 2123 faciat
1144 2065 1223 2142 quod
1249 2066 1329 2124 Deus

120 2144 297 2221 intendebat,
313 2149 382 2224 quia
395 2168 455 2207 non
468 2148 538 2207 facit
551 2147 630 2224 quod
645 2147 726 2205 Deus
739 2145 943 2223 praecipiebat3
966 2153 999 2204 ut
1014 2144 1148 2204 Herodes
1163 2152 1192 2204 ct
1207 2145 1330 2204 Pontius

122 2224 235 2284 Pilatus
249 2245 307 2285 non
333 2229 428 2287 minus
443 2239 510 2288 sunt
524 2227 745 2302 inexcusabiles,
770 2227 824 2284 etsi
839 2225 911 2282 nihil
926 2225 1046 2284 fecerint
1068 2232 1173 2302 proeter
1197 2224 1228 2282 id
1251 2225 1330 2302 qued

120 2324 223 2364 manus
238 2316 267 2364 et
282 2308 434 2367 eonsilium
451 2309 506 2367 Dei
520 2317 605 2367 antea
618 2308 787 2365 decreverat
801 2305 871 2380 fieri,
888 2305 956 2364 Act.
971 2305 1010 2363 iv.
1026 2306 1074 2379 28,
1089 2306 1159 2382 quia
1173 2305 1330 2364 Decretum

119 2404 177 2442 nen
192 2395 236 2442 est
250 2388 351 2464 regula
365 2390 509 2448 actionum
525 2395 696 2460 nostrarum,
712 2387 764 2444 sed
778 2394 889 2444 tanturn
901 2385 1089 2463 Praeceptum.

161 2465 321 2525 XXVIII.
345 2468 394 2526 Ad
418 2467 596 2527 reddendum
620 2467 765 2526 homiuem
789 2465 1016 2524 inexcusabilem
1040 2463 1145 2524 sufficit
1159 2464 1259 2523 tollere
1274 2463 1330 2541 ipsi

119 2551 291 2620 praetextum
306 2547 484 2624 ignorantiae,
499 2569 558 2606 non
571 2567 641 2606 vero
655 2546 832 2624 impotentiae
844 2568 852 2621 ς
874 2547 942 2622 quia
956 2547 1042 2605 borno
1053 2543 1246 2623 ignorantiam
1257 2543 1332 2603 solet

119 2633 296 2703 praetexere3
320 2628 371 2686 sed
384 2648 533 2706 nunqnam
555 2627 763 2704 impotentiam.
808 2627 904 2684 Homo
929 2626 1014 2700 enim,
1037 2645 1095 2703 qua
1119 2633 1163 2683 eat
1186 2623 1329 2700 superbia,

119 2725 232 2782 semper
246 2707 301 2766 sibi
315 2710 477 2785 persuadet,
495 2728 526 2767 se
541 2727 624 2786 posse
639 2707 669 2764 id
684 2706 763 2783 quod
777 2706 979 2783 praescribitur,
996 2714 1025 2764 et
1040 2705 1109 2764 satis
1124 2703 1274 2762 convictus
1285 2711 1331 2761 est

119 2805 149 2842 se
164 2805 215 2862 per
229 2787 403 2846 obstinatam
418 2788 556 2847 malitiam
582 2807 708 2864 peccare,
725 2805 813 2863 quum
839 2786 920 2844 deest
943 2785 1036 2843 officio
1060 2803 1122 2842 auo.
1165 2782 1330 2840 Praetextus

119 2865 235 2942 quidem
250 2867 421 2944 ignorantiae
435 2869 540 2928 auferri
554 2868 648 2942 debet,
665 2867 733 2944 quia
742 2875 870 2941 excusat,
883 2863 969 2923 modo
978 2883 1036 2922 nou
1046 2863 1084 2922 sit
1095 2861 1229 2921 affectata
1238 2870 1268 2919 et
1279 2881 1329 2920 vo-

118 2944 252 3022 luntaria,
263 2947 315 3006 sed
336 2948 431 3025 quoad
440 2948 647 3026 impotentiam,
660 2967 718 3006 non
728 2955 773 3004 est
783 2945 884 3004 eadem
895 2945 977 3018 ratio,
987 2943 1103 3021 quando
1114 2951 1159 3001 est
1167 2941 1332 3000 voluntaria

119 3032 147 3081 et
162 3032 311 3087 interme.
355 3029 451 3087 Homo
466 3048 524 3087 non
535 3035 649 3087 tenetur
660 3028 732 3086 scire
747 3025 891 3102 quodnon
901 3025 1054 3082 revelatur.
1069 3022 1126 3082 Sed
1135 3029 1329 3098 teneturprae-

121 3112 197 3163 stare
211 3107 297 3166 etiam
312 3108 343 3166 id
357 3109 394 3166 ad
408 3108 487 3185 quod
501 3108 643 3185 impotens
657 3128 709 3185 per
722 3113 871 3184 peecatum
886 3104 1016 3163 redditus
1038 3111 1101 3178 est,
1124 3103 1163 3160 Et
1187 3121 1238 3179 per
1262 3119 1329 3159 con·

121 3204 246 3262 sequeus
261 3195 357 3265 petest
370 3187 401 3246 id
415 3189 452 3247 ab
466 3188 530 3265 ipso
544 3188 633 3265 exigi.

599 3426 795 3503 eumerio
818 3425 877 3485 111.

527 3607 564 3646 Db}
586 3605 700 3646 GRATIA
722 3603 915 3646 surrmmurr.

119 3748 165 3806 Aa
183 3746 291 3806 Gratia
305 3748 440 3820 sufficiens
454 3750 610 3824 udJectiva,
626 3758 653 3806 ct
665 3748 777 3805 interme
791 3749 874 3804 detur
887 3747 1012 3805 omnibus
1026 3754 1052 3803 et
1071 3745 1186 3820 singulis
1200 3747 1214 3802 3
1256 3743 1330 3819 Neg.

442 3839 542 3888 centra
556 3827 733 3902 Pontificius,
752 3826 848 3885 Socin.
864 3834 893 3886 et
908 3825 1021 3884 Armin.

123 4021 257 4066 mmm„
273 4021 364 4067 Gratia
427 3989 451 4046 I.
474 3989 549 4064 Quia
563 3989 638 4047 inter
650 3988 747 4046 varias
761 3983 963 4044 distinctiones
978 3983 1176 4072 Gratim,'qu·ee
1191 3979 1330 4072 inVoea-

154 4082 179 4124 ιιι
202 4077 365 4125 sufficientem
385 4065 463 4127 tione
478 4087 541 4127 aeae
555 4069 656 4144 exerit,
672 4066 824 4126 tritissima
837 4074 882 4124 est
896 4085 938 4139 ea,
954 4081 1011 4139 qua
1025 4060 1208 4119 distribuitur·
1221 4079 1250 4117 m
1265 4061 1330 4132 Sas-

151 4145 178 4184 ee
193 4137 323 4183 ‘ffissm
374 4147 514 4224 sicientem
529 4151 728 4222 etEfficaccm,
751 4166 815 4223 quse
837 4145 906 4203 huie
927 4140 1086 4216 Quaestieni
1110 4139 1207 4197 locum
1231 4137 1331 4214 dedit3

123 4227 167 4283 lle
182 4243 216 4282 ea
231 4222 363 4300 quedam
377 4227 577 4302 praemittenda
591 4237 666 4304 sunt,
682 4235 714 4285 ut
729 4233 850 4300 constet,
865 4243 923 4301 quo
938 4239 1023 4280 sensu
1033 4226 1210 4297 proponatur
1219 4219 1256 4276 ab
1268 4217 1332 4275 Ad-

119 4303 267 4379 versariis,
283 4311 313 4361 et
327 4324 344 4361 a
357 4305 440 4364 nobis
455 4307 608 4385 rejiciatur,
624 4306 769 4385 quomodo
783 4324 853 4365 vero
870 4321 939 4362 seno
955 4319 1040 4360 sensu
1065 4319 1083 4358 a
1110 4297 1194 4357 nobis
1218 4297 1332 4358 admitti

122 4385 224 4464 possit.

422 4467 465 4525 II.
488 4466 633 4542 Bollarm,
649 4467 747 4526 Contr.
763 4469 790 4540 3,
803 4464 839 4523 de
855 4464 936 4522 Grat.
952 4469 980 4519 et
1002 4459 1098 4518 Liber.
1126 4457 1220 4517 Arbit.
1236 4457 1287 4516 lib.
1305 4460 1331 4533 l,

149 4569 224 4622 pctus
239 4577 255 4607 s
278 4563 363 4607 Ponti·
384 4547 619 4623 cap.2,Gratiam
629 4546 851 4606 sufficientemet
862 4543 1005 4601 efficacem
1017 4539 1179 4618 distinguit,
1191 4546 1224 4598 ut
1234 4539 1332 4596 “Gra-

149 4623 232 4668 fictis?
385 4627 425 4684 tia
440 4625 584 4685 sufficiens
599 4627 635 4685 sit
649 4647 691 4700 ea,
707 4647 765 4703 qua
780 4627 859 4683 Deus
876 4623 1020 4681 bominem
1035 4620 1075 4678 ita
1098 4631 1191 4694 vocat,
1214 4619 1331 4694 excitat,

119 4719 148 4769 ct
159 4710 265 4786 jurare
281 4705 440 4783 dirigendo,
457 4704 643 4785 protegendo,
659 4705 838 4784 cooperando
854 4713 969 4781 paratus¹
984 4710 1036 4778 est,
1052 4709 1084 4759 ut
1097 4701 1183 4838 herpo
1199 4699 1239 4757 sic
1255 4699 1334 4760 exei-

1147 4793 1155 4808 ·
1182 4797 1199 4836 r

118 4507 176 4556 Quo
192 4517 267 4549 sensu
288 4505 360 4546 'risur-
