3150 5206
236 387 294 446 180
634 458 638 472 Ι
653 403 744 445 nocua
757 403 957 446 nuonsornus.
1258 382 1386 464 [aomar.
1402 403 1433 444 r.

238 545 326 604 fuisse
339 543 511 621 patefactam
525 544 617 622 primo
631 544 829 604 Tabernaeulo
843 551 937 604 nene
947 545 975 604 :’'
996 563 1054 604 non
1068 562 1174 622 negare
1185 543 1249 603 vult
1264 543 1366 604 Patres
1380 543 1435 603 sub

239 623 341 683 Veteri
354 623 538 683 Testamenta
559 624 589 682 in
604 625 708 684 coelum
722 633 853 701 receptos
866 624 963 699 fuisse,
985 624 1065 701 quod
1077 625 1243 700 exemplum
1262 623 1383 698 Euocbi,
1404 631 1437 681 et

239 703 420 763 ratiocinatio
433 703 551 780 Christi,
575 704 680 763 Matth.
695 703 778 778 xxii,
793 703 901 762 invicte
919 704 1042 781 probat:
1064 703 1123 762 Sed
1143 703 1201 762 duo
1214 703 1334 762 innuere
1349 703 1435 776 vult,

244 786 270 842 1.
286 781 477 842 Gaercmonias
490 791 632 862 quatenus
646 784 727 859 tales,
745 801 810 860 quse
829 803 882 860 per
893 782 1123 841 'sabernaculum
1142 783 1223 859 prius
1237 782 1436 860 designantur,

240 881 292 940 per
305 881 336 921 se
349 881 408 921 non
422 863 550 940 petuisse
564 863 674 922 aditum
688 861 720 920 in
733 863 837 922 coelum
848 862 941 921 facere
955 869 1071 938 propter
1084 861 1310 920 imbecillitatem
1321 871 1351 920 et
1363 861 1436 920 inef-

241 940 371 999 ficaciam
385 960 484 1019 suam;
506 946 535 1002 2.
550 941 686 1016 Quamdiu
696 941 874 1000 caeremonioe
887 941 945 1000 illae
959 941 1163 1016 subsistebant,
1178 941 1340 1017 ingressum
1354 941 1438 999 illum

242 1021 273 1078 in
286 1019 400 1095 eoelum,
416 1039 467 1080 seu
480 1021 620 1080 rationem
640 1020 719 1080 illius
739 1028 770 1080 θῖ
788 1021 914 1096 modum,
935 1040 967 1080 aa
987 1019 1137 1080 obscurius
1157 1019 1301 1094 habuisse,
1322 1039 1377 1078 nee
1397 1019 1440 1078 ita

243 1098 320 1158 clare
334 1099 423 1159 finisse
435 1100 623 1178 propositum
637 1107 724 1178 prout
736 1100 845 1160 factum
858 1100 913 1160 fuit
927 1099 1042 1159 Christo
1056 1099 1195 1176 exhibito,
1217 1107 1247 1158 et
1260 1099 1440 1158 caeremoniis

243 1178 370 1238 manetis.
412 1177 455 1237 At
468 1199 486 1238 a
499 1179 654 1258 negatione
666 1179 745 1238 modi
759 1179 797 1238 ad
810 1179 994 1257 negationem
1007 1178 1048 1238 rei
1062 1199 1120 1238 non
1134 1179 1214 1237 valet
1223 1178 1439 1254 consequentia.

244 1257 337 1317 Aliud
357 1265 473 1317 estnon
486 1277 550 1319 esse
569 1257 730 1318 ullomodo
750 1259 930 1336 patefactam,
952 1258 1032 1317 aliud
1051 1278 1109 1316 non
1130 1277 1193 1317 esse
1214 1257 1334 1316 clareat
1353 1257 1440 1334 plene

244 1336 411 1396 revelatam.
453 1336 613 1415 Apostolus
632 1339 696 1412 boe,
712 1357 770 1396 non
793 1337 866 1398 illud
880 1339 929 1414 ait,
944 1357 1011 1395 nam
1024 1343 1052 1395 rt
1067 1340 1246 1418 πφικςῢσῖιι
1268 1336 1383 1416 plenam
1397 1335 1441 1394 rei

248 1415 508 1476 manifestationem
521 1417 638 1492 indicat,
653 1417 732 1494 quod
741 1416 843 1475 Veteri
856 1417 890 1474 T.
905 1425 1043 1494 negatum
1056 1417 1119 1476 tuit.

286 1494 451 1554 XXXIII.
472 1497 576 1554 Foedua
588 1504 665 1555 venta
684 1493 816 1553 bilariam
830 1496 960 1571 sumitur,
982 1496 1031 1554 vel
1050 1515 1103 1573 pro
1117 1497 1239 1554 Fccdere
1252 1513 1368 1571 operum
1388 1513 1441 1552 seu

248 1573 351 1651 Legali
366 1573 464 1634 stricte
478 1583 601 1652 sumpt0,
624 1573 703 1652 quod
723 1593 789 1633 cum
809 1575 908 1652 primis
927 1575 1095 1652 parentibus
1114 1583 1180 1634 ante
1193 1574 1307 1651 lapsum
1327 1573 1440 1647 initum,
1563 1599 1564 1622 t

247 1661 277 1712 et
289 1660 391 1730 postea
404 1654 433 1710 in
449 1652 562 1713 deserto
583 1661 762 1729 renovatum,
784 1655 832 1712 vel
852 1674 904 1732 pro
917 1657 1030 1731 fodere
1051 1657 1170 1713 seeundo
1187 1655 1291 1730 qratia
1304 1671 1370 1711 eum
1383 1653 1441 1729 pri·

247 1731 302 1791 mis
315 1733 482 1809 parentibus
541 1741 569 1794 st
581 1733 695 1812 lapsum
709 1733 827 1810 sancito,
850 1733 922 1793 etin
942 1734 1102 1793 oeconomia
1117 1733 1247 1792 Masatos
1265 1731 1441 1791 confirmato.

247 1813 360 1872 Novum
373 1831 443 1871 vero
462 1832 500 1871 ve
534 1814 663 1889 sumitur,
686 1813 717 1871 in
738 1833 844 1890 genere
864 1832 916 1890 pro
935 1812 1041 1872 foedere
1063 1813 1172 1890 gratiae,
1193 1811 1241 1870 vel
1262 1831 1314 1889 pro
1335 1810 1443 1868 foedere

249 1891 350 1968 gratie
370 1891 401 1948 in
415 1891 452 1950 N.
467 1891 502 1950 Τ.
516 1891 669 1952 illustrato.
713 1891 799 1951 Unde
813 1893 928 1970 gemina
942 1901 986 1951 est
996 1892 1138 1969 oppositio
1149 1891 1217 1950 Vet.
1232 1899 1261 1950 et
1275 1891 1311 1948 N.
1326 1889 1444 1947 foederis

248 1970 338 2048 proba
353 1969 574 2046 distinguenda3
595 1991 654 2030 una
666 1971 777 2030 ratione
795 1973 962 2045 adamatica,
977 1972 1002 2030 si
1021 1972 1114 2049 primo
1127 1970 1214 2029 modo
1228 1977 1386 2042 sumantur,
1401 1968 1443 2025 al·
1563 1965 1564 1972 ’

249 2055 312 2107 tera
325 2047 421 2124 quoad
435 2050 591 2108 accidmsia
605 2069 656 2109 seu
670 2049 893 2109 accidenter-ium
903 2051 1125 2128 dispensationis
1139 2049 1265 2125 modum,
1281 2049 1306 2107 si
1317 2046 1443 2106 secundo

250 2145 337 2185 sensu
351 2133 525 2203 spectentur.
566 2127 705 2200 Quamvis
719 2129 795 2186 enim
805 2129 902 2206 quoad
916 2130 1050 2189 corticem
1063 2129 1154 2188 litera
1168 2127 1262 2187 foedus
1283 2127 1444 2185 Mosatcum

249 2203 398 2263 videretur
412 2205 529 2280 Legale,
540 2205 609 2283 quia
629 2207 745 2264 nonnisi
759 2208 813 2266 sub
827 2207 991 2267 conditione
1011 2209 1134 2286 propriae
1148 2207 1327 2280 obedientia,
1339 2213 1369 2264 et
1382 2205 1443 2282 qui-

251 2282 317 2340 dem
337 2281 480 2358 perfecta,
496 2283 557 2341 sine
570 2283 630 2341 ulla
644 2287 757 2362 laeamu'qs
769 2287 860 2345 vitam
874 2287 1072 2363 pollicebatur,
1092 2296 1189 2346 minen
1202 2285 1298 2363 quoad
1311 2285 1444 2343 intentio·

251 2379 318 2418 nem
333 2360 530 2436 Leglslatoris,
553 2369 582 2420 et
596 2363 691 2438 quoad
704 2364 790 2422 finem
806 2365 894 2442 Legis
913 2365 1008 2425 denuo
1027 2367 1226 2444 promulgatas,
1241 2365 1278 2424 ad
1292 2373 1444 2422 venturum

253 2437 392 2496 Messinm
415 2438 554 2515 ducebat3
577 2451 663 2518 atque
684 2442 757 2501 adeo
777 2443 815 2501 ad
835 2443 929 2503 foedus
951 2447 1050 2522 gratiae
1071 2455 1148 2504 recte
1170 2445 1278 2503 dieitur
1295 2443 1445 2520 pertinere.

253 2517 320 2575 Hoc
335 2535 422 2576 sensu
436 2526 520 2576 vetus
533 2518 628 2579 foedus
643 2519 748 2580 dicitur
761 2523 940 2600 antiquatum
955 2523 1096 2584 duntaxat
1116 2524 1213 2602 quoad
1226 2523 1343 2582 modum
1357 2521 1445 2580 admi-

253 2595 441 2672 nistrationis,
456 2616 514 2655 non
528 2599 624 2674 quoad
637 2620 697 2658 rem
711 2601 955 2678 administratam
971 2604 1066 2681 quoad
1080 2603 1240 2662 accidentia
1253 2601 1377 2676 foederis,
1388 2619 1446 2659 non

253 2675 350 2752 quoad
372 2675 577 2753 substantiam
599 2679 696 2755 quoad
716 2681 946 2740 observationem
965 2691 1114 2741 externam
1135 2681 1326 2761 appendicum
1347 2679 1446 2738 foederi

254 2773 440 2829 annexarum,
455 2775 513 2814 non
527 2757 622 2833 quoad
637 2759 777 2818 internam
792 2760 882 2838 ipsius
896 2761 1012 2820 foederis
1025 2763 1154 2820 formam.

294 2833 455 2894 XXXIV.
476 2835 623 2895 Promissa
636 2840 702 2898 novi
712 2841 833 2913 sederis
852 2840 986 2899 dicuntur
1002 2842 1214 2918 praestantiora,
1237 2839 1328 2898 Hebr.
1343 2837 1404 2896 viii.
1419 2841 1446 2913 6,

254 2912 413 2972 secundum
427 2913 505 2990 quid,
521 2934 579 2974 non
594 2917 774 2996 simpliciter;
790 2919 972 2978 narratione
987 2921 1155 2979 substantias
1168 2919 1382 2996 promissorum,
1398 2915 1448 2975 sed

254 2992 365 3051 ratione
385 2993 473 3068 modi,
496 3002 525 3052 et
539 3015 573 3053 ea
587 2995 693 3057 elarius
713 2999 899 3076 proponendi,
922 3007 951 3057 et
964 2999 1080 3058 uberius
1094 2998 1242 3070 dilatandi,
1265 3007 1295 3056 et
1308 2995 1466 3055 efficacium

254 3070 445 3149 imprimendi,
461 3073 586 3134 etlatius
595 3075 633 3134 ad
643 3085 745 3154 gentes
759 3097 874 3156 quoqne
888 3078 1072 3136 extendendi.
1095 3077 1173 3154 llrgo
1186 3079 1291 3156 ὑπςοχὲ
1306 3076 1356 3133 illa
1374 3075 1448 3133 Novi

255 3148 433 3210 Testamenti
457 3159 519 3211 tota
540 3155 618 3213 modi
633 3147 685 3232 θεῖ’,
709 3177 767 3215 non
789 3157 839 3232 rei,
862 3165 892 3215 et
912 3159 1075 3234 spectatast
1096 3153 1226 3219 ἔπουπόδη
1247 3155 1371 3229 l'oederis,
1392 3172 1450 3210 non

255 3226 374 3291 obdis:
396 3229 470 3287 Nam
492 3235 692 3307 praestantiora
706 3236 848 3311 promissa
868 3236 964 3313 quoad
984 3255 1043 3294 rem
1059 3234 1121 3293 dari
1140 3255 1199 3294 uon
1220 3243 1350 3312 possunt,
1365 3251 1450 3310 quam

255 3324 321 3380 quse
336 3306 515 3381 Abrahamo,
532 3309 642 3384 Issaeo,
658 3320 687 3370 ot
701 3313 766 3371 aliis
780 3314 915 3373 Patribus
930 3323 996 3373 sunt
1010 3315 1093 3374 lacta.

269 3459 276 3472 ,
298 3381 440 3441 XXXV.
463 3383 556 3443 Aliud
570 3396 614 3446 est
627 3391 772 3448 Jsutitsbm
783 3394 858 3468 fidei
869 3413 949 3466 nunc,
972 3393 1060 3452 idest
1075 3392 1128 3452 sub
1143 3392 1302 3451 oeconomia
1316 3391 1450 3466 Evange-

255 3458 320 3534 llca,
336 3479 400 3518 esse
414 3469 585 3540 cesenates»
598 3469 696 3541 ἅπλὸς,
709 3468 801 3526 Aliud
815 3489 878 3527 esse
892 3477 1061 3550 φανερωθεῖσαν
1075 3477 1151 3552 mle
1166 3472 1245 3547 sipon,
1260 3471 1299 3529 ld.
1310 3491 1362 3548 per
1375 3469 1454 3528 allud

256 3537 377 3595 verbum
393 3556 479 3614 quam
502 3541 598 3618 Legis,
620 3545 753 3603 nimirum
768 3547 888 3606 verbum
903 3549 1066 3626 Evangelii.
1110 3552 1194 3609 Prius
1213 3570 1271 3608 non
1286 3548 1424 3608 asseritur
1436 3567 1455 3605 a

258 3613 359 3688 Paulo,
375 3615 460 3676 Rom.
474 3617 515 3676 iii.
531 3624 578 3694 21,
595 3622 646 3680 sed
661 3625 822 3700 posterius;
845 3627 913 3702 quia
927 3627 997 3686 dicit
1011 3629 1154 3706 justitium
1169 3629 1249 3687 illam
1264 3647 1326 3686 esse
1340 3653 1453 3706 praerog·
1471 3659 1478 3666 ·

257 3693 351 3767 sapim
363 3713 415 3769 per
429 3695 539 3772 Legem
553 3707 582 3757 et
597 3700 773 3778 Prophetas;
797 3704 858 3762 Nec
872 3705 929 3764 diei
942 3715 1038 3783 potest
1052 3727 1115 3766 esse
1128 3708 1321 3788 μῃυςουμέηι
1334 3715 1367 3766 ut
1376 3711 1454 3764 tum·-

256 3791 327 3848 ram,
342 3791 400 3830 nou
415 3780 448 3832 ut
460 3785 639 3854 praesentem,
655 3789 688 3838 ut
702 3781 873 3841 destinatam
887 3784 1021 3844 fidelibus
1030 3787 1107 3844 Novi
1118 3787 1304 3861 Testamenti,
1316 3804 1374 3842 non
1384 3803 1455 3842 vero

259 3850 412 3924 Patribus3
435 3851 509 3926 Quia
523 3855 564 3914 sic
579 3867 753 3935 sequeretur,
775 3863 824 3919 vel
837 3863 980 3921 neminem
994 3883 1031 3922 ex
1047 3865 1182 3924 Patribus
1204 3865 1294 3924 luisse
1312 3863 1454 3939 justifica·
1555 3893 1556 3902 =

256 3937 328 4004 turn,
344 3929 423 4007 quod
443 3933 577 4009 exempla
593 3935 761 4013 Abrahcmi,
786 3939 908 3999 Davidis
929 3950 958 4001 et
972 3943 1091 4002 alionum
1112 3943 1216 4002 falsum
1237 3963 1301 4002 esse
1322 3941 1455 4018 probent,

257 4008 498 4160 :pllitpufip'sseapps
512 4012 600 4072 fuisse
620 4015 677 4074 elio
691 4017 787 4093 modo,
808 4038 894 4095 quam
914 4041 967 4097 per
983 4023 1127 4098 justitiam
1140 4023 1217 4096 fidei,
1239 4031 1272 4081 ut
1286 4021 1396 4080 Paulus
1409 4039 1454 4078 as·

298 4163 619 4260 XXXVI3Qnamvis
639 4172 737 4232 Moses
756 4175 842 4235 fuerit
864 4177 1008 4236 Mediator
1029 4181 1144 4238 VeterIs
1166 4179 1305 4253 Foederis,
1329 4197 1388 4236 non
1405 4197 1456 4236 ex-

256 4243 384 4335 cludrtur
405 4245 537 4306 Christus
557 4249 594 4307 ab
608 4249 663 4308 hoc
678 4252 771 4311 officio
792 4256 878 4313 etiarn
894 4256 923 4313 in
938 4257 1039 4316 Veteri
1057 4259 1251 4333 Testamento,
1273 4259 1341 4335 quia
1356 4257 1457 4315 Moses
1553 4277 1554 4300 t

256 4319 312 4379 furt
325 4330 436 4380 tentum
452 4325 597 4386 Mediator
610 4329 734 4406 typicus,
755 4340 783 4390 et
797 4353 893 4392 meme
907 4332 1104 4395 internuncius
1118 4337 1193 4396 inter
1207 4337 1302 4395 Deum
1317 4345 1347 4394 et
1365 4355 1456 4412 popu·

255 4397 326 4492 lum,
348 4401 401 4460 sed
421 4403 552 4463 Christus
574 4426 661 4465 verus
683 4418 712 4466 et
732 4411 819 4468 realis
841 4417 986 4492 agalmate,
1005 4415 1055 4490 qui
1075 4416 1159 4474 nobis
1182 4415 1317 4474 conciliat
1340 4414 1457 4472 Patrem

255 4486 358 4612 mpiruto
367 4498 433 4614 ppo,
448 4483 499 4559 qui
512 4483 589 4542 idem
603 4492 648 4545 est
660 4487 731 4562 heri,
747 4489 833 4548 bodie
847 4492 920 4550 etin
935 4492 1039 4568 secula,
1057 4493 1088 4552 in
1102 4495 1140 4554 V.
1156 4495 1272 4571 quidem
1287 4495 1321 4552 Τ.
1335 4490 1456 4573 ἔπρισε,

256 4574 288 4614 80
322 4577 352 4613 tn
396 4583 536 4640 amem.

299 4633 475 4697 XXXVII.
499 4640 586 4701 Fides
608 4643 726 4704 Patrum
740 4665 798 4705 uon
819 4647 873 4708 fuit
888 4659 997 4709 tantum
1013 4653 1127 4710 credm
1143 4653 1284 4712 Oba-astum
1297 4611 1457 4726 vmtumna,
1550 4701 1551 4726 ,
