3186 5210
149 365 263 411 onssr.
279 346 316 424 1.]
587 363 625 399 un
640 359 899 400 rusrrrrturroua.
1305 344 1362 401 559

148 510 207 564 hoc
219 507 287 562 loco
296 502 469 578 justificare,
484 520 518 558 ac
529 500 644 574 justum
659 500 864 576 pronunciare,
880 500 957 556 sicut
970 498 991 556 J
994 501 1073 557 udex
1087 519 1142 558 sua
1156 501 1302 560 sententia
1315 502 1359 559 in-

148 590 306 642 nocentem
320 579 447 638 absolvit
457 587 486 636 et
500 579 705 653 pronunciat.'’
748 577 904 636 Cornelius
918 578 1071 652 aLapide,
1084 579 1137 652 qui
1151 577 1225 635 alias
1240 597 1360 637 omnem

148 662 282 736 lapidem
295 663 395 716 movet
415 659 453 713 ad
470 657 687 714 obscurandam
700 657 866 726 veritatem,
880 656 911 712 vi
925 657 1057 714 veritatis
1077 665 1177 714 tamen
1191 657 1287 713 victus
1308 677 1359 732 ag-

149 739 253 807 noscit,
270 738 368 794 Deum
378 735 542 810 justificare
555 735 595 792 id.
610 737 648 792 ab
662 735 780 792 intenta
793 735 905 809 peccati
919 743 949 792 et
960 735 1112 792 Daemonis
1126 734 1241 792 actione
1262 736 1360 792 absol·

151 836 230 886 vere,
240 817 399 889 justosque
413 813 618 887 pronunciare.

192 893 291 952 VIII.
314 893 341 949 3.
365 891 446 958 Quia
467 893 587 966 phrases
611 891 845 965 aequipollentes,
860 891 969 964 quibus
989 890 1164 965 justificatio
1186 899 1288 950 nostra
1310 895 1360 950 de·

151 972 296 1041 scribitur,
312 975 382 1028 sunt
392 969 570 1043 judiciales,
592 970 695 1044 quales
709 975 780 1025 sunt
792 989 848 1027 non
862 969 959 1027 venire
972 969 1002 1025 in
1012 969 1163 1044 judicium,
1175 968 1195 1026 J
1198 971 1246 1027 oh.
1260 989 1289 1027 v.
1305 972 1359 1042 t4;

150 1073 206 1110 non
221 1049 417 1117 condemnari,
431 1048 502 1107 Joh.
514 1047 554 1104 iii.
573 1047 628 1116 18;
643 1049 787 1106 remittere
803 1058 931 1125 peccata,
946 1049 1089 1124 imputare
1104 1049 1256 1122 jutitiam,
1272 1049 1360 1109 Rom.

151 1131 210 1200 ir.;
227 1128 415 1196 reconciliari,
438 1126 525 1183 Rom.
540 1145 569 1185 v.
596 1125 644 1194 10,
662 1127 681 1182 2
696 1127 763 1185 Cor.
778 1145 807 1182 v.
831 1127 867 1184 19
879 1148 887 1196 ;
907 1124 942 1183 'et
962 1128 1027 1184 sim.
1067 1128 1096 1182 4.
1112 1125 1157 1182 Eo
1172 1143 1260 1182 sensu
1273 1129 1362 1185 ‹Iebet

149 1208 288 1284 usurpari
301 1208 360 1264 ista
372 1205 496 1274 locutio,
510 1221 571 1278 quo
586 1212 732 1278 usurpata
746 1211 791 1262 est
804 1225 823 1262 a
844 1205 940 1262 Paulo
956 1206 986 1261 in
1001 1205 1204 1279 disputatione
1218 1205 1360 1263 adversus

150 1286 171 1344 J
174 1289 296 1355 udaeos3
319 1285 363 1342 At
377 1290 490 1341 certum
510 1289 629 1339 estnon
643 1291 743 1340 actum
763 1282 805 1339 ibi
824 1283 916 1341 fuisse
930 1285 967 1340 de
982 1282 1131 1340 infusione
1151 1282 1286 1354 justitiae,
1310 1285 1360 1340 An

151 1364 263 1422 scilieet
277 1381 314 1420 ex
327 1365 395 1432 fide,
412 1361 463 1418 An
477 1378 547 1417 vero
561 1379 599 1416 ex
613 1361 751 1434 operibus
766 1359 856 1435 Legis
874 1361 1084 1418 infunderetur
1097 1360 1128 1416 iu
1143 1361 1295 1418 homiuem
1310 1363 1361 1418 ha-

151 1443 232 1499 bitus
242 1441 378 1515 justitiae,
403 1439 462 1497 Sed
486 1439 638 1512 quomodo
662 1441 753 1496 horno
774 1445 911 1513 peccator
935 1445 1032 1514 posset
1046 1457 1145 1496 coram
1171 1437 1227 1494 Dei
1245 1439 1361 1513 judicio

153 1519 321 1589 subsistere,
336 1526 366 1576 et
375 1519 428 1593 jus
441 1518 479 1574 ad
494 1515 587 1573 vitam
601 1518 750 1592 consequi,
768 1518 818 1575 An
843 1536 896 1593 per
909 1535 999 1591 opera
1013 1516 1111 1590 Legis,
1133 1522 1168 1572 ιιι
1181 1514 1202 1572 J
1205 1518 1284 1573 ndaei
1305 1518 1362 1574 sibi

153 1598 406 1672 imaginabantur,
423 1595 473 1652 An
490 1613 561 1650 vero
575 1614 628 1669 per
647 1597 736 1652 fidem
762 1595 891 1654 Christi:
921 1595 962 1653 Et
976 1613 1045 1651 curn
1059 1594 1200 1668 cogitatio
1216 1596 1252 1650 dc
1266 1595 1288 1651 J
1290 1595 1362 1652 usti·

152 1677 289 1734 ficatione
303 1682 376 1733 nata
389 1675 427 1732 sit
440 1673 523 1730 haud
537 1673 627 1729 dubie
641 1693 678 1731 ex
692 1683 775 1732 metu
788 1673 903 1732 Iudicii
917 1673 1020 1742 divini,
1035 1681 1065 1729 et
1078 1673 1129 1728 irae
1143 1679 1286 1741 venturae,
1301 1691 1362 1729 non

154 1761 252 1827 potest
263 1755 323 1810 alio
338 1771 426 1810 sensu
439 1769 530 1826 quarn
551 1750 662 1808 forensi
686 1752 825 1827 usurpari
838 1774 845 1821 ;
874 1752 1026 1826 quomodo
1046 1756 1189 1825 usurpata
1202 1758 1246 1807 est
1259 1751 1291 1807 in
1305 1751 1362 1806 ori·

154 1832 223 1904 gine
237 1831 437 1905 quaestionum
451 1829 584 1900 istarum,
599 1849 666 1904 quae
678 1838 767 1887 motae
782 1837 853 1887 sunt
873 1829 1017 1904 superiori
1031 1830 1131 1886 seculo
1142 1828 1294 1885 occasione
1310 1829 1363 1885 In·

55 1929 58 1932 ·
156 1908 397 1981 ιιιιΙΕιιιιιίιιιιιιιι,Δ
415 1906 658 1964 satisfactionum
678 1915 708 1964 et
725 1908 906 1965 remissionis
929 1915 1126 1982 peccatorum.
1173 1909 1200 1962 ὁ.
1216 1906 1363 1981 Denique,

155 1985 213 2042 nisi
235 2003 325 2042 sensu
344 1983 453 2042 forensi
474 1991 608 2042 sumatur
629 1988 693 2043 haec
712 2005 781 2056 vox,
803 1985 1005 2042 confundetur
1025 2004 1094 2042 cum
1117 1984 1364 2054 Sanctificatione,

156 2081 230 2138 quas
250 2071 349 2120 tamen
367 2081 429 2121 esse
449 2062 610 2134 distinctas,
632 2072 662 2121 et
681 2065 724 2121 rei
744 2071 861 2136 natura,
883 2071 913 2120 et
935 2063 1095 2138 Scripturas
1110 2082 1168 2120 vox
1189 2081 1250 2120 non
1271 2064 1364 2120 semel

156 2142 269 2199 asserit.

453 2219 512 2276 IX.
534 2219 618 2276 Licet
632 2239 690 2278 vox
711 2219 937 2278 Justificationis
957 2220 989 2275 in
1008 2219 1188 2293 quibusdam
1203 2219 1364 2294 Scripturas

183 2285 364 2388 F⁰¹t¹jgjmsjl¹t
412 2297 517 2354 locisa
534 2299 656 2371 propria
669 2298 883 2371 significatione
904 2300 1061 2368 recederet,
1075 2305 1105 2354 et
1125 2298 1185 2354 alio
1209 2315 1299 2372 quam
1320 2297 1365 2354 fo-

323 2375 328 2386 '
413 2375 491 2431 rensi
512 2393 600 2430 sensu
621 2384 804 2447 sumeretur;
826 2377 857 2434 N
860 2396 898 2434 on
914 2383 1086 2450 sequeretur
1099 2395 1253 2451 perperam
1267 2395 1286 2434 a
1299 2395 1366 2434 nos-

157 2453 211 2509 tris
233 2453 311 2508 sumi
327 2453 520 2526 judicialiter,
536 2451 607 2526 quia
620 2453 756 2529 proprius
771 2473 874 2512 sensus
890 2456 1068 2530 spectandus
1082 2461 1127 2511 est
1139 2455 1217 2510 iniis
1231 2454 1313 2526 loeis,
1334 2455 1366 2512 in

156 2531 267 2604 quibus
281 2533 364 2588 sedes
375 2539 419 2588 est
432 2530 518 2587 istius
532 2532 683 2588 doetrinae.
725 2532 752 2588 2.
776 2532 922 2599 Quamvis
936 2533 1012 2589 forte
1033 2551 1094 2588 non
1111 2540 1278 2590 sumeretur
1290 2551 1365 2606 prse-

155 2609 214 2665 cise
229 2627 317 2666 sensu
331 2609 449 2678 forensi,
470 2626 524 2684 pro
539 2626 574 2664 eo
588 2611 670 2684 quod
693 2616 738 2666 est
755 2609 873 2684 justum
887 2611 1094 2685 pronunciare,
1110 2617 1140 2666 et
1161 2611 1313 2667 absolvere
1333 2609 1365 2666 in

152 2687 280 2760 judicio,
296 2706 356 2744 non
370 2687 448 2744 sumi
462 2693 561 2743 tamen
583 2706 669 2762 posse
684 2705 773 2745 sensu
794 2691 917 2763 physico
931 2707 985 2762 pro
1006 2687 1156 2744 infusione
1175 2687 1310 2759 justitiae,
1332 2693 1367 2743 ut

156 2767 270 2822 vellent
284 2765 439 2835 Pontifieii,
455 2765 667 2839 pertendimus,
682 2773 717 2822 nt
736 2765 825 2824 facile
838 2768 984 2842 probatur
998 2783 1035 2822 ex
1055 2764 1128 2822 locis
1142 2783 1161 2820 a
1180 2763 1365 2820 Bellarmino

157 2842 166 2897 i
188 2861 221 2899 so
236 2844 343 2901 allatis.

167 2862 188 2917 p
199 2921 237 2977 X.
260 2921 350 2991 Nam,
361 2921 420 2978 Isa.
432 2921 485 2977 liii.
499 2919 545 2989 Il,
557 2921 609 2977 ubi
621 2921 754 2980 Christus
762 2922 872 2980 dicitnr
879 2921 1088 3002 justificaturus
1099 2919 1203 2977 multos
1212 2923 1366 2998 cognitione

158 2999 203 3055 sai
213 3021 223 3069 ;
238 2999 435 3056 Manifestum
449 3006 493 3056 est
507 3001 605 3055 notari
620 3017 740 3059 oausam
754 3000 945 3074 meritoriam,
960 3009 990 3060 et
1010 2999 1267 3057 instrumentalem
1281 3003 1366 3059 abso-

158 3076 284 3132 lutionis
297 3085 404 3134 nostrae
419 3095 518 3134 eoram
533 3077 607 3147 Deo,
623 3078 765 3136 nimirum
781 3079 942 3152 Christum,
964 3085 993 3137 et
1014 3079 1079 3154 ejus
1098 3077 1298 3150 cognitionem
1313 3099 1366 3137 seu

158 3155 257 3212 fidem.
300 3153 359 3211 Hic
372 3155 450 3211 enim
459 3155 590 3228 cognitio
601 3155 710 3214 Christi
724 3176 785 3214 non
795 3158 883 3216 debet
893 3160 970 3216 sumi
981 3156 1136 3232 subjective,
1148 3157 1185 3212 de
1196 3157 1365 3229 cognitione

159 3251 221 3310 qua
232 3233 293 3305 ipse
308 3231 361 3288 scit
374 3233 446 3306 quid
461 3232 537 3290 inter
552 3252 581 3290 se
590 3241 621 3290 et
635 3233 755 3293 Patrem
769 3246 949 3295 conventum
963 3235 1062 3304 fuerit,
1078 3254 1144 3308 quae
1159 3235 1234 3290 nihil
1245 3235 1317 3292 facit
1327 3239 1366 3294 ad

160 3317 292 3368 nostram
302 3309 554 3382 justificationem.
596 3311 656 3370 Sed
670 3315 801 3390 objectiva
814 3317 852 3372 de
866 3335 910 3386 ea,
925 3334 986 3390 qua
1006 3313 1226 3388 cognoscitura
1246 3315 1307 3371 suis
1327 3317 1367 3373 ad

159 3390 296 3457 salutem,
311 3406 378 3462 quae
393 3388 468 3445 nihil
481 3389 565 3446 aliud
579 3396 624 3446 est
636 3410 727 3464 quarn
747 3393 828 3463 fides
844 3395 892 3450 cui
906 3393 1015 3469 passim
1031 3390 1205 3466 justificatio
1227 3393 1367 3450 adscribi·

158 3475 218 3525 tur.
271 3465 337 3522 Nec
358 3467 450 3524 alium
472 3485 591 3524 sensum
605 3471 800 3542 quaerendum
822 3489 885 3530 esse
906 3473 997 3529 verba
1017 3471 1171 3544 sequentia
1195 3474 1366 3544 ostendunt,

159 3547 281 3621 quando
291 3544 413 3601 additur
422 3555 447 3603 et
458 3547 620 3621 iniquitates
631 3567 729 3604 eornm
735 3551 875 3624 portabit,
885 3558 920 3606 ut
931 3557 1054 3606 notetur
1065 3548 1235 3608 Satisfactio
1248 3550 1366 3623 Christi,

158 3643 249 3698 quam
263 3625 336 3680 fides
350 3625 489 3698 amplecti
502 3625 599 3695 debet,
616 3633 649 3682 ut
659 3627 864 3701 justificemur.

199 3703 257 3758 XI.
279 3701 351 3758 Non
366 3703 461 3775 magis
482 3710 569 3774 urget
590 3704 673 3761 loeus
698 3705 841 3776 Danielis,
864 3706 913 3762 xii.
937 3707 963 3762 3.
1007 3706 1097 3777 Quia,
1112 3715 1147 3764 ut
1156 3707 1221 3781 jam
1244 3709 1366 3778 dictum,

155 3779 329 3851 justificatio
344 3779 490 3837 Ministris
509 3779 668 3854 Evangelii
681 3781 832 3854 tribuitur,
847 3793 883 3840 ιιι
896 3783 968 3842 alibi
990 3786 1070 3841 salus
1092 3785 1235 3852 fidelium,
1259 3787 1273 3840 l
1290 3785 1365 3842 Ilm.

160 3857 199 3912 iv.
216 3855 262 3923 16,
278 3855 294 3911 1
312 3855 377 3913 Cor.
390 3855 428 3912 ix.
444 3859 490 3914 22.
512 3858 543 3915 N
546 3877 584 3915 on
599 3859 703 3934 utique
717 3879 770 3934 per
782 3861 944 3919 habitualis
954 3862 1079 3935 justitiae
1094 3861 1284 3931 infusionem,
1299 3879 1366 3933 quas

160 3933 230 4006 ipsis
245 3950 306 3989 non
320 3935 477 4005 competit;
500 3934 558 3993 Sed
572 3955 624 4010 per
645 3938 779 3995 fidelium
792 3939 1020 4006 institutionem,
1043 3956 1095 4011 per
1108 3955 1209 4010 quam,
1225 3943 1259 3993 ut
1273 3938 1367 4010 aperi-

161 4021 217 4068 unt
232 4009 311 4065 viam
325 4009 437 4080 salutis,
461 4011 511 4068 lta
523 4015 631 4072 docent
644 4017 777 4085 modum,
788 4036 849 4091 quo
860 4023 1026 4091 peccatores
1046 4013 1289 4086 justificationem
1300 4034 1367 4089 pos·

161 4095 232 4144 sunt
245 4086 385 4162 eorrsequi
400 4088 430 4144 in
443 4088 560 4146 Christo
573 4095 736 4164 perfidem.
760 4094 850 4152 Unde
866 4093 905 4151 V.
923 4091 961 4148 V.
977 4109 1036 4146 uon
1052 4091 1150 4147 reddit
1165 4092 1366 4171 justificantes,

160 4169 210 4224 sed
227 4165 389 4224 erudientes
403 4168 444 4224 ad
451 4167 605 4242 justitium.

202 4244 280 4302 XII.
304 4245 403 4302 Locus
418 4246 513 4320 Apoc.
528 4246 598 4305 xxii.
616 4247 661 4319 11,
677 4251 832 4326 quijnstas
847 4247 1070 4325 estjnstificetur
1081 4247 1177 4303 adfine
1186 4272 1198 4321 ,·
1213 4266 1273 4306 non
1286 4250 1367 4307 favet

162 4323 368 4392 Ailversariis;
392 4331 425 4381 ιιι
441 4325 566 4398 justitiis
581 4326 770 4396 infusionem,
784 4327 832 4384 vel
854 4326 1070 4384 incrementum
1091 4334 1182 4384 notet.
1226 4328 1307 4395 Quia
1327 4329 1367 4385 sie

159 4410 235 4458 esset
245 4412 389 4471 semma
400 4423 468 4460 cum
479 4404 577 4462 verbis
592 4407 793 4480 sequentibus,
805 4406 854 4481 qui
875 4415 991 4464 sanotae
1011 4417 1051 4464 est
1064 4406 1254 4484 sanctificetur
1265 4407 1367 4476 adferte,

161 4498 214 4536 nec
228 4483 309 4538 enim
322 4483 377 4540 illa
386 4481 560 4554 justificatio
572 4483 706 4541 differret
720 4502 738 4542 a
752 4485 989 4542 sanctificatione.
1019 4485 1078 4544 Sed
1089 4485 1199 4562 optime
1213 4487 1250 4542 ad
1260 4485 1370 4558 justifi-

161 4559 286 4616 cationis
310 4561 540 4634 applicationem
557 4567 587 4617 et
602 4579 722 4620 sensum
735 4563 881 4635 refertur;
905 4563 1050 4631 Quamvis
1070 4565 1149 4622 enim
1163 4583 1182 4620 a
1204 4571 1288 4638 parte
1313 4567 1370 4624 Dei

157 4635 333 4707 justificatio
347 4655 407 4694 non
423 4638 475 4692 fiat
489 4639 659 4708 successive,
675 4646 774 4698 tamen
789 4660 807 4699 a
820 4650 904 4718 parte
915 4643 1017 4714 nostri,
1033 4645 1121 4701 variis
1134 4633 1303 4717 iteratisque
1325 4668 1372 4707 sc-
