3192 5206
249 374 307 431 278
665 389 756 431 nocua
771 389 901 430 uncinus
915 387 1050 430 ruamus.
1268 368 1394 451 [auser.
1411 387 1456 430 vr.

248 530 409 608 prasentia
418 549 478 589 suae
488 529 654 589 hominibus
665 529 742 606 dato,
754 539 785 590 ut
799 531 829 588 in
843 530 915 590 rubo
925 529 1046 606 ardenti,
1062 529 1157 590 Exod.
1173 529 1213 588 iii.
1227 530 1277 588 vel
1290 531 1320 588 in
1335 529 1412 590 nube
1428 539 1459 589 et

250 611 382 687 caligine,
398 619 430 670 ut
447 613 461 668 l
479 611 553 687 Reg.
568 611 629 669 viii.
647 612 693 686 10,
711 614 756 686 ll,
772 631 826 670 nec
847 620 994 688 assumpta
1014 618 1126 670 tantum
1147 610 1315 688 adtempus
1329 611 1460 669 humana

249 691 349 764 forma,
370 699 403 750 ut
422 691 497 749 Gen.
523 690 606 749 xviii.
628 691 675 748 vel
699 711 751 768 per
770 691 866 750 inania
883 691 1011 766 φιίπμτι
1030 709 1088 766 qno
1107 689 1194 748 modo
1205 690 1255 748 Dii
1274 690 1340 748 falsi
1365 711 1396 749 se
1411 711 1458 748 as-

249 771 407 848 pectabiles
421 770 580 830 reddebant
594 771 772 830 indmntesse
783 773 953 847 corporibus,
965 781 999 830 ut
1023 771 1063 829 ait
1079 770 1198 828 Servius
1212 771 1248 828 ad
1269 770 1389 829 AEneid.
1406 770 1459 831 vii.

247 851 345 918 invasis
356 848 530 914 'animantius
544 852 576 914 tn
590 851 724 928 tripolitan
738 860 770 910 ut
785 851 903 910 Heliod.
917 851 1063 928 loquitur;
1089 849 1147 909 Sed
1160 850 1189 910 in
1200 872 1286 909 carae
1300 849 1339 909 id.
1355 851 1386 908 in
1400 869 1453 908 na·

251 941 316 990 tura
330 933 457 990 humana
478 933 593 990 mortali
612 940 641 989 et
656 933 769 990 misera.
812 932 879 989 Non
899 931 970 990 dicit
983 930 1152 1007 simpliciter
1165 931 1347 990 divinitatem
1362 931 1393 988 in
1408 929 1460 989 ab·

249 1020 365 1088 stracto,
388 1012 440 1071 sed
459 1014 514 1070 θιὶι
527 1012 557 1069 in
572 1020 714 1086 concreto,
735 1011 871 1070 nimirum
891 1031 1043 1089 personam
1058 1011 1141 1082 Λέγω
1154 1011 1366 1070 manifestatam
1382 1031 1457 1087 esse,

249 1091 318 1169 quia
332 1093 497 1151 Incamatio
511 1111 569 1151 non
584 1099 628 1150 est
638 1101 747 1150 naturae
762 1091 869 1150 divina
884 1091 1024 1167 absolute,
1037 1092 1089 1150 sed
1099 1111 1238 1168 personas.

401 1232 406 1244 ,
553 1172 643 1230 XVI.
665 1171 783 1246 Quarto,
800 1171 847 1229 Ex
861 1172 942 1246 locis,
958 1172 1008 1230 ubi
1022 1171 1087 1231 duae
1097 1180 1207 1230 naturae
1222 1171 1252 1229 in
1267 1171 1375 1230 Christi
1388 1171 1458 1230 Per·

248 1231 271 1275 4.
277 1229 313 1276 Ε*
320 1230 390 1276 Rom.
399 1245 415 1275 ¹·
421 1230 442 1276 ³·
451 1233 490 1276 Μ·
511 1251 663 1310 sonaelare
674 1260 880 1330 proponuntur,
894 1251 978 1310 Rom.
988 1251 1007 1310 i.
1019 1254 1046 1324 3,
1059 1255 1086 1326 4,
1101 1253 1233 1310 “Factus
1244 1261 1288 1310 est
1300 1251 1460 1310 exsemine

250 1329 375 1389 Davidis
396 1331 554 1390 secundum
574 1351 697 1406 carnem,
713 1340 742 1390 et
756 1331 918 1390 declaratus
933 1331 1026 1390 Filius
1041 1331 1097 1389 Dei
1111 1332 1141 1389 in
1155 1331 1284 1409 potentia
1298 1330 1460 1390 secundum

252 1409 391 1487 Spiritum
413 1411 676 1486 sanctificationis,”
692 1411 825 1470 limitatio
847 1411 1005 1471 secundum
1024 1431 1140 1470 carnem
1160 1420 1189 1470 et
1205 1412 1343 1489 Spiritum
1362 1410 1461 1470 innuit

249 1487 322 1549 duas
337 1491 401 1568 ejus
420 1499 546 1566 naturas,
562 1491 681 1550 alteram
693 1490 852 1550 seeundum
871 1511 958 1568 quam
976 1492 1070 1551 factus
1089 1501 1133 1551 est
1152 1512 1190 1550 ex
1209 1492 1316 1550 semine
1333 1491 1461 1550 Davidis

249 1569 385 1629 nimirum
398 1571 563 1646 humanam,
578 1572 697 1630 alteram
715 1571 843 1629 divinam
866 1571 1024 1630 secundum
1050 1572 1189 1648 Spiritum
1211 1571 1458 1647 sanctificationis,

248 1669 301 1728 per
321 1670 408 1728 quern
426 1650 589 1710 declaratus
608 1660 652 1710 est
667 1651 760 1710 Filius
775 1651 832 1709 Dei
845 1671 897 1728 per
910 1652 1156 1727 resurrectionem,
1172 1651 1368 1710 indubitatum
1384 1651 1459 1710 divi·

249 1731 349 1789 nitatis
363 1731 427 1807 ejus
441 1740 652 1808 argumentum.
695 1731 756 1790 Nec
778 1731 802 1789 si
816 1757 845 1789 το
857 1735 1007 1790 secandam
1021 1752 1134 1790 carnem
1149 1731 1219 1789 alibi
1233 1730 1356 1790 sumitur
1371 1751 1461 1790 sensu

249 1811 336 1888 paulo
361 1810 486 1886 diverso,
503 1811 551 1870 vel
570 1831 621 1889 pro
651 1813 841 1888 corruptione,
857 1819 890 1870 ut
906 1813 1051 1870 ambulare
1064 1814 1215 1870 secumdam
1234 1831 1347 1870 camum
1372 1813 1459 1871 Rom.

249 1891 310 1949 viii.
326 1893 352 1966 1,
372 1891 421 1948 vel
442 1911 494 1968 pro
516 1900 635 1951 externa
656 1892 760 1969 speeie,
783 1911 848 1969 quae
868 1892 898 1950 in
913 1911 1015 1950 sensus
1035 1891 1163 1966 incm‘rit,
1175 1899 1208 1951 ut
1213 1893 1349 1967 judicare
1362 1913 1461 1952 secan·

250 1974 317 2029 dam
336 1991 450 2028 carnem
471 1972 540 2030 Joh.
563 1972 623 2030 viii.
651 1974 698 2046 15,
721 1971 851 2048 sequitur
868 1971 916 2029 hic
941 1991 999 2030 non
1016 1991 1100 2048 posse
1122 1970 1285 2048 significare
1311 1971 1461 2032 Christum

250 2050 346 2126 quoad
366 2059 497 2109 naturam
512 2051 667 2109 humanam
683 2073 690 2126 3
720 2051 792 2108 Cum
807 2060 837 2110 et
853 2050 957 2109 Samen
973 2052 1104 2126 Davidis,
1120 2060 1149 2110 et
1163 2050 1315 2110 antithesis
1331 2051 1461 2129 Spiritus

249 2131 304 2188 hoc
324 2130 486 2188 necessario
507 2131 641 2206 postulet.
685 2131 746 2188 Nee
767 2130 792 2189 si
813 2130 890 2188 idem
911 2130 997 2189 homo
1017 2139 1112 2209 potest
1126 2130 1184 2190 dici
1198 2139 1283 2190 natus
1298 2132 1462 2190 secundum

251 2228 377 2283 earnem,
392 2217 422 2268 et
443 2209 601 2268 seeundum
623 2210 763 2286 spiritum,
787 2219 820 2268 ut
841 2210 877 2269 de
899 2210 1000 2269 Isaaeo
1022 2212 1128 2270 dicitur
1150 2209 1216 2270 Gal.
1231 2211 1271 2269 iv.
1288 2213 1337 2284 29,
1361 2212 1462 2270 Conti-

249 2308 308 2346 nuo
329 2289 430 2364 negari
450 2289 537 2346 debet
558 2288 628 2346 alibi
642 2289 786 2366 duplicem
801 2299 932 2349 naturam
944 2291 1098 2368 designari.
1122 2289 1214 2348 Aliud
1228 2299 1272 2350 est
1285 2291 1462 2350 limitatione

250 2367 357 2444 apponi
367 2369 462 2442 acenti
474 2371 571 2442 quoad
579 2371 692 2426 modum
703 2371 900 2444 pancrationia,
916 2389 974 2446 quo
989 2390 1075 2430 sensu
1089 2373 1207 2429 Isaacsss
1222 2370 1328 2429 dicitur
1342 2372 1463 2447 genitus

249 2449 401 2506 secandam
419 2447 564 2522 Spiritum,
579 2447 649 2506 licet
669 2449 784 2524 genitus
800 2448 837 2506 sit
852 2448 1009 2508 secundum
1024 2471 1147 2526 carnem,
1164 2451 1276 2527 quievi
1292 2452 1462 2527 promissio-

250 2527 296 2585 nis
310 2526 443 2604 specialis
457 2526 552 2585 editus
568 2535 612 2586 est
625 2526 711 2586 modo
723 2529 941 2604 supematurali‚
954 2529 1046 2588 Aliud
1060 2539 1104 2590 est
1115 2531 1220 2609 apponi
1228 2531 1354 2607 sabjecta,
1365 2535 1466 2608 quoad

250 2615 372 2666 naturas
387 2627 424 2664 ex
439 2606 544 2683 quibus
556 2607 749 2678 constituitur,
765 2615 797 2665 ut
810 2608 941 2666 hocloco
955 2609 996 2668 fit.

291 2686 399 2744 XVII.
422 2686 532 2744 Eadem
546 2686 679 2745 limitatio
694 2687 847 2764 apponitur
862 2687 946 2746 Rom.
961 2689 1002 2746 ix.
1018 2691 1045 2763 5,
1057 2709 1146 2766 quum
1158 2689 1273 2755 dicitur,
1290 2693 1308 2723 “
1324 2689 1461 2750 Christus

250 2767 409 2828 seeundum
429 2785 543 2825 carnem
558 2787 576 2824 a
590 2766 733 2841 Patribus,
751 2768 830 2826 Deus
845 2767 1014 2827 benedictus
1027 2769 1057 2826 in
1072 2769 1197 2844 socula,”
1224 2769 1274 2828 ubi
1288 2779 1394 2829 natura
1408 2771 1462 2830 hu·

250 2868 336 2906 mana
349 2847 519 2924 designatur
533 2846 689 2906 secundum
705 2867 792 2924 quam
807 2847 944 2906 oriundus
956 2849 993 2906 sit
1007 2869 1024 2906 a
1040 2847 1183 2923 Patribus,
1199 2857 1228 2907 et
1242 2849 1343 2907 divina
1357 2870 1461 2910 secun·

250 2928 320 2988 dum
334 2947 421 3004 quam
437 2927 475 2986 sit
490 2927 570 2985 Deus
584 2925 753 2986 benedictus
773 2927 803 2984 in
826 2928 931 2986 secula.
958 2929 1014 3002 Sic,
1030 2930 1044 2985 l
1063 2929 1126 2986 Pet.
1142 2929 1182 2987 iii.
1200 2931 1246 3004 18,
1262 2929 1370 2989 dicitur
1384 2951 1461 2990 mor·

253 3009 372 3086 tificatas
386 3027 481 3082 carae,
496 3007 536 3064 id.
556 3026 658 3084 passus
672 3007 702 3064 in
717 3015 820 3066 natura
838 3008 971 3083 humana,
987 3007 1038 3066 sed
1052 3008 1203 3086 aim'ficataa
1217 3009 1336 3084 Spiritu,
1358 3009 1399 3070 id.
1412 3031 1464 3088 per

251 3087 433 3146 divinitatem
449 3088 612 3162 suscitatus,
627 3106 680 3163 per
695 3087 833 3164 Spiritum
849 3088 929 3146 illum
940 3095 1086 3162 aternum,
1101 3107 1253 3165 perquem
1268 3109 1298 3147 se
1314 3090 1464 3149 obtulerat

252 3168 325 3240 Deo,
339 3167 415 3226 ch.
429 3168 469 3225 ix.
483 3171 529 3225 14.
548 3167 595 3226 Sic
605 3166 673 3225 Act.
685 3187 736 3224 xx.
749 3169 796 3240 28,
812 3169 892 3225 Dens
906 3167 1011 3226 dieitur
1025 3169 1200 3243 acquisivisse
1210 3171 1369 3228 Ecclesiam
1380 3191 1465 3228 mam

250 3247 385 3322 sanquine
403 3267 462 3320 aaa,
485 3246 535 3304 ubi
549 3263 609 3304 vox
623 3245 682 3304 tiata
698 3247 816 3322 proprii
828 3247 954 3306 ostendit
968 3255 1097 3306 naturam
1112 3268 1177 3325 qua
1191 3268 1277 3326 passa
1291 3258 1344 3322 est,
1360 3269 1467 3310 revera

251 3327 394 3402 pertinere
408 3325 446 3382 sd
461 3344 611 3401 personam
633 3325 712 3382 illam
735 3325 873 3400 divinam,
890 3345 954 3402 quae
969 3327 1074 3385 dieitur
1083 3328 1271 3404 acquisivisse
1287 3329 1465 3389 Ecclesiam.

293 3403 419 3460 XVIII.
442 3404 524 3460 Licet
538 3410 640 3461 natura
653 3404 779 3462 humana
800 3405 915 3478 Christi,
931 3407 969 3464 sit
983 3407 1144 3465 substantia
1167 3409 1260 3484 prima
1284 3407 1464 3487 intelligens,

252 3489 282 3540 et
295 3480 422 3558 perfecta
435 3482 466 3539 in
480 3501 543 3540 esse
559 3482 744 3556 substantia;
767 3502 825 3540 non
849 3485 945 3542 statim
968 3493 1011 3543 est
1037 3486 1180 3562 Persona;
1202 3487 1271 3564 quia
1293 3490 1467 3549 nonhabet

252 3561 581 3634 incommunicationem‚
607 3570 636 3618 et
656 3561 800 3638 propriam
823 3562 1053 3624 subsistentiam:
1077 3566 1119 3625 Ut
1142 3567 1239 3626 anima
1261 3577 1397 3646 separata
1420 3579 1466 3629 est

253 3639 415 3698 substantia
429 3639 584 3716 singularis
598 3640 773 3716 intelligens,
788 3661 846 3700 non
861 3651 958 3700 tamen
969 3664 1098 3720 persona,
1115 3646 1183 3721 quia
1194 3656 1238 3706 est
1252 3647 1315 3707 Ens
1329 3650 1464 3725 partiale,

252 3718 467 3795 incompletum,
483 3719 561 3796 quod
575 3739 634 3778 uon
649 3719 788 3796 subsistit,
805 3721 856 3779 sed
870 3722 953 3782 alteri
964 3723 1050 3782 debet
1064 3724 1193 3803 adjungi.
1236 3727 1372 3786 Canentis
1394 3749 1466 3788 vero

252 3798 375 3876 propria
400 3799 612 3876 personalitatis
636 3799 752 3858 veritati
774 3809 804 3859 et
827 3801 995 3877 perfectioni
1009 3805 1141 3862 humanae
1156 3814 1265 3864 naturae
1282 3807 1392 3868 Christi
1407 3829 1466 3869 non
1578 3797 1579 3828 ³

252 3879 382 3956 derogat.
425 3878 500 3952 Quia
513 3879 664 3939 veritatem
678 3889 787 3938 naturae
801 3881 934 3940 humanae
949 3903 986 3940 ex
1000 3884 1128 3957 materia,
1143 3885 1243 3960 forma,
1260 3894 1289 3944 et
1303 3889 1465 3964 proprieta-

253 3958 331 4019 tibus
340 3958 550 4033 essentialibus,
562 3978 620 4018 non
631 3980 669 4018 ex
679 3961 882 4037 personalitate
891 3961 1033 4020 metimur.
1057 3963 1142 4022 Unde
1154 3964 1211 4022 alia
1221 3975 1265 4025 est
1274 3974 1396 4042 naturas,
1410 3969 1468 4026 alia

253 4037 446 4098 subsistentiae
456 4037 593 4098 definitio.
616 4039 729 4098 Deinde
741 4039 937 4117 personalitas,
945 4061 999 4099 nec
1008 4051 1052 4100 est
1060 4061 1126 4118 pars
1136 4043 1294 4122 integralis,
1302 4066 1357 4105 nec
1366 4067 1465 4107 essen-

251 4117 329 4176 tialis
340 4127 458 4194 naturae,
469 4118 521 4176 sed
531 4120 615 4194 quasi
628 4119 775 4194 tenninus,
786 4139 871 4196 quem
882 4120 951 4196 quia
961 4121 991 4178 in
1002 4121 1189 4181 subsistentia
1199 4123 1327 4184 increata
1336 4129 1465 4202 sortitur,

251 4215 287 4256 eo
302 4197 364 4272 ipso
379 4197 465 4273 longe
477 4197 629 4274 perfectior
642 4206 695 4273 est,
710 4219 796 4275 quarn
808 4199 832 4257 si
843 4219 860 4256 a
870 4199 968 4258 Verbo
983 4209 1114 4277 separata
1127 4221 1179 4278 per
1190 4223 1220 4262 se
1233 4205 1416 4266 subsisteret.
1577 4237 1578 4260 1

295 4275 390 4334 XIX.
414 4276 508 4335 Filius
523 4277 579 4336 Dei
600 4297 656 4335 non
671 4278 827 4355 assumpsit
840 4279 984 4336 hominem
998 4281 1207 4355 suppositaliter
1220 4283 1262 4341 ita
1276 4284 1398 4362 dictum,
1415 4285 1466 4346 sed
1577 4279 1578 4291 ³

254 4363 388 4414 naturam
402 4356 561 4430 humanam,
577 4355 616 4414 id.
627 4357 773 4415 hominem
783 4358 905 4436 specifice
919 4357 961 4416 sie
975 4358 1093 4418 dictum.
1130 4361 1169 4419 Et
1179 4363 1294 4438 qnotIes
1304 4365 1403 4441 honio,
1419 4365 1467 4425 vel

256 4434 349 4492 Filius
370 4435 494 4492 hominis
509 4434 615 4493 dicitur
628 4435 759 4494 Christus
780 4438 810 4493 in
833 4437 987 4515 Scriptura,
1000 4459 1105 4497 nomen
1119 4449 1164 4500 est
1177 4461 1236 4500 non
1261 4443 1392 4522 Naturae,
1416 4444 1466 4504 scd

256 4512 391 4570 Persona
405 4513 442 4571 ab
457 4513 547 4572 altera
560 4523 663 4572 natura
677 4514 877 4574 denominatas.

297 4591 374 4649 XX.
397 4594 476 4650 Deua
490 4600 519 4650 et
533 4595 635 4668 Homo,
651 4593 699 4650 vel
714 4601 879 4669 spectantur
889 4596 919 4652 in
933 4597 1081 4672 detracto,
1096 4599 1134 4656 ad
1148 4598 1344 4662 denotandam
1359 4603 1466 4664 divini·
1576 4607 1577 4620 ¹

255 4675 353 4742 tatem,
370 4678 399 4728 at
409 4671 616 4730 humanitatem
626 4672 673 4730 vel
688 4671 717 4729 in
731 4683 857 4732 concreto
868 4673 905 4732 ad
913 4673 1120 4752 designandam
1131 4697 1292 4757 personam,
1308 4701 1375 4759 quas
1386 4683 1466 4742 Deus
