3150 5206
268 359 324 418 186
729 371 820 414 secus
834 372 1033 415 nuenaeruus.
1287 353 1410 436 [neser.
1425 375 1465 414 vr.

266 514 340 573 nihil
354 532 479 590 unquam
494 512 657 607 technae>
671 520 701 572 et
714 511 828 607 suadere·
884 513 931 573 tias
945 512 1162 590 mundiverunt3
1185 513 1365 588 “Quomodo
1375 521 1468 574 autom

265 593 523 751 pppipcpppptoppunp
536 611 666 730 elpopufprip
673 593 942 732 panprlpldrxerlupt,
955 601 984 653 et
996 593 1141 671 quomodo
1155 593 1273 654 credent
1285 595 1317 652 in
1330 614 1404 670 eum,
1419 613 1468 671 qur

307 752 385 810 Xll.
408 752 529 811 Frustra
552 751 697 828 excipitur
718 751 756 810 ed
779 751 885 811 Psalm.
909 750 1009 810 cxlvii.
1032 753 1078 827 19,
1097 751 1468 828 20,Verbcinte11igends

265 849 338 908 esse,
352 831 555 924 neccessitate,
572 830 655 906 quasi
670 831 781 890 Gentes
795 831 874 924 omni
886 831 1063 891 revelatione
1075 832 1131 924 Dei
1143 832 1265 910 privatae
1275 831 1389 904 fuerint,
1402 850 1467 888 cum

265 931 335 1066 iii
345 909 818 1066 ttttttttt‘tttttt
830 910 1205 1065 attestatis
1219 911 1465 1050 {iiim}

267 1069 357 1128 thesis
371 1069 409 1128 sit
422 1069 518 1145 potius
532 1074 664 1145 respectu
678 1069 762 1142 modi,
777 1088 863 1145 quam
878 1070 940 1142 rei;
960 1069 1019 1128 Vel
1032 1069 1101 1146 quia
1114 1069 1226 1129 Judseis
1241 1069 1310 1128 data
1324 1079 1368 1128 est
1385 1087 1466 1128 rere·

265 1148 345 1222 latio,
361 1167 426 1224 quae
439 1147 500 1205 vim
517 1147 640 1224 Spiritus
655 1148 789 1206 comitam
802 1148 912 1224 habuit,
928 1168 993 1225 quae
1005 1148 1149 1208 Gentibus
1160 1157 1204 1208 est
1217 1148 1370 1225 denegata
1392 1149 1466 1206 Nam

268 1231 294 1286 l.
309 1227 516 1304 qualiscunque
532 1227 569 1286 sit
582 1227 721 1286 revelatio
734 1235 853 1303 natura,
875 1247 933 1286 non
947 1227 1039 1305 gradu
1053 1235 1174 1304 tantum,
1196 1227 1247 1286 sed
1262 1229 1357 1305 speeie
1372 1227 1469 1286 differt

266 1327 284 1364 a
297 1307 473 1366 revelatione
488 1307 587 1381 Verbi,
603 1315 703 1383 utpote
716 1325 782 1383 quae
795 1306 876 1368 ducit
890 1307 926 1365 ed
941 1307 1113 1383 Creatorem,
1132 1308 1184 1366 sed
1197 1326 1256 1366 non
1270 1307 1308 1366 ad
1322 1307 1468 1384 Redeam-

266 1393 366 1461 torsm‚
382 1395 411 1445 et
424 1393 547 1445 testamur
560 1386 596 1444 de
610 1385 773 1462 existentia,
788 1387 925 1464 potentie,
948 1386 1097 1465 sapientia,
1120 1395 1149 1446 et
1162 1385 1352 1464 providentia,
1368 1407 1402 1445 ec
1416 1386 1466 1445 be·

267 1465 420 1525 neficentia
434 1465 490 1524 Dei
504 1464 581 1523 eirca
594 1469 628 1524 ni
641 1467 751 1532 samad
759 1487 766 1541 ;
789 1465 840 1524 sed
854 1485 912 1523 non
927 1465 962 1524 de
983 1466 1077 1543 gratia
1091 1466 1218 1542 salutari,
1240 1473 1271 1524 et
1286 1466 1467 1543 heneplacito

268 1545 323 1604 Dsi
337 1545 368 1602 in
382 1545 506 1621 Christe,
521 1545 599 1621 quod
614 1553 658 1604 est
671 1545 840 1622 mysterium
855 1545 987 1604 omnibus
1001 1553 1078 1604 rotro
1092 1546 1225 1605 aetatibus
1245 1545 1447 1604 absconditum
1460 1568 1467 1620 ς

268 1628 296 1682 2.
318 1624 408 1700 gratis
422 1623 730 1701 supponitur-conferri
743 1623 949 1684 revelationem
962 1643 1027 1701 quae
1044 1625 1181 1702 Spiritum
1202 1625 1336 1684 comitem
1357 1625 1467 1700 hebuit,

266 1723 331 1763 cum
346 1723 382 1764 ea
394 1723 459 1781 qnae
479 1704 531 1763 illo
551 1704 663 1764 caruit:
685 1703 760 1778 Quia
780 1704 876 1780 agitur
893 1703 929 1762 de
951 1712 1071 1763 externa
1090 1706 1265 1764 revelatione
1288 1705 1467 1764 statutorum

268 1783 324 1841 Dei
338 1783 413 1842 facta
428 1783 539 1856 Israeli,
555 1791 584 1842 et
597 1790 704 1861 negata
718 1783 849 1843 absolute
863 1783 928 1842 aliis
942 1783 1085 1861 gentibus,
1101 1793 1134 1842 ut
1145 1783 1298 1842 discrimen
1312 1803 1371 1842 non
1385 1783 1422 1842 sit
1437 1785 1467 1840 in

265 1862 484 1956 negationevel
498 1861 652 1921 collatione
674 1862 798 1956 Spiritus
813 1863 933 1956 interni,
955 1862 1007 1922 sed
1027 1862 1058 1920 in
1079 1862 1231 1922 collatione
1245 1864 1293 1922 vel
1313 1862 1467 1938 negatione

265 1941 450 2000 revelationis
464 1949 599 2034 externae,
615 1951 645 2001 et
658 1951 758 2034 gabae
773 1942 933 2019 obJsctrvae.
992 2021 1010 2036 ..
1167 2021 1173 2036 1
1313 2019 1342 2034 ..

307 2020 403 2078 XIII.
425 2020 492 2079 Non
506 2020 627 2080 solidius
640 2020 746 2081 drettur
760 2021 890 2096 Paulum,
904 2021 979 2098 Eph.
991 2043 1020 2080 n.
1034 2024 1080 2096 12,
1094 2021 1175 2098 loqm
1185 2020 1221 2079 de
1233 2020 1399 2081 Gantshbus
1409 2039 1468 2078 non

266 2098 406 2175 absolute,
429 2100 480 2159 sed
495 2108 657 2176 comparate
676 2101 714 2158 ad
727 2100 868 2176 Judae0s;
889 2121 943 2158 nec
963 2108 1022 2159 tam
1044 2108 1173 2178 spectare
1193 2120 1252 2176 eos,
1267 2099 1368 2176 quales
1382 2101 1403 2157 ii
1415 2119 1467 2158 na-

265 2187 433 2255 tumerent,
449 2179 634 2256 uniusprimi
655 2179 717 2238 sive
730 2178 870 2238 natrrralis
884 2177 1000 2238 foederis
1014 2179 1115 2238 violati
1132 2180 1182 2254 rei,
1206 2178 1257 2238 sed
1276 2179 1378 2256 quales
1399 2189 1467 2238 sunt

263 2265 331 2333 post
348 2257 595 2335 impoenitentiam,
618 2265 789 2334 contempte
810 2257 1067 2336 indignissimeque
1080 2260 1196 2336 rejectae
1210 2258 1398 2336 benignitatis
1414 2261 1466 2317 rei.

265 2335 339 2411 Quia
353 2337 459 2396 clarum
476 2345 520 2396 est
534 2357 651 2414 scopum
667 2337 803 2414 Apostoli
821 2357 880 2395 non
900 2357 963 2397 esse
978 2339 1107 2396 conferre
1123 2355 1174 2397 eos
1188 2357 1253 2397 cum
1268 2337 1391 2412 Judaeis,
1414 2339 1467 2396 sed

264 2415 424 2494 exprimere
445 2424 556 2476 tantum
571 2417 671 2492 quales
692 2424 789 2475 essent
809 2416 940 2476 absolute
954 2425 983 2476 et
997 2417 1027 2475 in
1041 2437 1073 2476 se
1086 2417 1259 2476 considerati
1277 2425 1344 2475 ante
1358 2435 1465 2494 praeco·

262 2495 343 2554 nium
358 2496 532 2573 Evangelii3
555 2495 635 2569 alias,
651 2503 814 2572 comparate
828 2496 915 2555 etiam
931 2496 1151 2574 intelligendum
1166 2504 1250 2570 asset,
1267 2496 1345 2573 quod
1359 2495 1466 2554 dicitur

263 2575 345 2634 initio
366 2576 477 2653 capitis,
499 2593 550 2633 cos
570 2583 698 2633 mortuos
719 2593 782 2634 esse
803 2575 988 2652 inpeccatis,
1011 2576 1088 2653 quod
1108 2595 1193 2634 nemo
1208 2576 1323 2634 dixerit.
1366 2573 1466 2634 Gratis

262 2655 349 2713 etiam
364 2655 534 2732 supponitur
547 2662 613 2712 ante
628 2653 758 2712 auditum
773 2655 975 2732 Evangelinm,
991 2655 1110 2714 alterius
1123 2655 1240 2714 foederis
1253 2653 1364 2729 violati,
1377 2673 1464 2731 qnam

262 2734 404 2872 ἰατιιτειίἰὲ
408 2740 525 2816 reatum
540 2733 728 2871 poptrpxisse
743 2735 813 2811 quia
826 2743 968 2812 quotquot
981 2753 1040 2792 non
1061 2743 1128 2794 sunt
1142 2734 1197 2794 sub
1210 2735 1312 2812 gratia,
1328 2742 1396 2794 sunt
1409 2734 1464 2794 sub

288 2833 439 2872 eeaeo
461 2832 545 2871 uesu
590 2831 617 2870 oe
639 2832 717 2871 ereo
739 2833 827 2874 erum.

302 2834 393 2954 ξύν.
415 2833 476 2951 Nbc
490 2893 576 2970 juvat
594 2892 673 2969 quod
732 2893 818 2969 ditur,
837 2893 868 2954 Si
888 2893 1081 2972 Evangelium
1100 2893 1208 2970 ubique
1227 2913 1286 2952 non
1300 2899 1345 2952 est
1357 2892 1461 2970 praedi-

262 2981 366 3050 catum,
382 2973 413 3032 id
427 2972 534 3032 factum
548 2973 728 3051 negligentia
740 2974 898 3049 hominum,
914 2974 964 3051 qui
975 2973 1127 3032 defuerunt
1141 2973 1234 3031 officio
1249 2993 1310 3046 suo,
1322 2974 1372 3031 vel
1380 2973 1461 3050 justo

161 3061 163 3069 '
262 3053 318 3112 Dei
329 3053 449 3130 judicio,
465 3054 520 3113 hoc
533 3061 618 3130 pacto
632 3053 778 3130 punientis
792 3053 1022 3114 incredulitatem
1036 3059 1196 3129 parentum,
1208 3053 1257 3128 qui
1272 3071 1307 3110 eo
1321 3071 1352 3110 se
1366 3051 1459 3128 indig-

259 3151 313 3190 nos
327 3134 395 3191 olim
410 3133 605 3208 reddiderunt,
621 3153 710 3209 quum
725 3133 783 3192 illie
798 3134 926 3193 oblatum
940 3133 1003 3192 fuit.
1045 3132 1120 3190 Nam
1130 3132 1321 3207 undecunque
1332 3130 1460 3189 desectus

259 3211 376 3286 orietur,
399 3220 508 3270 certum
530 3221 574 3271 cst
595 3213 789 3289 Evangelium
810 3212 967 3271 innumeris
988 3231 1134 3288 nunqnam
1155 3210 1342 3288 predicatum
1362 3210 1458 3282 faiam,
1555 3281 1556 3284 Ἴ

260 3289 310 3363 qui
324 3289 445 3363 proinde
458 3308 512 3348 nee
527 3289 642 3365 Christi,
658 3309 711 3350 nec
726 3290 842 3349 foederis
857 3292 956 3368 gratiae
970 3291 1059 3350 ullam
1073 3291 1235 3349 habuerunt
1245 3290 1386 3348 notitiam.
1419 3289 1460 3347 At
1555 3285 1556 3300 ¹

261 3367 286 3424 si
302 3367 381 3424 Deus
403 3367 477 3425 serio
498 3367 621 3425 intendit
642 3387 740 3426 eorum
763 3370 893 3444 salutem,
915 3369 940 3427 si
954 3369 1048 3428 foedus
1069 3369 1168 3446 gratia
1183 3369 1220 3426 ad
1234 3387 1284 3426 eos
1305 3368 1460 3426 extendere
1555 3395 1556 3398 ¹

165 3495 170 3502 .
260 3443 362 3517 voluit,
378 3463 429 3503 eur
442 3445 536 3502 noluit
549 3444 607 3502 illis
622 3446 768 3503 revelari?
788 3455 817 3504 et
831 3467 882 3504 cur
894 3445 1101 3523 negligentiam
1123 3449 1279 3521 hominum,
1295 3467 1381 3524 quam
1395 3467 1459 3524 pro-

261 3521 398 3581 culdubio
418 3521 567 3598 prandet,
589 3541 649 3580 non
669 3523 818 3582 correxit?
859 3525 971 3583 Rursus
992 3545 1080 3602 quum
1101 3527 1207 3587 dieitur
1228 3528 1322 3585 Deum
1346 3527 1460 3604 privare

259 3601 324 3659 luce
339 3601 519 3678 Evangelioa
539 3602 669 3678 populos,
692 3603 761 3679 quie
780 3621 815 3661 ea
835 3603 971 3680 indignos
990 3615 1107 3682 propter
1127 3606 1357 3665 incredulitatem
1378 3623 1460 3664 suam

259 3687 393 3758 parentes
414 3699 445 3738 se
465 3679 661 3756 reddiderunt,
683 3680 741 3740 duo
763 3691 963 3760 supponuntur
982 3705 1046 3761 quae
1067 3685 1216 3762 probanda
1244 3692 1329 3745 sunt:
1351 3685 1458 3759 Primo,

261 3759 454 3836 Evangelium
465 3759 527 3838 jem
542 3759 675 3818 omnibus
689 3762 804 3838 populis
819 3763 880 3821 sine
895 3764 1064 3841 exceptione
1079 3764 1207 3824 oblatum
1221 3765 1318 3839 filicae,
1334 3763 1414 3840 quod
1423 3765 1460 3822 de
1555 3825 1556 3842 ,

258 3840 362 3899 ineolis
376 3840 445 3899 novi
455 3837 540 3899 Orbis
549 3857 633 3898 nemo
648 3839 731 3899 facile
746 3841 869 3918 dixerit3
894 3842 1035 3920 Secundo,
1050 3844 1144 3902 Deum
1155 3845 1185 3902 in
1195 3843 1295 3902 liberis
1308 3849 1462 3920 parentum

258 3919 343 3979 istam
365 3918 594 3980 incredulitatem
608 3938 643 3977 eo
656 3921 743 3978 modo
762 3922 865 3998 punire
878 3923 963 3998 velle,
978 3922 1165 4000 quodminus
1186 3923 1299 3982 admitti
1312 3931 1410 4000 potest
1423 3924 1460 3980 ab

257 3999 302 4074 iis,
318 4001 368 4076 qui
381 4001 492 4078 pcccati
506 3998 725 4076 imputationem
738 4009 855 4078 negent.

560 4075 632 4137 XV.
654 4079 770 4154 Quinto,
793 4082 822 4139 A
839 4083 1002 4158 Ooqnitioae
1018 4082 1140 4143 Chresti:
1158 4081 1233 4157 Quia
1248 4081 1343 4142 foedus
1358 4082 1460 4158 gratiss

266 4143 288 4190 ⁵·
304 4143 328 4190 A
339 4144 483 4215 cognitione
519 4158 556 4216 ad
570 4177 620 4218 ees
634 4178 691 4217 non
705 4168 801 4236 potest
814 4162 941 4238 extendi,
953 4162 991 4220 ad
1001 4181 1074 4240 quos
1088 4181 1234 4238 nunquam
1248 4163 1381 4240 pervenit
1391 4181 1460 4238 cog·

326 4203 426 4250 ⁰¹¹⁰*st
518 4239 590 4297 nitio
602 4239 708 4298 Christi
720 4239 897 4318 Mediatoris,
914 4242 944 4300 in
954 4261 1012 4318 quo
1023 4249 1200 4300 contractum
1211 4249 1264 4316 est,
1276 4241 1378 4318 quales
1392 4250 1461 4300 ⁸1¹1st

256 4315 299 4372 illi
313 4334 421 4392 omnes,
437 4317 488 4396 qui
502 4318 601 4377 Verbo
623 4319 778 4396 Evangelii
791 4320 995 4395 destituuntur,
1010 4321 1061 4396 qui
1074 4320 1194 4397 proinde
1214 4319 1302 4378 fidem
1316 4320 1346 4378 in
1362 4321 1459 4379 Chris-

256 4401 327 4471 tum,
343 4415 408 4472 quae
423 4415 460 4455 ex
475 4397 537 4456 solo
552 4398 643 4457 Verbi
665 4397 765 4457 auditu
780 4399 947 4476 concipitur,
964 4401 1049 4458 Rom.
1064 4419 1094 4458 x.
1111 4402 1158 4476 17,
1173 4401 1279 4458 habere
1299 4409 1458 4476 nequeunt.

255 4472 316 4533 Nee
330 4477 425 4552 regeri
437 4485 541 4554 potest,
557 4477 710 4537 Neminem
723 4477 840 4555 quidem
863 4479 970 4537 servari
984 4497 1069 4555 posse
1086 4477 1147 4538 sine
1163 4479 1296 4554 Christ03
1320 4477 1380 4538 Sed
1398 4499 1459 4537 non

255 4554 352 4612 statim
365 4557 557 4615 necessariam
572 4577 635 4617 esse
650 4557 784 4616 omnibus
805 4557 842 4616 ad
863 4558 986 4617 salutem
1007 4557 1199 4635 cognitionem
1216 4558 1331 4632 Christi,
1354 4559 1459 4616 saltam

253 4630 429 4694 distinctam.
472 4635 547 4710 Quia
566 4637 629 4697 hec
643 4636 701 4697 duo
715 4639 756 4697 ita
777 4646 844 4698 sunt
858 4654 997 4712 connexa,
1019 4647 1053 4698 ut
1069 4639 1195 4716 separari
1215 4655 1273 4695 non
1287 4638 1400 4714 possint
1413 4655 1458 4695 rs·
