3186 5210
183 335 300 384 uuasr.
316 323 363 396 rc]
642 336 680 376 nu
695 335 954 379 tosrrrrcarrose.
1142 377 1145 384 ,
1347 326 1401 384 561

184 481 249 538 haec
263 497 316 556 per
330 498 365 537 ea
378 479 489 536 vivat.'’
524 479 570 537 De
585 482 687 551 altera,
701 477 820 536 Romi.
836 479 938 550 16,17,
961 486 979 514 “
991 479 1192 555 Evangelium
1206 487 1250 538 est
1264 485 1398 556 potentia

181 557 239 616 Dei
253 561 291 616 ad
307 560 437 616 salutem
450 558 532 616 omui
546 557 685 628 credenti,
698 557 770 630 quia
784 557 814 614 in
829 576 865 614 eo
879 561 1029 616 revelatur
1038 558 1160 632 justitia
1173 558 1230 616 Dei
1241 561 1279 617 de
1292 563 1350 620 lide
1364 563 1394 620 in

177 638 321 706 fidem,ut
330 636 471 711 scriptum
480 643 532 707 est,
560 635 581 693 J
584 643 669 694 ustus
676 636 735 692 fide
743 635 853 691 vivet.”
876 636 916 694 ht
924 655 987 710 cap.
998 637 1038 693 iii.
1049 638 1096 707 24,
1106 637 1151 696 “J
1154 637 1291 696 ustificati
1303 641 1396 713 gratis

97 771 98 776 ,
179 714 381 790 ipsiusgratia
395 733 447 789 per
460 713 734 790 redemptionemin
749 712 824 770 Jesu
835 713 982 772 Christo.’'
1015 716 1209 790 Deutraque,
1223 716 1300 774 Phil.
1313 719 1353 775 iii.
1366 721 1393 790 9,

101 822 105 829 ¹
178 800 197 826 ‘¹
209 793 396 852 Utinveniar
405 792 437 848 in
451 791 576 862 Christo,
586 795 707 862 habeus,
719 810 780 849 non
791 792 914 866 quidem
923 793 1073 866 justitiam
1085 813 1182 851 meam
1193 813 1228 852 ex
1240 795 1330 869 Lege,
1342 801 1393 856 sed

177 889 246 929 eam
255 890 323 948 quse
332 869 913 945 33103111ᾰο11101111311,”311101111330,
923 871 970 928 31.
997 871 1087 930 Unde
1097 874 1210 947 duplex
1217 874 1393 947 justificatio

177 949 254 1022 fluit,
269 951 329 1008 alia
343 950 465 1023 quidem
478 949 509 1005 in
525 949 647 1008 Foedere
662 949 767 1022 Legali
782 966 835 1023 per
843 948 995 1021 justitiam
1010 951 1159 1024 propriam
1170 952 1261 1025 juxta
1274 953 1392 1012 clausu·

177 1028 248 1098 lam,
264 1028 328 1085 Fac
341 1029 392 1086 hoo
405 1037 433 1086 et
446 1028 529 1098 01033,
545 1029 606 1086 alia
619 1028 735 1085 veroin
751 1026 874 1084 Foedere
890 1025 1012 1100 Gratiae,
1026 1046 1079 1102 per
1096 1029 1247 1102 justitiam
1262 1031 1391 1091 alienam

178 1105 289 1164 Christi
311 1107 398 1164 nobis
417 1107 606 1180 imputatam,
630 1113 660 1163 et
681 1107 842 1180 perfidem
866 1107 1083 1180 apprehensam
1103 1107 1194 1180 juxta
1214 1109 1390 1183 clausulam,

178 1183 274 1242 Crede
287 1197 315 1244 et
327 1185 493 1242 seruatoris.
536 1185 674 1259 Utraque
695 1183 855 1258 perfectam
869 1184 1018 1257 justitiam
1032 1186 1174 1260 postulat,
1190 1187 1242 1244 sed
1256 1186 1311 1244 illa
1324 1190 1390 1263 qui-

174 1264 245 1320 dem
258 1263 290 1320 in
301 1265 422 1322 homine
433 1263 497 1338 ipso
507 1263 702 1337 justificando
713 1280 779 1319 cum
790 1261 923 1336 requirit,
935 1261 992 1320 ista
1002 1281 1072 1320 vero
1083 1265 1096 1337 j
1101 1264 1233 1322 ustitiam
1248 1265 1389 1326 vicarium

177 1341 336 1415 Sponsoris
349 1342 489 1400 admittit.
532 1342 594 1399 Illa
606 1340 705 1417 potuit
717 1341 818 1397 locum
832 1341 940 1397 habere
960 1340 993 1398 in
1007 1348 1087 1398 statu
1107 1342 1233 1416 integro,
1248 1343 1272 1400 si
1287 1344 1389 1404 Adam

175 1419 207 1475 in
222 1419 393 1478 innocentia
406 1420 590 1495 perstitisset.
633 1420 692 1477 Sed
706 1418 779 1494 quia
791 1424 859 1491 post
879 1425 1034 1493 peccatum
1048 1418 1128 1477 facta
1141 1429 1185 1478 est
1198 1420 1388 1496 impossibilis

174 1496 300 1634 gamini,
315 1501 353 1557 ad
378 1501 512 1570 alteram,
528 1505 602 1574 puta
616 1496 840 1572 Evangelimm,
865 1496 1100 1571 confugiendum
1114 1505 1167 1569 est,
1181 1518 1249 1574 quac
1267 1500 1387 1574 justitia

201 1576 286 1634 hristi
300 1577 416 1636 nititur.

215 1653 279 1712 III.
303 1655 373 1714 Hoc
396 1657 503 1731 posito,
525 1655 598 1714 Non
622 1655 767 1731 quaeritur
790 1656 828 1711 de
852 1653 874 1711 J
877 1653 1072 1715 ustifiootione
1095 1655 1217 1730 Legali;
1243 1656 1386 1716 Fatemur

171 1731 253 1789 enim
267 1735 298 1791 iu
313 1753 349 1792 ea
361 1736 371 1810 j
376 1736 509 1793 ustitiam
523 1735 717 1793 inhaerentem
728 1751 790 1792 csse
801 1751 921 1792 oausam
932 1734 998 1809 ejus
1012 1734 1211 1802 meritoriam
1233 1753 1287 1793 neo
1300 1755 1384 1810 posse

173 1809 258 1868 illam
280 1812 337 1870 nisi
358 1833 411 1888 per
431 1814 593 1888 perfectam
616 1813 748 1870 hominis
763 1810 963 1870 obedientiam
974 1813 1110 1870 obtineri.
1152 1813 1211 1871 Sed
1227 1814 1299 1888 quia
1316 1815 1382 1889 jum

173 1886 254 1962 Lege
267 1890 385 1950 infirma
398 1891 477 1950 facta
497 1911 551 1968 per
564 1898 727 1968 peccatum,
749 1891 814 1948 haec
832 1891 1015 1964 justificandi
1035 1891 1112 1949 ratio
1133 1900 1177 1949 cst
1196 1901 1221 1946 tn
1241 1902 1284 1947 aas
1304 1903 1383 1949 11113-

171 1993 223 2032 w,
236 1968 337 2043 agitur
350 1971 388 2028 de
402 1969 591 2046 Euangeliou,
604 1989 671 2045 quae
685 1969 715 2026 in
732 1968 853 2026 Foedere
869 1969 979 2029 Gratiae
993 1970 1078 2028 nobis
1092 1971 1278 2046 proponitur,
1290 1991 1382 2048 quum

171 2045 203 2102 in
218 2045 239 2102 J
241 2047 343 2106 ustitia
356 2049 517 2108 inhaerente
530 2049 652 2107 fundari
666 2065 821 2122 negamus.

212 2123 270 2183 IV.
292 2125 325 2184 N
327 2145 366 2184 on
387 2129 540 2202 quaeritur,
555 2128 607 2185 Au
627 2126 746 2201 justitia
767 2125 914 2186 inhaerens
937 2147 991 2203 per
1013 2127 1122 2186 Christi
1142 2129 1271 2203 gratiam
1295 2132 1382 2190 nobis

169 2201 356 2277 infundatur,
371 2207 457 2281 eujus
470 2207 639 2264 interventu
654 2206 741 2263 fimus
760 2206 917 2281 participes
937 2215 1053 2266 naturae
1068 2205 1187 2278 divinae,
1203 2209 1223 2264 2
1237 2208 1300 2267 Pet.
1315 2210 1334 2267 i.
1350 2212 1378 2282 4,

167 2287 199 2338 et
212 2301 313 2341 veram
327 2303 362 2342 uo
374 2287 485 2342 realem
499 2285 686 2343 sanctitatem
700 2283 766 2341 Deo
779 2291 897 2357 gratam
910 2293 941 2342 et
955 2293 1106 2360 acceptam
1126 2286 1303 2357 obtinemus,
1319 2307 1381 2364 qua

164 2359 238 2432 justi
253 2367 283 2418 et
296 2363 390 2420 sancti
404 2363 479 2421 bene
490 2363 729 2420 denominamur.
767 2361 919 2438 Quicquid
930 2364 1009 2421 enim
1021 2363 1196 2421 Adversarii
1205 2384 1258 2440 per
1267 2367 1380 2425 calum-

169 2437 251 2494 niam
285 2438 467 2498 Orthodoxis
499 2441 651 2515 affingant,
674 2459 729 2498 nos
759 2440 870 2500 scilicet
891 2442 1003 2500 uultum
1026 2442 1173 2518 justitiam
1194 2444 1379 2504 intercutem

167 2517 331 2588 admittere,
343 2525 378 2576 ut
388 2518 528 2576 Bellarm.
539 2519 590 2576 lib.
603 2519 633 2578 ii.
646 2522 683 2577 de
694 2518 715 2577 J
718 2518 806 2576 ustifi.
819 2539 883 2595 cup.
896 2521 923 2592 l,
935 2528 965 2578 et
975 2520 1027 2578 alii
1037 2528 1106 2596 post
1114 2522 1213 2597 ipsum
1224 2544 1232 2594 ;
1256 2523 1378 2582 Certum

167 2600 212 2652 est
223 2595 441 2669 putidissimam
450 2615 511 2656 esse
520 2597 710 2668 calumniam,
723 2617 790 2673 quae
801 2617 838 2655 ex
849 2597 1033 2657 Nostrorum
1045 2601 1168 2675 Scriptis
1176 2601 1238 2658 sive
1248 2603 1377 2676 pubhois

165 2673 228 2730 sive
242 2675 365 2750 privatis
384 2675 453 2734 salsi
474 2675 668 2748 convincitur,
684 2677 715 2733 in
737 2676 847 2752 quibus
868 2678 978 2752 passim
1001 2684 1031 2735 ct
1051 2678 1205 2735 communi
1229 2697 1374 2737 consensu

164 2753 273 2810 docent
286 2753 428 2813 beneficia
440 2754 462 2812 J
464 2754 671 2813 ustifioutionis
681 2761 711 2813 et
722 2755 968 2814 Sanctificationis
982 2755 1024 2813 ita
1037 2755 1155 2813 interae
1165 2774 1299 2815 connexa
1313 2777 1375 2816 esso

164 2829 365 2890 indissolubili
378 2833 510 2904 vinculo,
524 2840 559 2889 ut
572 2833 723 2891 neminem
738 2833 820 2891 Deus
829 2833 983 2908 justificet,
991 2833 1065 2908 quin
1079 2833 1191 2908 pariter
1203 2836 1373 2908 sanctificet,

163 2915 194 2966 et
202 2910 322 2984 justitia
335 2911 497 2970 inhaerente
511 2911 602 2968 donet
615 2930 668 2986 per
682 2913 753 2968 novi
775 2912 904 2969 hominis
928 2913 1108 2970 creationem
1121 2912 1152 2968 in
1166 2931 1238 2971 uera
1254 2914 1374 2988 justitia

163 2993 193 3044 et
207 2989 369 3048 sanctitate.
412 2989 471 3049 Sed
484 2989 639 3066 quaeritur,
654 2990 706 3048 An
716 2990 837 3064 justitia
849 2990 904 3048 illa
918 2992 1076 3062 inhaerens,
1088 2991 1186 3065 qualis
1200 2993 1288 3048 estin
1299 2993 1373 3052 Via-

163 3066 286 3137 toribus,
295 3068 482 3143 ingrediatur
490 3067 736 3143 justificationem
749 3075 891 3140 nostram,
900 3071 949 3126 vel
963 3076 998 3126 ut
1008 3087 1098 3127 causa
1107 3069 1181 3144 ejus,
1194 3070 1242 3126 vel
1251 3077 1285 3128 ut
1293 3089 1370 3145 pars,

161 3142 244 3202 itaut
253 3147 414 3206 constituat
422 3155 537 3223 partem
547 3146 680 3222 aliquam
686 3146 906 3222 justificationis
915 3153 1033 3217 nostrae,
1040 3153 1070 3205 ot
1078 3147 1117 3204 sit
1124 3166 1215 3205 causa
1222 3148 1373 3208 meritoria

160 3227 190 3279 et
203 3223 435 3284 fundamentum
449 3226 604 3284 sentcntiae
617 3232 726 3284 11031113
740 3226 931 3284 absolutoriae
945 3226 977 3282 in
994 3225 1109 3300 judicio
1124 3225 1199 3297 Dei;
1221 3225 1370 3286 Pontificii

159 3301 248 3372 euim,
263 3308 298 3360 ut
307 3303 549 3377 justificationem
563 3302 682 3362 duabus
695 3305 830 3380 partibus
844 3311 978 3362 constare
991 3305 1182 3379 pertendunt,
1197 3306 1368 3364 remissione

158 3386 355 3454 peccatorum,
370 3390 400 3440 et
421 3383 539 3441 iuterna
562 3382 655 3440 animi
677 3383 888 3454 renovatione3
912 3382 961 3440 Ita
983 3389 1119 3441 asserunt
1142 3401 1261 3442 cauum
1283 3385 1368 3444 illam

156 3465 382 3534 propterquam
396 3461 480 3520 Deus
493 3480 548 3519 nos
564 3461 709 3536 justificat
722 3479 784 3520 esse
800 3461 950 3536 justitiam
971 3461 1037 3532 Dei,
1057 3480 1133 3537 quac,
1155 3463 1241 3520 nobis
1258 3464 1366 3535 infusa,

155 3537 271 3594 interne
280 3540 378 3613 justos
392 3559 447 3598 nos
460 3540 621 3598 constituit.
657 3539 741 3597 Licet
752 3540 832 3598 enim
841 3558 903 3598 non
913 3540 1072 3598 videantur
1082 3541 1239 3599 excludere
1250 3543 1369 3618 penitus

150 3615 303 3690 justitium
320 3616 437 3689 Christi,
453 3625 602 3694 quatenus
615 3619 723 3675 volunt
736 3625 772 3675 ut
793 3637 845 3693 per
867 3636 932 3676 eam
955 3619 1105 3690 meruerit,
1120 3626 1155 3677 ut
1177 3620 1259 3678 Deus
1281 3623 1367 3680 nobis

154 3712 207 3767 per
230 3693 375 3769 Spiritum
401 3697 545 3755 Sanctum
563 3695 713 3771 justitium
735 3698 885 3755 internam
899 3697 1139 3767 communicaret,
1154 3705 1244 3774 atquo
1266 3700 1309 3756 itu
1327 3701 1366 3756 sit

155 3772 286 3830 conditio
300 3792 396 3832 causae
417 3775 561 3847 formalis,
576 3775 675 3845 idest,
694 3775 818 3849 justitie
831 3775 1011 3846 inherentis,
1025 3783 1061 3833 ut
1074 3793 1110 3833 ea
1123 3777 1228 3834 donari
1250 3777 1365 3834 homini

153 3849 265 3922 possit;
287 3858 425 3912 statuunt
438 3862 571 3912 tamena
588 3853 709 3928 justitia
722 3854 886 3912 inhaerente
907 3855 1036 3930 pendere
1054 3853 1106 3927 jus
1126 3854 1247 3928 petendi
1261 3854 1363 3926 vitum,

155 3931 185 3982 et
198 3933 321 4000 proptor
334 3947 401 3987 eum
415 3931 515 3988 Deum
529 3949 584 3989 nos
593 3931 765 4006 justificare.

196 4003 234 4062 V.
258 4003 345 4063 Patet
358 4025 395 4063 cx
407 4007 541 4067 Concilio
555 4009 739 4080 Tridentino,
765 4011 841 4071 Sese.
856 4012 884 4070 6.
900 4029 962 4086 cap.
977 4011 1006 4081 4,
1034 4009 1086 4067 ubi
1101 4016 1118 4044 ‘⁴
1123 4009 1297 4084 justificatio
1307 4009 1363 4067 im-

151 4081 196 4156 pii
209 4081 320 4140 dicitur
334 4101 395 4142 esse
415 4087 570 4144 translatio
585 4088 623 4144 ab
643 4105 679 4145 eo
694 4096 782 4160 statu,
805 4091 837 4146 in
851 4109 911 4165 quo
925 4092 1016 4146 homo
1030 4087 1161 4145 nascitur
1181 4088 1262 4146 filius
1275 4088 1363 4163 primi

154 4159 242 4230 Adae,
258 4159 289 4216 in
303 4167 415 4220 statum
428 4163 531 4239 grutiae
541 4171 571 4222 et
581 4167 749 4240 adoptionis
755 4167 887 4224 filiorum
898 4168 955 4227 Dei
968 4183 1021 4242 per
1029 4166 1193 4224 secundum
1208 4167 1362 4223 Adamum

153 4235 260 4294 Jesum
284 4237 436 4299 Christum
459 4241 646 4301 salvatorem
667 4253 811 4304 nostrum.
861 4246 937 4314 Quae
960 4245 1082 4320 quidem
1105 4244 1269 4316 translatio,
1294 4252 1362 4319 post

153 4313 353 4390 Evangelium
368 4320 602 4395 promulgatum,
612 4322 674 4380 sine
683 4324 802 4382 lavacro
813 4323 1054 4399 regenerationis,
1066 4329 1120 4380 aut
1130 4323 1195 4398 ejus
1205 4330 1286 4394 voto,
1297 4323 1361 4378 lieri

151 4411 213 4450 non
238 4399 364 4469 potest,'’
386 4401 437 4457 &a
474 4397 515 4456 Et
528 4417 591 4474 cap.
611 4401 649 4464 7:
671 4407 688 4435 ‘⁴
701 4399 790 4460 Hauc
811 4402 1037 4477 dispositionem
1051 4419 1103 4459 seu
1116 4402 1362 4477 preparationem

147 4471 322 4544 justificatio
336 4475 401 4551 ipsa
414 4477 612 4552 consequitur,
628 4497 696 4554 quae
710 4497 772 4537 non
786 4487 831 4538 331
851 4482 916 4538 3013
936 4486 1126 4555 peccatorum
1146 4479 1287 4550 remissio,
1309 4479 1361 4536 sed

150 4557 182 4606 et
195 4552 399 4626 sanctificatio,
420 4561 451 4612 et
470 4557 624 4615 renovatio
638 4557 786 4616 interioris
806 4559 937 4616 hominis
957 4577 1010 4634 per
1023 4558 1224 4616 voluntariam
1245 4575 1362 4633 suscep-

150 4627 263 4688 tionem
277 4631 383 4706 gratiae
395 4640 426 4692 et
438 4633 598 4708 donorum,
610 4637 691 4694 unde
704 4637 796 4696 homo
806 4656 844 4694 ex
858 4636 971 4712 injusto
981 4637 1015 4695 lit
1023 4637 1135 4712 justus,
1149 4644 1179 4694 et
1192 4655 1229 4694 ex
1243 4636 1363 4701 inimico

272 4727 347 4770 raas
361 4729 396 4770 11.
1230 4717 1284 4775 21
