3146 5210
108 369 223 416 eumer.
241 349 318 432 nra]
480 371 518 410 ne
534 371 650 410 ors-roro
664 369 782 410 errarem
798 368 991 406 numerumn.
1267 355 1326 412 413

115 521 143 570 et
157 511 261 586 Groeci,
278 513 349 572 idem
361 513 431 571 enim
444 513 585 570 Dominus
599 512 732 588 onumen,
756 511 832 570 diues
853 510 882 566 in
905 529 998 568 ornnes
1022 510 1113 586 ipsum
1138 513 1325 572 inuocantes.''

120 591 171 650 Sic
180 592 312 669 intellige
320 593 425 668 locum,
436 592 501 651 Col.
511 593 554 650 ni.
566 595 614 668 11,
629 593 693 650 “In
707 613 739 650 eo
753 611 803 649 nec
813 599 854 649 est
866 591 994 664 Judceus,
1006 611 1055 648 nec
1069 591 1196 667 Groecrrs,
1208 595 1325 651 circum·

117 672 187 729 orsio
198 673 436 748 antprmpnsm
451 673 603 732 Barbarus
613 682 664 732 aut
676 673 790 748 Septim,
803 690 899 728 sunnis
907 679 958 727 aut
968 671 1044 744 liber,
1054 673 1105 728 scd
1114 673 1207 730 omnin
1228 674 1257 731 in
1268 694 1325 732 orn·

118 752 201 810 ntus
217 751 374 828 Omnbnn,”
386 753 416 811 id
427 761 480 827 est,
491 753 602 812 nullum
612 753 760 811 nationum
772 751 818 808 vel
829 749 1026 808 conditionum
1038 750 1192 808 discrimen
1204 753 1327 811 salutem

116 841 279 908 promovet,
295 834 342 891 vel
358 833 498 910 impedit;
521 833 573 892 sed
584 833 715 891 Christus
730 840 774 890 est
789 830 893 904 omnia,
909 829 948 886 id.
974 830 1070 887 omnia
1093 830 1217 907 largitur
1230 832 1267 890 ad
1281 853 1326 891 ss·

116 913 209 970 lutem
223 913 393 989 necessaria,
409 913 439 970 in
454 913 587 972 omnibus
602 912 793 971 credentibus
808 911 869 968 sine
880 910 940 968 ullo
952 909 1116 967 discrimine
1129 911 1326 989 cujuscunque

115 991 176 1049 sint
190 992 285 1068 gentis
300 993 347 1050 vel
362 992 542 1066 conditionis,
556 992 634 1070 quod
647 992 818 1068 explicatur,
830 989 923 1066 Apoc.
934 1009 962 1047 v¹
973 992 1000 1064 9,
1013 1009 1078 1046 cum
1087 989 1328 1068 vigintiquatuor

118 1071 254 1130 Seniores
269 1072 299 1129 in
314 1073 432 1132 Cantico
448 1093 499 1130 suo
514 1073 623 1148 dicunt,
637 1073 780 1130 redemisti
792 1091 842 1129 nos
856 1072 920 1127 Deo
930 1089 986 1145 por
1007 1070 1170 1145 sanquinem
1192 1081 1269 1130 tunm
1290 1094 1327 1131 ex

118 1151 198 1209 omni
210 1152 284 1210 tribu
297 1163 324 1211 et
338 1153 445 1230 linqua,
459 1162 486 1210 st
495 1155 611 1230 populo,
627 1162 655 1211 et
663 1161 752 1229 qmte,
769 1151 808 1211 id.
824 1171 861 1208 ex
882 1149 1017 1207 omnibus
1039 1149 1174 1208 tribubus
1199 1151 1325 1228 Israelis,

117 1239 148 1290 et
163 1251 201 1288 ex
215 1232 343 1290 omnium
356 1233 522 1310 linguarum
536 1233 702 1291 hominibus
717 1231 779 1290 sive
793 1231 836 1288 illi
851 1230 1019 1288 moretiores
1042 1230 1108 1306 sint,
1134 1231 1184 1307 qni
1196 1236 1256 1290 aut
1269 1232 1328 1292 dici

119 1311 222 1386 solent,
239 1311 301 1370 sive
316 1312 439 1388 barbari,
456 1312 561 1389 quibus
576 1313 682 1390 saepius
695 1312 832 1389 competit
845 1308 918 1374 i'tnve
929 1328 1043 1366 nomen.

162 1391 357 1451 XXXVIII.
380 1392 446 1450 Non
469 1393 543 1451 alius
563 1411 665 1451 sensus
685 1401 729 1451 est
750 1391 806 1449 loci
828 1391 1040 1470 πολυθςυλλῆπυ,
1066 1390 1171 1448 lTim.
1187 1390 1216 1448 ii.
1233 1394 1259 1468 6,
1277 1392 1326 1450 ubi

120 1470 249 1530 Christus
270 1473 372 1530 dicitur
392 1491 421 1530 se
442 1473 549 1530 dedisse
566 1472 689 1548 pretium
713 1471 910 1546 redemptionis
927 1489 985 1544 pro
1010 1469 1142 1527 omnebus.
1186 1470 1259 1528 Nam
1283 1472 1327 1530 illi

120 1569 220 1609 omncs
234 1551 444 1628 intelliguntur,
460 1572 583 1628 quorum
597 1552 661 1610 loco
676 1572 706 1610 se
722 1550 870 1610 substituit
885 1549 1017 1607 Christus
1031 1547 1068 1605 ed
1082 1569 1182 1625 poenes
1192 1550 1262 1626 ipsis
1277 1551 1326 1610 de·

119 1630 196 1688 bitae
209 1631 402 1707 perferendus,
419 1640 448 1690 et
461 1632 584 1708 pretium
610 1629 815 1708 redemptIonis
839 1628 1079 1707 persolvendum
1102 1629 1157 1686 hoc
1183 1630 1258 1686 enim
1273 1631 1326 1688 im·

118 1719 233 1786 portare
260 1731 361 1770 vocem
383 1715 525 1791 αντίλπςοι
547 1711 709 1771 Orthodoxi
724 1730 824 1770 omnes
838 1718 956 1767 tuentur
969 1715 1068 1766 contre
1084 1707 1262 1769 Socinianos.
1285 1710 1328 1769 At

118 1789 177 1847 hoc
190 1789 248 1848 dici
261 1810 320 1849 non
333 1801 429 1869 potest
442 1791 544 1850 fecisse
558 1810 611 1868 pro
625 1791 759 1849 omnibus
773 1799 802 1848 et
817 1789 949 1865 singulis,
965 1787 1006 1846 sie
1018 1787 1093 1845 enim
1105 1807 1189 1846 nemo
1204 1790 1327 1866 amplius

122 1868 305 1928 condemnari
319 1881 349 1929 et
361 1891 462 1948 poenas
475 1880 658 1948 peccatorum
673 1891 790 1929 suorum
805 1870 878 1926 ferre
889 1875 995 1945 posset.
1018 1871 1046 1926 2.
1069 1867 1114 1924 De
1126 1867 1184 1926 illis
1193 1870 1327 1928 omnibus

123 1948 372 2026 Paulusloqnitur,
383 1971 506 2029 quorum
513 1951 645 2010 Christus
654 1960 698 2009 est
705 1951 849 2008 Mediator
855 1958 914 2007 tem
924 1947 1132 2005 Intercessione
1142 1968 1228 2024 qnam
1237 1948 1326 2008 Setis·

121 2027 254 2102 factione,
275 2031 328 2088 bas
349 2031 424 2089 enim
445 2031 518 2090 duas
540 2050 604 2089 esse
628 2041 724 2107 partes
749 2027 955 2106 inseparabiles
978 2027 1109 2085 Muneris
1133 2027 1326 2088 Sacerdotalis

123 2127 210 2186 supra
225 2109 360 2168 vidimus.
384 2110 426 2169 At
439 2130 492 2189 pro
507 2111 641 2170 omnibus
656 2118 685 2170 et
699 2110 822 2186 singulis
837 2127 901 2166 enm
917 2127 976 2164 non
1000 2107 1177 2166 intercedere
1200 2107 1326 2167 fatentur

123 2187 369 2248 Remonstrentes.
391 2193 419 2249 3.
443 2191 492 2248 Illi
507 2210 606 2248 omnes
620 2198 765 2265 notantur,
778 2209 847 2265 quos
860 2190 940 2246 Dens
954 2190 1012 2244 onlt
1022 2187 1140 2260 sonori,
1153 2197 1178 2245 et
1192 2190 1234 2244 ad
1245 2189 1325 2264 opni-

122 2268 222 2326 tionem
235 2271 360 2327 ueritates
373 2271 475 2329 uenire.
499 2270 558 2330 Sed
572 2271 627 2328 hoc
642 2270 678 2328 de
693 2270 827 2327 omnibus
841 2277 870 2327 et
885 2267 1008 2342 siugulis
1022 2267 1080 2324 dici
1104 2286 1162 2324 uon
1176 2287 1261 2343 posse
1276 2287 1326 2325 ex-

121 2348 263 2424 perientia
276 2348 368 2424 docet,
385 2358 414 2408 et
428 2369 540 2427 suptus
554 2350 638 2408 nobis
652 2350 813 2426 probatum,
825 2349 859 2407 P.
872 2348 896 2406 1.
910 2347 1014 2404 Loed.
1027 2346 1062 2420 Q.
1076 2350 1122 2403 17.
1134 2347 1188 2403 Th.
1200 2350 1248 2421 34,
1262 2345 1325 2422 dcc,

120 2426 174 2486 ubi
200 2426 344 2486 instantiae
368 2429 464 2488 afferri
489 2431 581 2488 solitse
595 2430 754 2488 diluuntur.
798 2429 923 2485 Itanon
945 2434 1040 2503 potest
1064 2426 1178 2502 phrasis
1202 2427 1328 2504 intelligi

122 2506 324 2566 universaliter
338 2509 373 2567 de
389 2509 511 2586 singulis
525 2529 673 2586 generum,
702 2509 754 2567 sed
782 2506 1030 2566 indiscriminatim
1059 2515 1088 2563 ct
1115 2505 1263 2565 indefinite
1291 2507 1327 2565 de

122 2587 277 2663 generibus
305 2589 493 2665 singulorum,
522 2588 561 2647 id.
590 2589 626 2647 de
655 2589 761 2666 quibus
793 2587 967 2660 hominibus,
1002 2594 1034 2643 nt
1067 2586 1145 2644 Besa
1168 2595 1244 2644 recte
1271 2589 1327 2652 τοὺς

122 2668 218 2732 πάντας
233 2668 280 2726 hic
295 2669 382 2728 vertit
403 2689 454 2746 per
468 2669 584 2745 quomis,
601 2689 638 2726 ex
652 2687 823 2746 quacunque
838 2677 933 2744 gente,
950 2675 1026 2724 stetu
1041 2673 1069 2724 ct
1083 2665 1247 2724 conditione
1259 2668 1325 2742 sint,

121 2755 150 2805 et
164 2748 219 2805 hoc
233 2747 406 2806 solidissime
421 2749 524 2826 probat
538 2748 676 2806 Calvinus
690 2749 719 2805 in
735 2749 763 2806 h.
779 2749 808 2822 1.,
832 2746 1023 2823 “Apostolus
1046 2744 1214 2819 simpliciter
1238 2745 1322 2804 intel·

122 2825 188 2903 tigit
202 2827 314 2886 nullum
329 2828 430 2886 mundi
444 2828 492 2887 vel
505 2828 652 2906 populum,
669 2829 715 2886 vol
731 2827 860 2886 ordinem
875 2847 892 2884 a
907 2825 999 2883 solute
1013 2823 1138 2898 excludi,
1154 2823 1222 2899 quia
1236 2825 1327 2882 omni-

121 2906 176 2964 bus
190 2907 251 2964 siue
267 2908 436 2984 exceptione
451 2908 644 2984 Evangelium
655 2907 776 2984 proponi
792 2908 874 2964 Deus
888 2905 988 2962 velit.’'
1042 2903 1081 2961 Et
1101 2911 1209 2979 posteo,
1227 2907 1245 2936 “
1257 2903 1327 2962 Per·

122 2986 211 3044 ticuls
224 2987 396 3046 universalis
406 3007 518 3064 semper
528 2987 565 3045 ad
575 2986 723 3046 hominnm
735 3007 840 3062 genere
849 2984 948 3044 referri
958 2983 1052 3056 debet,
1065 3003 1121 3039 non
1132 2981 1169 3039 ud
1179 3002 1325 3060 personne,

122 3085 156 3123 ec
171 3065 195 3122 si
209 3065 331 3125 dixisset
344 3087 403 3125 non
418 3068 495 3125 solos
509 3067 639 3140 Iudaeos,
655 3067 707 3124 sed
722 3066 854 3125 Gentiles
875 3083 989 3140 quoque
1013 3081 1071 3119 non
1096 3062 1173 3119 solos
1187 3062 1325 3140 plebeios,

124 3144 275 3204 sedetiam
292 3146 440 3224 Principes
455 3146 618 3224 redemptos
633 3167 695 3204 esse
707 3155 798 3204 morte
813 3143 949 3218 Christi,'’
965 3139 1019 3199 dcc.

163 3225 328 3284 XXXIX.
351 3225 480 3284 Mundus
493 3247 546 3303 pro
561 3246 618 3303 quo
633 3225 739 3284 dicitur
752 3225 857 3282 missus
872 3231 900 3282 et
921 3230 1059 3294 mortuus,
1072 3220 1141 3278 Joh.
1157 3221 1197 3279 iii.
1215 3219 1260 3297 16,
1279 3226 1325 3298 17,

122 3313 151 3364 et
164 3306 203 3363 iv.
218 3305 266 3380 42,
283 3313 312 3364 et
326 3306 365 3364 vi.
382 3309 429 3382 33,
445 3325 503 3364 non
516 3314 612 3382 potest
627 3306 745 3364 extendi
760 3303 960 3362 universaliter
982 3301 1020 3359 sd
1042 3310 1133 3358 toturn
1159 3321 1251 3377 genus
1273 3303 1326 3361 hu·

122 3405 246 3460 menum,
263 3405 329 3444 cnm
343 3386 486 3444 innumeri
501 3407 537 3443 ex
549 3385 600 3444 illo
611 3386 719 3443 mundo
730 3391 856 3462 pereant,
873 3382 923 3440 sed
936 3389 1016 3440 notat
1027 3382 1074 3439 vel
1082 3380 1327 3441 universalitatem

123 3465 298 3540 Electorum,
311 3466 358 3522 vcl
372 3465 520 3524 indefinite
535 3473 564 3524 et
578 3464 827 3523 indiscriminatim
836 3463 958 3540 populos
973 3480 1080 3535 omues,
1095 3469 1154 3518 tam
1165 3482 1203 3519 ex
1214 3461 1328 3522 Judaeis

121 3565 207 3622 quam
222 3565 260 3602 ex
276 3545 429 3619 Gentibus,
445 3555 477 3604 ut
491 3545 554 3603 fuse
569 3544 729 3621 probatum,
746 3544 814 3602 Loc.
828 3544 883 3600 IV.
895 3551 924 3600 et
939 3543 993 3616 Qu.
1010 3545 1056 3614 17,
1072 3549 1102 3598 et
1124 3541 1165 3600 sic
1190 3542 1328 3602 alluditur

120 3625 157 3683 ad
171 3625 391 3702 promissionem
405 3625 574 3682 Abrahamo
589 3624 702 3698 factam,
728 3623 806 3700 quod
829 3623 870 3679 in
887 3621 1001 3680 Semine
1024 3621 1122 3697 ipsius,
1139 3621 1177 3679 id.
1204 3623 1327 3698 Christo,

120 3705 350 3764 benedictionem
365 3715 525 3782 accepturus
539 3713 636 3763 essent
650 3723 749 3761 omnes
763 3702 879 3760 familiae
894 3711 985 3772 terroe,
1002 3701 1076 3759 Gen.
1092 3700 1143 3758 xii.
1159 3705 1186 3775 3,
1202 3712 1231 3761 et
1246 3703 1327 3761 xxvi.

122 3788 149 3857 4,
165 3793 195 3842 et
209 3784 281 3842 xxii.
299 3787 345 3858 18,
361 3794 390 3843 et
405 3785 524 3859 Gentes,
541 3803 663 3860 querum
679 3783 765 3840 Pater
778 3783 871 3840 fectus
892 3781 1005 3856 dicitur,
1023 3781 1105 3838 Rom.
1122 3781 1161 3837 iv.
1181 3784 1241 3840 16.·
1262 3783 1328 3841 Hoc

122 3882 191 3920 vero
205 3883 263 3920 non
278 3863 314 3921 de
328 3864 516 3923 universitate
530 3863 688 3938 bominum,
701 3863 828 3939 quisunt
842 3863 872 3919 in
886 3861 1003 3934 mundo,
1019 3859 1085 3932 dici,
1102 3858 1153 3916 scd
1163 3861 1199 3917 de
1213 3861 1329 3918 uuiver-

123 3941 208 4000 sitete
225 3941 347 4001 Seminis
360 3943 568 4020 promissionis,
584 3943 681 4001 ablate
694 3942 772 4000 omni
795 3942 923 4018 gentium
948 3939 1141 4012 distinctione,
1163 3948 1250 4014 putet,
1267 3949 1329 3997 tum

122 4020 262 4096 quianon
277 4041 375 4081 omncs
390 4023 539 4098 perfidem
550 4022 746 4100 justificantur
769 4030 798 4080 et
820 4029 979 4093 servantur,
1002 4016 1146 4094 quomodo
1169 4017 1330 4094 explicetur

123 4101 180 4157 ists
194 4098 364 4174 benedictio,
381 4102 446 4160 Gal.
462 4103 502 4160 iii.
518 4105 545 4178 3,
563 4105 609 4176 16,
626 4111 686 4160 tum
701 4101 769 4178 quie
784 4101 893 4160 Paulus
908 4118 991 4157 omne
1001 4096 1074 4154 illud
1087 4097 1190 4155 Semen
1202 4097 1329 4174 explicet

123 4199 174 4258 per
188 4178 261 4236 illud
275 4179 352 4255 quod
367 4189 411 4238 cst
424 4184 536 4259 enfide,
553 4183 636 4240 Rom.
649 4181 688 4240 iv.
706 4184 751 4255 16,
764 4189 793 4240 et
806 4179 884 4256 quod
899 4181 927 4236 in
941 4180 1026 4234 Isaac
1040 4183 1165 4249 uocatur,
1189 4177 1273 4234 Rom.
1288 4177 1328 4239 ix.

123 4264 151 4316 7.
196 4257 244 4316 Sic
260 4258 388 4318 Mundus
401 4279 453 4337 pro
468 4261 550 4338 cujus
564 4263 625 4320 vite
640 4261 771 4319 Christus
785 4259 866 4318 dedit
888 4259 1009 4316 Csmem
1034 4273 1115 4312 susm
1137 4256 1231 4328 morti,
1258 4256 1327 4316 Joh.

123 4339 162 4396 vi.
179 4339 227 4412 51,
243 4357 301 4395 non
315 4338 389 4396 elius
399 4348 444 4399 est
457 4341 494 4398 sb
508 4361 551 4417 eo,
567 4340 614 4400 cui
628 4341 696 4399 dare
707 4340 813 4398 dicitur
826 4340 925 4412 vitam,
947 4355 1007 4394 ver.
1021 4337 1068 4410 33,
1096 4335 1183 4392 Panis
1209 4335 1264 4393 Dei
1279 4336 1328 4396 ille

124 4426 168 4478 est
182 4418 233 4494 qni
247 4417 397 4477 descendit
411 4419 446 4478 de
461 4421 542 4496 coelo,
558 4429 587 4480 ct
601 4421 651 4478 dat
660 4420 750 4478 vitam
766 4418 887 4492 Mundo,
903 4415 981 4493 quod
995 4413 1032 4472 ad
1046 4433 1146 4472 omnes
1157 4423 1187 4473 ct
1198 4414 1328 4490 singulos

124 4497 243 4558 extendi
256 4517 315 4554 non
329 4507 444 4574 potest3
466 4519 531 4558 cum
547 4500 626 4559 datio
640 4501 708 4559 vitae
722 4501 859 4575 importet
873 4499 935 4574 ejus
950 4495 1092 4554 actualem
1106 4493 1328 4570 applicationem

123 4587 152 4637 et
166 4577 464 4653 communicationem,
479 4599 543 4655 quse
558 4580 724 4639 Electorum
738 4587 850 4638 tsnmm
864 4586 908 4636 est
928 4576 1121 4652 p1·opris,qu0
1144 4593 1230 4632 sensu
1245 4575 1328 4650 profi-

122 4667 198 4717 tetur
212 4678 243 4716 se
258 4657 392 4716 daturum
406 4658 497 4716 vitem
512 4667 646 4718 aeternsm
672 4659 784 4718 Ovibus
800 4658 868 4730 suis,
891 4656 962 4715 Joh.
978 4675 1007 4711 x.
1023 4657 1071 4712 28.
1129 4653 1188 4711 Nec
1204 4655 1258 4711 nisi
1278 4657 1328 4714 ab·
