3192 5206
155 339 270 389 Quasr.
286 319 343 402 vr]
518 338 557 378 ns
572 338 704 378 reasons
719 338 754 377 m·
768 339 862 381 sraru
877 341 1003 381 errarsrr.
1307 331 1365 388 279

152 489 200 540 est
213 490 243 541 et
257 481 344 540 horno
355 481 451 540 simul.
494 479 650 539 Posteriori
671 498 757 538 sensu
770 500 829 538 non
843 488 911 540 sunt
925 481 1078 560 disparata,
1095 483 1146 542 sed
1160 484 1283 561 diversa,
1299 507 1364 564 quae

151 562 205 619 uni
213 570 336 638 possunt
345 569 506 638 competere
517 561 646 638 subjecto
652 581 660 636 ;
677 559 728 618 sed
738 560 826 638 priori
836 581 904 620 vere
914 572 982 620 sunt
992 562 1145 639 disparata,
1158 585 1223 641 quae
1233 565 1269 624 de
1279 586 1309 625 se
1320 567 1363 626 in·

152 640 248 700 vicem
259 661 408 718 nunquam
423 641 573 718 praedicari
585 648 722 717 possunt;
745 641 878 716 quamvis
892 641 965 700 bene
980 641 1093 702 dicatur
1113 644 1199 702 horno
1213 655 1258 704 est
1273 647 1362 724 Deus,

152 721 228 778 male
238 731 336 780 tamen
350 720 501 795 diceretur,
523 719 687 778 humanitas
701 727 745 778 est
759 719 905 780 divinitas.
948 721 1031 780 Licet
1051 743 1120 781 vero
1134 724 1205 783 talia
1218 726 1364 804 disparata

151 801 333 878 nonpossint
347 821 411 859 esse
420 820 509 859 unum
519 819 638 858 numero
659 798 800 858 ordinarie
812 808 841 859 et
849 800 985 878 physice;
1009 801 1090 860 Nihil
1100 803 1197 864 obstat
1210 807 1364 882 quominus

152 881 339 958 Theologiee,
356 889 386 939 et
400 880 429 938 in
446 880 600 958 Supposito
614 879 665 936 illo
680 879 907 939 extraordinario
920 881 1074 962 θιιιιιςάπου
1088 884 1143 942 hoc
1157 892 1309 945 statuatur.

194 961 289 1020 XXI.
313 960 340 1019 N
342 980 381 1018 on
394 960 516 1018 multum
530 957 718 1018 laborandum
731 979 881 1019 censemus
889 960 919 1018 in
928 962 1101 1039 explicanda
1109 971 1212 1023 natura
1225 975 1254 1023 et
1268 967 1364 1044 specie

153 1041 397 1118 Propositionum,
414 1060 478 1116 quae
492 1040 523 1098 in
535 1039 592 1098 isto
603 1039 741 1114 mysterio
752 1039 933 1116 adhibentur,
949 1042 1050 1118 quales
1065 1051 1132 1101 sunt
1146 1044 1217 1118 istae,
1234 1048 1313 1105 Deus
1324 1057 1364 1106 cst

152 1123 255 1196 Horra,
273 1129 301 1180 et
315 1122 411 1179 Homo
425 1129 466 1178 est
475 1123 562 1194 Dana,
575 1139 640 1178 cnm
652 1119 724 1176 nihil
739 1119 831 1178 simile
843 1121 873 1178 in
887 1130 1051 1180 totarerum
1063 1122 1250 1184 universitate
1262 1146 1361 1186 occur·

151 1210 205 1274 rat,
221 1210 251 1260 et
265 1201 321 1260 hoc
335 1220 423 1259 sensu
436 1200 509 1258 bena
523 1199 662 1258 inusitata
683 1206 841 1275 vocantur;
863 1220 922 1259 non
936 1203 1099 1278 disparata,
1115 1204 1220 1280 quibus
1234 1205 1362 1284 dispara-

152 1289 215 1340 tum
230 1281 267 1340 de
282 1280 428 1358 disparato
450 1279 630 1357 praedicatur,
654 1278 723 1356 quia
746 1279 827 1338 nulla
849 1300 972 1356 persona
994 1289 1039 1340 est
1061 1282 1206 1360 disparata
1219 1305 1237 1342 a
1251 1287 1363 1364 seipsa;

154 1361 214 1420 Sed
228 1361 363 1436 identicoe,
384 1360 434 1419 ubi
448 1379 537 1418 unum
552 1359 724 1436 praedicatur
745 1359 782 1417 de
805 1359 900 1436 seipso
915 1381 973 1420 non
987 1362 1153 1421 formaliter.
1196 1365 1260 1439 Quo
1275 1385 1362 1426 sensu

151 1443 337 1516 synonymiae
351 1439 579 1499 consideratione
593 1439 697 1516 logica,
719 1447 749 1497 et
772 1440 887 1515 tropica
905 1441 1134 1502 consideratione
1148 1443 1291 1504 rhetorica
1305 1446 1363 1506 dici

151 1529 283 1598 possunt.
325 1520 524 1596 Syrronymr'cca,
541 1519 609 1596 quia
623 1518 785 1596 subjectum
796 1529 825 1578 et
835 1519 1022 1597 praedicatum
1037 1531 1189 1581 sumuntur
1200 1527 1363 1585 concretive

151 1609 270 1679 propter
284 1601 424 1659 unitatem
437 1619 576 1677 personae,
592 1607 625 1658 ut
638 1617 740 1658 sensus
754 1599 800 1674 sit,
818 1600 944 1658 Persona
958 1621 1023 1676 quae
1039 1602 1119 1660 Deus
1136 1611 1188 1677 est,
1212 1611 1256 1662 est
1276 1606 1364 1664 etiam

154 1681 260 1756 Homo,
277 1689 363 1757 atque
385 1680 425 1739 ita
446 1679 556 1757 species
570 1678 670 1738 infima
682 1677 855 1756 praedicatur
869 1679 904 1740 de
920 1679 1076 1739 Individuo
1091 1683 1318 1743 extraordinario
1333 1693 1363 1743 et

153 1760 303 1838 singulari.
348 1761 475 1836 Tropina
488 1760 557 1836 quia
571 1759 732 1835 subjeetum
754 1765 783 1818 et
802 1758 989 1834 predicatum
1001 1761 1121 1819 eandem
1135 1761 1252 1837 quidem
1267 1763 1362 1841 desig·

151 1850 222 1899 nant
232 1851 393 1918 personam,
412 1839 463 1898 ssd
476 1837 534 1898 κατ’
547 1837 617 1898 iiam
629 1865 673 1897 aar
687 1835 764 1912 ἄλλο,
779 1837 819 1898 id.
831 1839 927 1915 quoad
937 1839 1081 1898 Deitatem
1091 1848 1120 1898 et
1131 1841 1360 1903 Humanitatem.

154 1921 216 1980 Ista
239 1940 310 1998 ergo
332 1919 497 1998 praedicatio
521 1920 640 1997 tropica,
661 1922 740 1978 Dens
754 1928 794 1978 cst
807 1921 910 1995 Homo,
926 1922 1063 1978 etHomo
1078 1930 1118 1978 est
1130 1923 1218 1995 Deus,
1236 1941 1295 1980 non
1318 1932 1363 1983 est

152 2001 327 2061 resolvenda
337 2001 368 2057 in
381 2001 455 2059 hanc
469 2001 622 2077 propriam,
636 2000 737 2058 Deitas
751 2007 796 2058 est
811 1999 900 2074 Deus,
910 2000 1073 2058 humanitas
1087 2009 1132 2060 est
1145 2001 1240 2077 horno,
1256 2011 1288 2062 ut
1299 2023 1362 2080 per·

152 2080 403 2158 peramobjiciunt
414 2079 592 2155 Adversarii,
610 2079 668 2138 Sed
682 2080 712 2138 in
725 2079 820 2154 istam,
837 2080 976 2154 Christus,
994 2080 1074 2139 Deus
1089 2081 1246 2140 secundum
1263 2083 1361 2142 Deita-

153 2169 219 2237 tem,
250 2169 296 2220 est
324 2161 421 2219 Homo
449 2159 607 2218 secundum
635 2159 852 2235 humanitatem,
874 2168 905 2218 et
926 2160 1064 2220 vicissim.
1108 2161 1258 2235 Quomodo
1283 2165 1363 2221 Dens

153 2240 259 2300 dieitur
268 2261 382 2317 passus,
399 2241 438 2300 id.
454 2239 587 2298 Christus
610 2240 661 2317 qui
687 2241 766 2298 Deus
788 2249 832 2299 est
847 2239 1004 2298 secundum
1020 2241 1175 2317 Daimon,
1191 2261 1294 2319 passus
1308 2251 1361 2320 est,

154 2340 211 2380 non
227 2321 257 2378 in
273 2321 397 2395 Deitate,
414 2320 466 2380 sed
479 2319 509 2378 in
523 2340 618 2378 carne.

194 2400 311 2458 XXII.
334 2400 554 2460 Communicatio
568 2399 722 2476 hypostasis
736 2397 819 2470 Alyov
840 2398 916 2458 facta
938 2400 1024 2460 Carni
1045 2399 1196 2478 tripliciter
1210 2409 1305 2478 potest
1319 2402 1361 2460 in-

154 2480 264 2557 telligi;
287 2480 345 2538 Vel
359 2482 486 2555 effective,
501 2481 585 2556 quasi
599 2478 725 2539 effecerit
738 2481 768 2537 in
783 2481 875 2538 Carne
889 2479 975 2539 aliam
990 2481 1189 2558 hypostasim
1212 2481 1270 2541 Vel
1284 2492 1362 2542 tran·

152 2561 237 2635 nitiva
261 2568 294 2619 ut
318 2580 401 2620 suam
421 2559 602 2637 hypostasim
627 2560 656 2618 in
682 2559 801 2620 Carnem
826 2559 1014 2621 transfudisse
1033 2559 1190 2620 formaliter
1203 2571 1363 2639 statuatur,

154 2641 211 2700 Vel
224 2641 400 2717 assumptiva
416 2641 485 2717 quia
499 2640 620 2700 Carnem
634 2640 665 2698 in
679 2639 800 2698 eandem
813 2640 992 2717 hypostasim
1008 2641 1172 2717 assumpsit,
1187 2649 1217 2698 et
1231 2642 1287 2700 sibi
1301 2643 1363 2700 uni·

153 2721 203 2780 vit.
248 2720 343 2780 Priori
356 2720 442 2779 modo
463 2719 576 2796 phrasis
596 2729 641 2778 est
661 2719 839 2778 heterodoxa
853 2728 881 2778 et
896 2719 1076 2795 Nestorisue,
1099 2721 1167 2796 quia
1181 2720 1206 2778 si
1220 2720 1363 2780 effecisset

154 2801 240 2860 sliam
254 2800 444 2877 hypostasim,
460 2799 525 2858 duae
540 2809 636 2858 essent
650 2800 830 2876 hypostases,
847 2807 876 2858 et
891 2818 941 2875 per
955 2818 1134 2875 consequens
1148 2798 1213 2856 duae
1225 2819 1363 2875 persona.

156 2881 290 2940 Secunda
303 2900 361 2940 non
375 2879 471 2940 minus
485 2887 530 2939 est
544 2879 687 2953 haeretica,
703 2879 772 2956 quia
786 2879 828 2937 sic
843 2877 916 2936 Caro
931 2878 1102 2936 subsisteret
1122 2877 1280 2937 formaliter
1295 2881 1363 2938 sub·

153 2961 286 3021 sistentia
299 2960 392 3035 Atyov,
409 2969 437 3020 et
452 2959 493 3018 sie
508 2979 575 3018 vere
590 2968 666 3018 esset
679 2978 810 3034 persona.
853 2955 940 3016 Adde
961 2956 1040 3034 quod
1055 2957 1214 3034 proprietas
1228 2977 1364 3033 persona-

152 3040 188 3098 lis
202 3041 373 3118 simpliciter
387 3049 431 3099 est
443 3037 730 3099 incommunicabilis.
775 3037 834 3097 Sed
857 3036 942 3094 tertio
963 3035 1079 3096 demum
1094 3055 1261 3106 sensuvera
1275 3046 1320 3096 est
1334 3047 1364 3098 et

153 3121 325 3195 orthodoxa,
341 3128 374 3180 ut
393 3120 527 3180 nimirum
551 3118 631 3190 Atyn
656 3117 769 3176 dicatur
791 3115 1017 3175 communicasse
1042 3135 1124 3175 suam
1149 3116 1365 3176 subsistentiam

153 3201 242 3275 carni,
265 3198 439 3260 assumendo
463 3219 527 3260 eam
551 3199 581 3258 in
606 3196 772 3275 hypostasis
793 3216 852 3254 suae
876 3194 1023 3270 unitatem,
1048 3205 1080 3255 ut
1099 3195 1140 3254 ita
1164 3216 1229 3254 caro
1246 3217 1304 3255 non
1327 3198 1365 3256 sit

152 3280 326 3358 hypostasis,
344 3279 395 3338 sed
410 3279 580 3354 horinurn,
596 3299 655 3337 non
670 3277 826 3354 separatim
846 3275 982 3349 existens,
996 3276 1088 3334 sedin
1098 3275 1172 3353 Ao'yy
1192 3285 1363 3354 sustentata,

154 3369 291 3437 tanquam
306 3349 527 3420 inritamentum
541 3367 571 3434 et
585 3359 753 3436 adjunctum
767 3357 795 3416 ei
813 3355 1002 3434 personaliter
1023 3357 1219 3434 conjunctum,
1241 3357 1279 3416 ad
1300 3377 1363 3436 per-

152 3440 297 3518 agendum
312 3461 385 3518 opus
399 3439 605 3516 redemptionis
618 3447 733 3498 nosue.

167 3555 170 3560 -
191 3520 324 3580 XXIII.
347 3519 417 3595 Qua
432 3527 499 3580 sunt
513 3518 742 3592 contradictoria,
753 3536 811 3577 non
819 3523 942 3593 possunt
952 3515 1106 3576 convenire
1120 3517 1213 3576 eidem
1224 3516 1362 3596 subjecto,

153 3599 254 3660 eodem
268 3600 363 3674 modo,
380 3608 409 3659 et
423 3607 573 3677 respectu3
597 3597 729 3658 sedasse
744 3595 962 3673 dependentem,
985 3604 1015 3656 et
1038 3596 1287 3675 independentem,
1300 3597 1363 3655 fini-

153 3689 221 3755 tum,
237 3688 268 3739 et
282 3679 434 3753 infinitum,
450 3679 588 3756 competit
602 3677 716 3738 Christo
731 3676 789 3736 κατ’
803 3675 872 3736 ἄλλο
885 3702 929 3734 aar
939 3675 1016 3753 isso,
1030 3677 1103 3738 illud
1110 3687 1243 3756 respectu
1254 3687 1364 3738 natura

151 3761 291 3834 humanae,
307 3760 362 3818 hoc
377 3767 509 3837 respectu
523 3758 639 3819 divinae.

192 3839 319 3898 XXIV.
341 3839 487 3900 Distentis
502 3839 609 3918 infinita
624 3837 720 3896 acam
730 3844 826 3913 petest
840 3835 979 3914 impedire
993 3837 1128 3896 unionem
1144 3837 1265 3894 duarum
1279 3844 1362 3894 natu·

155 3939 258 3994 rarum,
274 3919 327 3978 sed
340 3939 399 3979 uon
413 3919 547 3980 distantia
561 3919 669 3998 infinita
688 3917 877 3994 perfectionis,
901 3936 967 3993 qua
991 3923 1035 3975 est
1057 3916 1133 3975 inter
1153 3923 1284 3973 naturam
1309 3915 1358 3972 hu·

155 4017 267 4059 manem
282 4007 312 4065 et
326 3999 465 4060 divinam.

193 4079 302 4138 XXV.
326 4078 359 4138 si
373 4079 467 4138 Filius
489 4077 545 4136 Dei
566 4075 721 4152 assumpsit
742 4083 873 4134 naturam
895 4082 1031 4147 nostram,
1053 4071 1125 4129 nihil
1146 4079 1298 4148 propterea
1318 4071 1360 4130 illi

153 4159 283 4219 additum
308 4165 353 4218 est
377 4159 533 4218 intrinsece
558 4156 596 4218 ad
615 4154 819 4233 perficiendam
842 4155 906 4231 ejus
929 4161 1070 4226 naturam,
1094 4171 1159 4227 quae
1181 4150 1283 4208 habuit
1298 4151 1359 4227 jam

154 4239 312 4298 eminenter
322 4259 437 4298 ornnem
447 4238 652 4315 perfectionem
666 4235 871 4310 humanitatis;
887 4233 937 4292 sed
952 4240 1063 4292 tantum
1077 4229 1237 4290 extrinsece
1252 4229 1362 4306 aliquid

154 4319 195 4378 illi
209 4328 254 4378 est
268 4318 438 4378 ad‘unctum
452 4317 491 4376 ad
504 4316 678 4393 operandam
693 4314 927 4392 redemptionem.

192 4341 320 4458 XXVi.
343 4398 399 4472 Qui
413 4398 446 4457 fit
464 4397 543 4474 quod
559 4405 645 4454 antea
664 4415 723 4453 non
747 4402 808 4454 erat
829 4392 1048 4466 transmutative,
1072 4395 1215 4462 mutatur;
1238 4387 1361 4446 sednon

153 4479 258 4554 statim,
272 4478 323 4554 qui
338 4477 371 4537 fit
385 4485 506 4552 tantum,
516 4475 595 4552 quod
605 4495 663 4533 non
674 4483 744 4550 erat,
754 4473 930 4549 assumptiva.
974 4471 1098 4530 Mutatio
1108 4488 1186 4545 ergo,
1202 4467 1227 4525 si
1241 4486 1298 4543 qua
1314 4467 1359 4526 hic

156 4558 247 4634 detur,
264 4566 309 4617 est
319 4557 349 4616 in
364 4566 467 4617 natura
481 4557 615 4630 humana,
632 4575 696 4631 quae
711 4553 797 4612 modo
808 4551 1039 4612 extraordinario
1053 4559 1083 4609 et
1096 4547 1236 4626 singulari
1248 4555 1360 4605 suston-

154 4647 228 4698 tatur
238 4657 257 4696 a
267 4638 349 4712 htyy,
357 4657 414 4696 non
429 4637 459 4696 in
472 4638 598 4696 Persona
607 4635 697 4708 Atyn,
706 4634 755 4710 qui
770 4632 846 4690 idem
858 4651 970 4707 semper
982 4629 1109 4689 existens
1122 4628 1176 4688 sibi
1188 4626 1359 4686 univiteam.
