3192 5206
206 350 265 406 320
629 360 719 399 rocus
734 359 863 398 bucinus
878 359 1011 400 scauros.
1189 337 1316 417 [osmer.
1334 359 1407 400 xru.
1426 391 1430 400 ,

205 514 271 565 cent
285 505 306 564 J
308 503 392 576 adesi,
409 502 466 559 imo
480 508 509 559 et
523 519 628 575 negare
643 501 819 574 sustineaut;
842 500 898 558 Tot
912 499 1034 558 testibus
1049 505 1078 556 ct
1092 498 1263 556 testimoniis
1278 519 1409 578 compro·

205 588 274 643 bata
287 585 349 654 fuit,
366 593 395 640 et
409 591 452 640 tot
469 580 560 656 signis
582 589 611 638 et
634 580 780 638 miraculis
795 581 970 654 confirmata,
996 586 1029 637 ut
1042 577 1078 635 de
1100 598 1134 635 ea
1158 577 1252 636 adhuc
1276 578 1409 640 dubitare

204 663 410 724 inexcusabilis
439 661 476 719 sit
503 658 720 734 incredulitatis,
744 659 869 718 maxime
893 666 958 736 post
981 657 1189 734 Apostolorum
1212 658 1409 736 irrefragabile

204 744 408 815 testimonium,
425 741 475 817 qui
488 739 519 796 iu
533 759 566 797 eo
581 735 737 814 reddendo,
752 759 805 797 neo
819 739 933 817 decepti
947 747 1015 796 suut
1033 757 1086 796 nec
1100 737 1231 813 decipere
1246 739 1408 816 voluerunt,

205 834 255 883 aut
268 830 430 900 potuerunt,
446 829 479 878 ut
493 820 645 896 probatum
658 817 720 893 fuit,
738 819 772 882 P.
788 820 812 876 Ι.
829 817 896 877 Loc.
913 822 941 893 2,
957 818 991 892 Q.
1007 821 1035 874 4.
1061 818 1100 874 Et
1114 826 1180 893 post
1193 818 1331 876 miracula
1345 839 1409 896 que

205 904 313 963 Christi
326 900 563 960 resurrectionem
579 906 677 956 secuta
702 906 777 971 sunt,
799 918 863 974 quae
878 917 943 956 cum
958 897 1057 955 vivere
1076 907 1106 954 et
1127 896 1251 972 gloriose
1277 897 1307 955 in
1329 900 1410 959 coelis

204 1003 326 1060 regnare
341 981 496 1052 evincunt3
528 979 569 1037 Ut
584 978 655 1034 nihil
666 978 728 1055 jam
743 979 871 1036 dicemus
886 977 922 1036 dc
932 976 1047 1054 justitia
1063 976 1126 1050 Dei,
1143 976 1236 1052 gloria
1250 977 1365 1055 Christi,
1380 989 1411 1038 et

205 1063 297 1122 salute
312 1069 499 1134 nostraque
520 1077 583 1116 eam
604 1058 766 1116 necessario
791 1057 985 1134 postulabant,
1007 1057 1095 1133 juxta
1119 1055 1235 1114 oracula
1248 1057 1359 1134 pridem
1373 1059 1409 1118 de

205 1163 240 1202 ea
253 1142 339 1202 edita.
384 1139 442 1199 Sed
463 1137 600 1214 quaeritur
620 1139 655 1195 de
673 1141 731 1212 ejus
756 1140 837 1195 modo
848 1161 859 1210 ;
885 1137 934 1194 An
957 1136 1072 1214 proprie
1086 1135 1192 1194 virtute
1211 1139 1408 1214 resurrexerit,

205 1243 242 1281 an
256 1222 374 1280 aliena?

247 1303 288 1359 11.
313 1298 458 1360 Sociuiani
472 1297 556 1369 enim,
579 1305 611 1354 ut
633 1297 734 1355 volunt
756 1296 902 1355 Christum
923 1295 1011 1354 fuisse
1032 1293 1108 1361 drab
1129 1294 1260 1375 daignac,
1283 1297 1324 1354 ita
1347 1317 1409 1374 per·

202 1381 326 1440 tendunt
347 1379 493 1438 Christum
511 1395 569 1434 non
594 1376 719 1452 seipsum
742 1377 884 1434 excitasse
906 1396 924 1433 a
944 1375 1064 1434 mortuis
1085 1376 1191 1434 virtute
1215 1376 1337 1453 propria,
1355 1377 1410 1435 sed

205 1462 362 1520 excitatum
377 1459 463 1516 fuisse
479 1477 496 1514 a
511 1456 574 1514 Deo
588 1456 695 1514 virtute
720 1456 822 1514 aliena.
847 1456 925 1513 Hinc
949 1455 1072 1513 Somnus
1094 1455 1176 1531 Disp.
1191 1455 1228 1513 de
1242 1456 1327 1514 unius
1342 1456 1410 1514 Filii

206 1541 261 1600 Dei
276 1538 438 1610 existentia,
456 1541 473 1569 “
485 1536 569 1593 Hanc
584 1534 744 1593 doctrinam
770 1544 855 1593 vocat
877 1536 1035 1608 ridiculam,
1060 1536 1221 1609 absurdum,
1238 1544 1264 1592 et
1286 1535 1409 1610 impossi-

204 1621 292 1694 bilem,
315 1628 344 1677 et
358 1617 473 1676 Catcch.
499 1616 591 1690 Rogo.
613 1635 675 1690 cap.
697 1619 724 1689 2,
747 1614 783 1674 dc
806 1613 899 1673 officio
921 1615 1036 1688 Christi,
1052 1615 1185 1690 insiyaem
1196 1635 1320 1674 errorem
1335 1616 1411 1673 dicit.

207 1699 266 1759 Sed
280 1696 442 1760 Orthodoxi
457 1715 573 1753 causam
595 1694 825 1753 Resurrectionis
840 1695 955 1769 Christi,
971 1714 1029 1752 non
1051 1694 1146 1751 minus
1160 1694 1215 1770 ipsi
1236 1714 1322 1770 quarn
1336 1695 1413 1772 patri

205 1779 354 1854 tribuuut;
378 1779 416 1835 Et
431 1773 672 1851 quemadmodum
686 1794 743 1832 una
757 1783 802 1832 est
821 1774 951 1850 potentia
973 1773 1067 1831 Patris
1086 1783 1116 1831 et
1137 1773 1215 1847 Filii,
1237 1773 1337 1832 eedem
1351 1784 1412 1832 tam

206 1859 323 1917 Patrem
338 1858 491 1917 suscitasse
504 1855 658 1928 Christum,
674 1873 759 1930 quam
776 1854 921 1912 Christum
937 1853 1062 1929 seipsum
1074 1853 1229 1912 suscitasse
1244 1863 1370 1913 censent

205 1979 330 2024 Christum
388 1979 449 2033 scip
511 1934 570 1992 ΙΙΙ.
602 1933 707 2006 Primo,
737 1933 812 2008 Quia
836 1933 968 1992 Christus
989 1952 1125 2008 expresse
1152 1933 1208 1990 hoc
1232 1933 1287 1992 sibi
1310 1933 1413 1992 tribuit

246 2051 300 2081 sum
320 2038 452 2080 suscitasse
473 2013 542 2072 Joh.
564 2014 593 2070 ii.
611 2015 657 2086 19,
679 2014 824 2072 Destruite
848 2015 991 2088 Templum
1019 2014 1078 2086 hoe,
1096 2013 1218 2088 loquens
1240 2014 1276 2071 de
1291 2013 1412 2092 Templo

235 2097 353 2196 probatur
374 2093 394 2136 1.
409 2095 448 2138 ΕΙ
470 2093 603 2169 Corporis
626 2093 678 2166 sui,
699 2103 725 2150 et
740 2094 834 2150 triduo
848 2094 921 2152 illud
933 2093 1082 2170 oedptccbo,
1109 2093 1155 2166 Et,
1171 2113 1234 2168 cap.
1249 2113 1278 2149 x.
1292 2095 1338 2166 18,
1354 2102 1411 2151 tes-

467 2180 545 2229 tatur
560 2191 590 2229 se
600 2181 766 2246 potestatem
779 2173 880 2230 hebere
896 2174 1024 2248 ponendi
1036 2172 1168 2244 animam,
1185 2181 1211 2230 et
1224 2193 1323 2229 rursus
1350 2193 1413 2230 eom

206 2251 372 2308 resumendi.
415 2250 499 2323 Quod
513 2251 608 2308 dicere
623 2271 681 2308 uon
695 2252 844 2328 potuisset,
861 2253 886 2310 si
907 2253 1043 2310 virtutem
1064 2251 1234 2327 resurgendi
1254 2271 1272 2309 a
1292 2252 1414 2310 mortuis

206 2349 265 2388 non
279 2329 435 2388 habuisset.
459 2330 519 2386 Nec
543 2330 567 2386 si
585 2331 664 2406 prior
676 2330 758 2389 loeus
779 2339 823 2390 est
845 2331 981 2408 tropicus,
996 2331 1091 2388 minus
1107 2331 1230 2408 stringit,
1246 2331 1314 2408 quia
1336 2332 1414 2390 clare

208 2409 358 2485 expositus
372 2420 416 2466 est
430 2429 448 2465 a
463 2409 587 2467 Christo.

208 2527 231 2571 2.
246 2527 283 2572 E,
301 2527 370 2570 Rom.
389 2529 404 2571 ,ι
420 2527 447 2572 4,
510 2487 565 2546 IV.
589 2487 732 2562 Secundo,
762 2489 836 2563 Quia
865 2490 1014 2566 Scriptura
1041 2489 1127 2548 refert
1162 2490 1413 2550 Resurrectionem

252 2153 290 2197 oh.
301 2155 325 2196 it.
337 2150 378 2204 19;

442 2562 576 2626 'Christi
597 2568 671 2626 iuter
684 2569 829 2645 prrecipua
852 2579 1029 2646 argumenta,
1052 2569 1158 2646 quibus
1181 2570 1326 2629 Divinitas
1350 2571 1415 2647 ejus

207 2647 353 2724 probatur.
396 2646 513 2722 Paulus,
530 2648 614 2706 Rom.
637 2648 654 2704 i.
679 2653 706 2722 4,
729 2649 799 2706 dicit
820 2669 883 2707 eum
900 2649 988 2708 fuisse
1003 2648 1129 2730 iverint,
1145 2649 1301 2726 id.publico
1323 2651 1414 2708 veluti

159 2745 169 2762 ⁶
209 2727 324 2785 decreto
347 2729 522 2786 dcctcrotum
546 2737 575 2786 et
597 2728 812 2804 comprobatum
838 2730 942 2787 Filium
964 2731 1030 2804 Dei,
1056 2738 1210 2806 potentem,
1226 2729 1272 2787 vel
1284 2739 1415 2805 potenter

200 2811 290 2882 jueta
304 2807 441 2882 Spiritum
461 2808 684 2885 sanctificationis
700 2829 756 2884 per
777 2811 1007 2868 resurrectionem
1027 2831 1047 2868 a
1068 2809 1193 2867 mortuis.
1236 2809 1302 2867 Non
1315 2819 1415 2886 posset

209 2897 305 2946 autem
320 2888 375 2946 hoc
389 2887 446 2944 dici
461 2887 496 2945 de
511 2889 712 2946 resurrectione
723 2889 846 2963 passivo,
863 2889 900 2946 ad
915 2909 1000 2965 quam
1016 2890 1147 2948 Christus
1161 2908 1238 2947 mere
1252 2889 1367 2966 passive
1382 2909 1414 2948 ss

208 2967 365 3038 habuisset,
381 2977 413 3026 ut
427 2968 481 3025 hoc
495 2967 530 3026 de
548 2968 664 3032 Lazaro.
687 2968 747 3025 filia
767 2968 851 3043 Jairi,
874 2977 904 3026 et
923 2969 989 3027 eliis
1008 2969 1153 3027 suscitatis
1167 2989 1184 3026 a
1200 2969 1262 3027 Deo
1283 2969 1341 3027 dici
1354 2988 1413 3028 non

209 3055 313 3124 potest.
357 3047 441 3106 Unde
453 3067 569 3106 necesse
584 3057 629 3106 cst
642 3048 689 3106 hic
698 3048 822 3125 intelligi
835 3050 1066 3108 resurrectionem
1076 3049 1204 3124 activam,
1219 3069 1277 3125 qus
1287 3049 1413 3125 seipsum

208 3128 325 3204 propria
338 3126 498 3186 divinitatis
520 3128 627 3186 virtute
642 3129 789 3200 excitavit,
805 3148 891 3205 quam
915 3129 963 3186 hic
977 3128 1170 3205 perspiritum
1189 3129 1415 3206 sanctificationis

210 3207 364 3282 designari,
391 3227 447 3264 non
473 3207 558 3265 modo
583 3207 646 3265 loca
670 3208 816 3284 parallelo,
832 3208 862 3264 iu
885 3208 990 3284 quibus
1013 3207 1112 3265 divine
1126 3217 1229 3266 natura
1243 3208 1349 3266 Christi
1363 3229 1415 3285 per

213 3285 349 3362 Spiritum
365 3286 438 3344 solet
452 3285 590 3361 denotari,
609 3291 622 3343 1
641 3287 703 3344 Pet.
718 3287 758 3344 iii.
776 3290 821 3361 18,
840 3292 853 3345 l
871 3287 945 3346 Tim.
961 3287 1001 3346 iii.
1018 3290 1064 3360 16,
1081 3288 1172 3346 Mero.
1187 3287 1217 3345 ii.
1233 3289 1259 3362 8,
1276 3287 1329 3346 sed
1341 3308 1413 3364 prae·

211 3365 293 3440 cipue
308 3365 466 3438 antithesis,
483 3385 547 3441 quae
562 3365 600 3423 sit
613 3365 650 3423 od
664 3385 787 3440 carnem,
805 3367 881 3426 clare
896 3367 1012 3426 evincit.
1055 3367 1129 3424 Nam
1151 3375 1183 3425 ut
1201 3367 1306 3425 dicitur
1320 3367 1414 3426 Filius

212 3442 335 3500 Davidis
348 3446 416 3500 κατὰ
431 3447 522 3523 aegea,
538 3443 576 3501 id.
592 3453 724 3519 respectu
744 3455 853 3504 naturae
877 3448 1029 3520 humanae3
1051 3449 1120 3504 aare
1135 3454 1236 3521 Πνεῦμα
1250 3447 1343 3504 Filius
1358 3447 1415 3506 Dei

210 3521 315 3579 dicitur
340 3523 501 3581 declaratus
522 3543 574 3599 per
593 3523 838 3598 resurrectionem,
856 3525 895 3584 id.
925 3526 1081 3584 secuudum
1110 3535 1241 3586 naturam
1269 3526 1413 3604 divinam

211 3601 283 3658 alios
294 3620 394 3658 manca
409 3611 484 3659 essct
498 3602 657 3674 antithesis,
673 3623 726 3660 neo
741 3605 905 3664 ostenderet
919 3605 1076 3664 seeundum
1092 3605 1163 3682 quid
1177 3605 1270 3664 Filius
1285 3605 1340 3663 Dei
1355 3625 1415 3664 nou

211 3680 249 3739 sit
264 3679 356 3738 factus
370 3701 407 3740 ex
422 3682 530 3739 semine
546 3682 677 3740 Davidis.

210 3799 232 3845 3,
247 3799 285 3844 E,
294 3799 350 3844 Joh.
361 3814 383 3844 ,ι
392 3799 436 3847 21·
513 3761 551 3820 V.
573 3761 679 3835 Tertio,
703 3763 777 3836 Quia
799 3764 930 3824 Christus
951 3765 1051 3825 eadem
1066 3786 1153 3842 opera
1173 3787 1237 3824 cum
1253 3773 1332 3842 patre
1346 3765 1416 3825 facit

430 3833 436 3854 '
472 3841 579 3918 pariter
592 3849 621 3899 et
635 3863 809 3919 quoscunque
823 3847 881 3903 vult
893 3847 1015 3920 smcitot,
1031 3846 1052 3906 J
1054 3847 1100 3904 oh.
1115 3867 1145 3905 v.
1160 3851 1208 3904 21.
1224 3846 1266 3903 At
1280 3846 1305 3904 si
1319 3854 1416 3922 potest

211 3919 338 3978 excitare
352 3920 528 3996 quoslibet3
561 3921 626 3997 quis
649 3920 737 3980 dubio
759 3933 855 3999 potest
879 3925 960 3983 loeus
986 3945 1058 3998 esse,
1087 3927 1158 4002 quin
1186 3925 1312 4002 seipsum
1328 3925 1415 3984 etiam

210 3999 367 4058 excitarit?
389 4000 579 4059 Confirmatur
590 4021 627 4059 ex
642 4003 764 4079 eoquod
777 4004 901 4080 seipsum
913 4014 998 4064 vocat
1014 4005 1263 4065 Resurrectionem
1275 4013 1304 4063 et
1315 4005 1413 4079 vitam,

211 4079 280 4138 doh.
297 4079 336 4136 xi.
361 4083 408 4155 25,
433 4083 450 4113 “
460 4081 525 4157 Ego
547 4082 639 4154 sum,’'
662 4081 763 4158 inquit,
790 4084 1002 4143 “Resurrectio
1017 4095 1046 4143 et
1066 4085 1135 4160 vite,
1165 4083 1296 4161 quisquis
1318 4085 1348 4142 in
1369 4103 1415 4143 me

212 4158 311 4231 credit,
327 4159 394 4217 licet
409 4160 446 4219 sit
460 4171 597 4234 mortuus,
614 4161 723 4236 vivet,''
739 4162 790 4220 ubi
811 4163 986 4222 abstractum
1000 4165 1125 4241 positum
1150 4184 1202 4240 pro
1217 4173 1351 4224 concreto
1371 4163 1414 4222 in·

212 4238 275 4296 nuit
299 4259 413 4297 causam
435 4259 498 4298 csse
519 4241 690 4318 praecipuam
720 4243 936 4300 resurrectionis
963 4253 992 4302 et
1019 4244 1126 4302 fontem
1148 4243 1242 4320 ipsum
1266 4244 1343 4318 vitae,
1365 4243 1416 4320 qui

211 4317 331 4394 proinde
344 4318 456 4378 ceteris
470 4321 560 4378 vitem
575 4320 679 4394 dando,
695 4321 756 4398 ipse
772 4322 809 4379 sit
823 4321 934 4398 cegat
956 4333 984 4381 et
997 4323 1214 4382 resurrectionis
1229 4343 1288 4382 sue
1303 4323 1415 4416 author.

226 4435 248 4479 ⁴·
263 4437 362 4482 Μ·
375 4453 389 4482 ¹·
401 4437 437 4484 1⁸·
476 4400 1415 4560 1sliutttttttttttttttttltttttuitlt

212 4557 389 4630 resurgentis
413 4557 548 4617 virtutem
564 4579 597 4617 ac
619 4567 790 4636 potestatem
806 4559 948 4636 importat,
964 4570 996 4620 ut
1015 4563 1065 4639 qui
1086 4562 1192 4622 habeat
1210 4573 1321 4636 natura,
1336 4561 1416 4638 quod

213 4633 261 4689 alii
278 4634 377 4692 fratres
392 4636 482 4712 ipsius
497 4639 682 4714 pergratiam
697 4639 859 4716 adoptionis
874 4649 983 4700 tentum
1000 4642 1139 4701 obtinent.
