3186 5210
248 353 306 410 476
645 366 736 406 rocus
751 365 880 406 necinus
895 364 1030 414 ourrrus.
1273 345 1400 427 [eumer.
1416 363 1461 402 ιν.

244 519 342 570 motus
363 511 427 588 ejus
441 530 499 568 ιιοιι
521 517 617 587 potest
638 508 695 566 dici
716 508 818 566 brutus
833 515 862 565 et
884 507 1065 582 irrationalis,
1081 507 1175 584 qualis
1189 515 1233 566 est
1247 527 1317 583 erga
1337 514 1460 564 truncos

245 598 274 649 et
290 591 411 667 stipites,
438 590 488 648 sed
503 611 568 648 eum
589 588 753 666 cognitione
776 596 805 645 et
828 587 936 644 lumine
959 607 1071 664 semper
1085 589 1266 664 conjunctus.
1309 587 1376 644 Nou
1399 586 1460 642 alio

245 671 352 747 quippe
368 679 479 747 spectat
493 670 659 728 immediate
672 669 728 726 ista
743 668 879 743 operati0,
893 687 978 742 quam
993 675 1025 726 ut
1036 667 1166 726 Verbum
1181 667 1361 744 propositum
1377 665 1459 724 cordi

243 749 399 826 imprimat,
413 751 554 808 rationem
569 769 672 808 caecam
696 747 869 823 captivando
892 747 922 802 in
945 747 1114 823 obsequium
1140 747 1255 822 Christi,
1271 755 1300 805 et
1314 753 1382 818 poet·
1406 765 1459 804 seu

245 830 467 906 propensionem
482 829 642 888 voluntatis
656 827 694 886 ad
708 827 824 900 malum,
841 827 959 884 victrice
981 826 1171 886 delectatione
1193 827 1233 886 ita
1257 825 1407 900 mutando,
1423 836 1458 883 ut

245 909 323 986 quod
338 917 424 967 autea
438 910 504 967 odio
526 918 554 966 ct
576 917 741 984 contemptu
763 907 990 983 prosequebatur
1010 914 1147 984 tanquam
1169 926 1313 966 summum
1337 905 1458 981 malum,

240 990 304 1066 jam
318 1009 415 1047 amore
431 988 643 1047 ferventissimo
657 995 855 1064 prosequatur,
871 995 903 1043 ut
918 1005 1061 1044 summum
1075 987 1192 1045 bonum.

286 1070 337 1126 LI.
362 1069 486 1145 Spiritus
514 1068 679 1126 immediate
700 1067 730 1124 in
754 1066 838 1124 nobis
866 1075 1008 1142 operatur,
1037 1085 1096 1124 non
1119 1075 1178 1125 tarn
1207 1073 1282 1138 ante,
1312 1073 1362 1122 aut
1390 1073 1460 1142 post

244 1147 384 1224 Verbum,
400 1169 487 1225 quam
510 1148 597 1206 simul
620 1168 685 1206 cum
705 1145 822 1222 Verbo,
853 1145 894 1203 ita
918 1154 950 1204 ut
974 1147 1125 1204 conversio
1146 1165 1242 1223 quaea
1265 1145 1375 1221 Spiritu
1389 1165 1459 1223 pro-

244 1229 368 1302 ducitur,
384 1230 414 1285 in
426 1249 477 1286 suo
493 1228 592 1286 ordine
607 1229 693 1286 etiam
708 1246 725 1284 a
739 1225 837 1284 Verbo
853 1225 1010 1284 efficiatur:
1036 1227 1073 1284 ab
1098 1226 1154 1284 isto
1176 1225 1292 1302 quidem
1308 1225 1457 1300 objectiva

245 1317 275 1367 et
288 1309 442 1380 moraliter,
460 1307 496 1365 ab
517 1309 569 1365 illo
583 1328 652 1367 vero
664 1306 821 1365 efficienter
834 1314 863 1363 et
878 1305 1046 1381 subjective.
1091 1305 1169 1364 Hinc
1183 1306 1255 1363 fides
1269 1324 1334 1381 quae
1349 1304 1461 1362 dicitur

245 1408 309 1446 esse
325 1408 361 1445 ex
377 1388 476 1446 auditu
492 1389 645 1463 objectiva,
657 1395 700 1445 est
714 1394 812 1444 tamen
834 1406 851 1443 a
866 1385 968 1462 spiritu
989 1386 1154 1459 efficienter,
1178 1387 1228 1462 qui
1249 1384 1315 1442 ideo
1329 1385 1459 1460 Spiritus

237 1469 312 1547 fidei
335 1467 447 1543 dicitur,
471 1472 488 1525 2
515 1469 580 1526 Gor.
605 1468 644 1525 iv.
673 1469 718 1540 13,
735 1474 876 1542 quatenus
901 1465 976 1522 idem
989 1465 1142 1542 objectum,
1159 1465 1237 1542 quod
1257 1484 1309 1541 per
1322 1464 1458 1523 Verbum

245 1549 425 1606 extrinsecus
436 1548 612 1625 proponitur,
621 1555 649 1605 et
663 1547 700 1605 ab
714 1545 829 1603 homine
840 1544 940 1602 saltem
956 1545 1111 1603 theoretice
1123 1555 1151 1604 et
1160 1544 1295 1604 historice
1306 1545 1456 1621 recipitur,

245 1649 296 1705 por
321 1627 459 1704 Spiritum
483 1629 561 1686 intus
583 1627 673 1685 menti
693 1625 875 1702 imprimitur,
909 1634 940 1682 ut
965 1625 1001 1682 ab
1024 1645 1058 1683 eo
1088 1626 1214 1703 practice
1239 1631 1268 1682 et
1290 1624 1459 1683 salutariter

246 1707 387 1766 credatur.

287 1788 356 1844 Lll.
380 1788 422 1846 Ut
436 1786 566 1845 Verbum
581 1807 639 1844 non
653 1785 783 1844 excludit
797 1783 906 1843 Gratiae
920 1783 1093 1844 immediatae
1102 1785 1317 1844 necessitatem:
1340 1783 1388 1842 Ita
1402 1805 1457 1842 nec

248 1867 350 1926 Gratia
365 1867 531 1925 immediata
552 1887 635 1924 usum
651 1865 742 1923 Verbi
757 1873 785 1923 ct
800 1865 918 1922 aliorum
935 1864 1094 1922 mediorum
1116 1873 1298 1924 externorum
1315 1863 1457 1940 excludit,

244 1946 297 2005 sed
311 1948 456 2024 supponit.
499 1947 638 2020 Quamvis
653 1965 722 2003 vero
738 1945 851 2004 sublato
872 1944 970 2002 Verbo
985 1952 1014 2003 ct
1028 1945 1251 2003 circumstantiis
1277 1944 1350 2001 illud
1365 1945 1456 2001 corni-

245 2027 382 2101 taptibus,
406 2046 464 2085 nou
489 2027 582 2104 possit
601 2027 662 2084 fieri
685 2025 827 2084 ordinarie
847 2025 1006 2100 conversio,
1030 2043 1088 2082 non
1112 2026 1241 2102 sequitur
1261 2024 1319 2081 illis
1342 2025 1456 2101 positis,

247 2107 344 2165 statim
361 2125 424 2164 eam
439 2107 515 2182 poni,
531 2107 585 2164 nisi
602 2107 695 2182 gratia
709 2105 875 2163 immediata
889 2105 962 2162 illud
976 2105 1137 2163 comitetur.

287 2186 372 2243 Llll.
396 2187 535 2260 Quamvis
549 2186 673 2244 hominis
687 2185 857 2262 impotentia
871 2205 947 2244 mere
961 2185 1078 2242 moralis
1089 2193 1185 2260 esset,
1208 2184 1273 2241 Non
1285 2192 1457 2258 sequeretur

244 2266 346 2324 morali
361 2274 472 2323 tantum
488 2266 597 2323 ratione
613 2286 664 2341 per
678 2266 768 2322 solam
780 2265 902 2340 gratiam
914 2265 1089 2341 objectivam
1099 2265 1193 2322 sanari
1207 2264 1345 2340 potuisse.
1389 2264 1455 2322 lmo

248 2364 314 2402 cum
329 2344 563 2419 inexpugnabilis
579 2345 660 2402 sitin
675 2365 779 2420 genere
794 2345 890 2418 moris,
907 2345 966 2401 vim
987 2344 1112 2420 aliquam
1127 2343 1229 2401 morali
1253 2342 1410 2417 fortiorem,
1424 2344 1455 2401 id

244 2433 296 2496 cst,
313 2423 554 2499 hyperphysicam
566 2432 595 2481 et
609 2423 738 2480 divinam
752 2424 887 2500 postulat,
903 2443 961 2499 qua
974 2423 1115 2482 vincatur.
1158 2422 1223 2481 Nec
1237 2424 1331 2500 magis
1345 2422 1388 2480 illi
1402 2427 1455 2500 per

244 2503 370 2560 rationes
398 2502 521 2560 morales
535 2503 693 2560 remedium
715 2503 810 2560 afferri
824 2512 928 2578 potest,
943 2522 1030 2579 quam
1045 2504 1131 2562 morti
1145 2503 1268 2562 naturali
1283 2523 1334 2580 per
1357 2503 1455 2561 media

244 2582 395 2640 naturalia.
422 2583 483 2640 Nec
508 2582 609 2641 sisela
630 2582 712 2640 verbi
736 2583 871 2641 diabolici
897 2584 993 2641 suasio
1015 2584 1100 2642 istam
1121 2583 1319 2660 impotentiam
1343 2583 1454 2660 genuit,

246 2663 342 2722 statim
354 2663 417 2720 tolli
433 2670 527 2739 potest
538 2663 600 2722 sola
620 2662 711 2720 Verbi
727 2663 819 2720 divini
834 2663 974 2721 suasione.
1018 2663 1093 2737 Quia
1106 2663 1135 2721 in
1150 2671 1252 2722 natura
1267 2663 1380 2741 integra
1391 2684 1453 2722 mu·

245 2743 374 2802 tabilitas
384 2743 607 2802 luitessentialis
618 2743 735 2818 homini,
747 2763 804 2819 qua
814 2742 897 2801 facile
915 2743 1017 2801 abono
1029 2744 1058 2800 in
1069 2743 1176 2801 malum
1189 2742 1341 2802 deflectere
1352 2745 1455 2820 potuit.

248 2824 306 2882 Sed
320 2825 350 2881 in
371 2833 474 2882 natura
488 2831 622 2901 corrupta
636 2823 723 2881 nullae
749 2832 902 2900 supersunt
925 2824 1049 2901 amplius
1073 2823 1159 2900 vires,
1175 2824 1281 2901 quibus
1296 2843 1313 2880 a
1327 2824 1452 2900 pessimo

246 2912 322 2964 statu
332 2903 370 2962 ad
384 2905 523 2980 optimum
539 2913 679 2981 resurgat.
702 2907 729 2962 2.
741 2905 840 2963 Gratis
850 2905 1021 2980 supponitur
1032 2903 1229 2980 impotentiam
1240 2923 1290 2980 per
1300 2913 1452 2980 peccatam

248 2992 423 3044 contractam
436 3005 498 3042 esse
513 3004 591 3043 mere
605 2983 742 3042 moralem
755 3006 762 3060 ;
786 3004 849 3041 eum
865 2983 985 3060 physica
1000 2984 1085 3041 etiam
1101 2993 1130 3041 et
1142 2985 1180 3041 sit
1191 2993 1220 3041 ct
1233 2985 1306 3041 bene
1328 2982 1449 3058 dicatur,

250 3075 284 3125 ut
297 3065 449 3142 probatum
466 3064 521 3123 fuit
539 3065 608 3123 Loc.
621 3066 662 3123 X.
679 3065 733 3138 Qu.
749 3068 776 3138 4,
794 3065 932 3140 tumquia
947 3071 1077 3122 enatura
1090 3063 1176 3122 nobis
1195 3063 1277 3138 inest,
1294 3070 1323 3121 et
1344 3063 1453 3120 invicta

246 3155 290 3204 est
303 3166 336 3203 ac
352 3144 553 3222 insuperabilis
565 3145 674 3203 homini
688 3165 746 3203 non
759 3145 855 3202 minus
866 3163 899 3200 ao
913 3164 989 3202 mere
1010 3143 1150 3200 naturalis
1163 3165 1170 3218 ;
1192 3151 1252 3201 tum
1268 3143 1336 3219 quia
1346 3142 1451 3200 realem

247 3234 276 3283 et
290 3225 440 3301 physicam
453 3222 692 3284 inordinationem
707 3234 737 3282 et
758 3223 970 3300 corruptionem
993 3223 1087 3298 infert,
1113 3243 1171 3281 non
1195 3223 1310 3298 quidem
1336 3223 1367 3280 iu
1388 3223 1450 3280 aui·

244 3323 298 3360 mae
314 3304 404 3378 ipsius
419 3305 618 3377 substantiam,
636 3305 681 3382 (ut
696 3305 813 3362 volebat
828 3304 969 3378 Flaccius,
986 3305 1068 3381 cujus
1080 3313 1273 3361 commentum
1284 3303 1386 3360 merito
1401 3323 1450 3360 ex·

244 3381 357 3457 plosum
371 3393 424 3454 est,
440 3404 493 3441 ncc
508 3384 564 3440 nisi
578 3384 731 3441 falsissime
745 3384 829 3442 uobis
840 3384 961 3459 impingi
970 3383 1087 3462 potest)
1104 3383 1194 3441 sedin
1207 3383 1282 3458 ipses
1292 3381 1451 3456 facultates,

246 3469 307 3517 tum
322 3460 470 3518 inferiores
482 3463 634 3539 appetitus,
650 3483 701 3539 per
714 3464 901 3521 rebellionem
913 3463 1075 3539 affectuum,
1092 3473 1152 3522 tum
1173 3464 1333 3540 superiores
1348 3462 1453 3520 mentis

246 3547 275 3596 et
294 3539 459 3613 voluntatis,
486 3561 537 3616 per
561 3561 666 3614 pravos
690 3542 806 3600 habitus
821 3542 879 3600 illis
903 3545 1080 3620 congenitos,
1096 3545 1147 3620 qui
1166 3563 1223 3600 non
1248 3551 1369 3619 possunt
1396 3543 1452 3600 uisi

246 3618 459 3693 hyperphysica
479 3629 507 3676 et
532 3620 730 3678 efficacissima
745 3623 910 3697 operatione
934 3623 964 3680 in
983 3624 1127 3700 integrum
1148 3623 1271 3697 restitui,
1297 3631 1329 3681 nt
1344 3642 1361 3680 a
1374 3621 1452 3680 bono

246 3696 375 3756 sensibili
390 3717 423 3754 ac
438 3699 616 3774 corruptibili
630 3698 667 3756 ad
682 3709 819 3758 aetemum
834 3709 863 3759 et
879 3702 1025 3778 spirituale
1037 3711 1249 3762 convertantur.

287 3777 369 3849 LIV.
392 3778 493 3836 Gratia
520 3778 694 3852 immediata,
719 3780 813 3855 qualis
841 3782 878 3838 ab
907 3782 1084 3842 Orthodoxis
1109 3784 1237 3854 docetur,
1263 3781 1335 3838 nihil
1363 3781 1452 3839 habet

247 3879 397 3917 commune
408 3879 471 3915 cunr
484 3858 698 3934 Enthusiasmo,
713 3859 764 3916 sed
776 3860 968 3919 diversimode
980 3863 1057 3920 abeo
1067 3863 1172 3922 differt.
1187 3867 1212 3921 1.
1226 3862 1452 3920 Enthusiasmus

245 3959 336 3996 novas
359 3939 462 4015 qaaerit
482 3939 672 3999 revelationes
694 3948 777 4000 extra
796 3941 943 4015 Verbum3
968 3942 1026 3999 Sed
1041 3943 1143 4002 Gratia
1157 3943 1321 4000 immediata
1345 3940 1450 4016 nullas,

245 4019 313 4096 quia
334 4018 465 4077 Verbum
482 4041 593 4096 seraper
614 4023 774 4097 comitatur,
790 4043 843 4080 nec
858 4021 937 4078 aliud
955 4023 1024 4098 agit,
1040 4043 1126 4098 quam
1147 4031 1180 4081 ut
1203 4022 1275 4080 illud
1288 4021 1379 4078 menti
1398 4020 1451 4078 im·
1489 4077 1494 4094 ,
1570 4043 1571 4052 ’

244 4099 358 4176 primat.
412 4103 439 4156 2.
477 4099 511 4156 In
551 4101 757 4160 Entlrusiasmo
789 4102 910 4179 objecta,
947 4122 1011 4177 quse
1032 4103 1124 4160 menti
1157 4102 1368 4179 imprimuntur,
1392 4121 1452 4160 non

244 4180 423 4237 extrinsecus
448 4179 615 4254 adveniunt,
640 4181 691 4239 scd
726 4182 803 4240 intus
831 4202 849 4238 a
878 4179 986 4256 Spiritu
1014 4202 1066 4258 per
1096 4202 1216 4240 arcanas
1246 4181 1451 4258 inspirationes

244 4267 448 4334 suggeruntur.
493 4259 552 4317 Sed
570 4261 617 4318 hic
632 4260 776 4336 objectum
800 4260 971 4337 supponitur
981 4281 1093 4339 semper
1106 4263 1286 4322 extrinsecus
1301 4259 1450 4339 advenire,

243 4345 272 4395 ct
293 4358 331 4395 ex
356 4337 454 4396 Verbo
488 4340 557 4414 peti.
593 4343 620 4398 3.
648 4341 870 4398 Enthusiasmus
892 4339 924 4397 tit
944 4361 995 4416 per
1017 4342 1128 4400 subitos
1148 4352 1252 4417 motus,
1283 4343 1333 4420 qui
1355 4341 1451 4418 ipsum

242 4415 402 4492 discursum
428 4425 457 4474 ct
481 4419 726 4478 ratiocinationem
749 4426 940 4492 antevortunt,
958 4430 987 4478 et
1007 4441 1082 4497 saepe
1098 4422 1266 4482 excludunt.
1309 4421 1367 4478 Sed
1384 4423 1451 4498 Spi-

242 4495 315 4552 ritus
335 4497 462 4571 operatio
490 4517 548 4554 non
571 4499 708 4572 excludit,
725 4497 776 4556 scd
799 4518 896 4556 secum
912 4500 1000 4558 trabit
1014 4501 1265 4561 ratiocinationem
1290 4509 1318 4559 ct
1333 4511 1453 4576 gratum

240 4573 398 4631 voluntatis
427 4594 606 4635 consensum.
650 4579 782 4654 Denique
810 4578 941 4656 ueplura
962 4579 1131 4638 discrimina
1152 4584 1210 4657 jam
1230 4599 1450 4659 persequamur,

241 4649 463 4710 Enthusinsmus
484 4674 541 4712 ιιοιι
564 4656 649 4715 infert
663 4659 758 4716 cordis
779 4659 976 4735 mutationem,
992 4671 1021 4718 et
1041 4669 1168 4718 mentem
1190 4661 1278 4720 afficit
1299 4661 1453 4720 immutata
