3146 5210
84 378 264 460 cussum]
507 399 546 438 nn
568 399 736 442 vocn'nenn
758 400 795 440 ur
817 402 894 442 niun.
1232 391 1291 448 443

84 537 191 614 gionis,
207 547 237 598 et
250 559 305 598 usu
322 541 490 615 Sacrorum
518 540 580 600 Iste
592 540 769 601 invisibilem
784 551 813 601 et
827 541 969 601 internam
984 543 1014 602 in
1029 544 1086 604 fide
1101 552 1130 605 et
1144 546 1292 608 charitate.

85 619 135 674 Ex
150 619 201 678 ille
217 620 316 678 Sancti
330 620 464 679 dicuntur
478 621 635 698 aequivoce,
658 622 705 680 Ex
720 623 776 681 ists
789 641 859 681 vero
874 624 987 701 proprie
1002 634 1031 683 et
1045 626 1177 684 univoce.

389 700 480 759 VIII.
502 701 631 775 Quaestio
655 703 701 760 hie
720 711 854 761 movetur
873 703 910 762 ab
931 704 1117 764 Adversariis
1138 707 1214 764 circu
1235 707 1293 766 dis-

83 785 128 829 An
139 785 330 858 Vocetiqexter
350 780 517 839 tinctionem
539 781 662 858 duplicis
684 783 767 841 istius
782 783 960 860 Vocationis,
976 785 1027 842 An
1045 786 1160 845 vocatio
1182 787 1295 846 interne

116 857 149 946 dn?
169 852 203 916 ‘ee
232 851 330 890 rotome
350 869 379 920 ct
399 860 501 919 efficax
522 861 716 939 distinguetur
737 871 849 922 tuntum
867 862 903 921 ab
928 874 1048 923 externa
1062 886 1079 924 e
1092 867 1244 944 posteriori
1265 876 1294 928 et

116 909 328 1007 tiiliffiuifiiibr
349 941 558 1017 eventuuliter;
601 944 651 1000 An
664 961 734 1001 vero
749 945 836 1002 etium
850 964 867 1001 a
881 945 978 1021 priori,
999 945 1112 1005 ratione
1133 947 1293 1006 voluntatis

349 1029 379 1079 et
400 1021 517 1080 Decreti
541 1021 642 1098 divini,
662 1031 691 1081 et
704 1031 814 1082 neturus
838 1024 930 1102 ipsius
951 1025 1143 1086 Vocetiouis?
1184 1027 1292 1087 Luthe·

85 1099 149 1157 reni
164 1100 241 1158 enim
255 1100 446 1160 Vocetionem
468 1101 608 1160 Internum
623 1111 653 1162 et
666 1112 816 1162 externam
831 1123 848 1161 a
861 1113 942 1181 parte
955 1105 998 1163 rei
1012 1127 1099 1164 unam
1114 1106 1292 1186 eandemque

85 1181 271 1256 consentite
285 1189 317 1240 ut
331 1201 431 1239 omnes
456 1189 574 1241 externe
597 1184 701 1258 vocati,
731 1185 842 1243 interne
867 1204 981 1262 quoque
1005 1197 1154 1247 vocentur.
1185 1188 1293 1264 Rogati

85 1279 164 1334 vero,
180 1262 232 1338 qui
245 1261 303 1336 fist,
320 1261 399 1337 quod
409 1261 534 1320 Vocatio
548 1271 668 1322 externe
681 1263 712 1320 in
725 1284 783 1322 uno
798 1264 837 1322 sit
846 1263 957 1340 efficax,
973 1265 1003 1322 in
1017 1267 1107 1326 altero
1122 1271 1199 1326 non?
1220 1269 1292 1328 Res·

83 1340 222 1417 pendent,
238 1341 269 1399 id
283 1341 319 1399 ab
334 1341 458 1400 hominis
473 1342 541 1400 oriri
555 1344 713 1402 voluntate.
746 1343 911 1402 Arminieni
925 1366 985 1404 rem
1000 1346 1104 1407 clarius
1119 1349 1290 1425 edisserunt,

86 1421 278 1480 Vocetionem
292 1421 323 1478 in
337 1422 510 1499 quibusdem
525 1443 588 1482 esse
610 1423 793 1499 lnefficecem
808 1425 839 1481 in
853 1424 918 1483 aliis
941 1445 1008 1501 nou,
1038 1447 1096 1484 non
1118 1428 1197 1505 quod
1212 1429 1292 1487 Deus

84 1500 170 1576 pluro
184 1502 214 1559 in
228 1501 287 1560 illis
300 1509 441 1579 operetur,
458 1503 510 1560 sed
524 1503 602 1580 quod
618 1504 695 1562 bonu
715 1505 839 1563 bominis
860 1505 996 1564 voluutas
1017 1506 1172 1566 efficaciam
1194 1527 1291 1587 super-

86 1581 183 1658 addet,
207 1582 341 1660 quodque
361 1581 403 1639 illi
424 1603 476 1660 pro
498 1603 550 1641 sue
569 1583 703 1643 libertate
722 1584 877 1643 admittunt
898 1586 1037 1661 Verbum,
1059 1586 1138 1664 quod
1158 1588 1208 1646 ulii
1232 1609 1292 1647 res·

86 1671 188 1738 pnunt.
220 1663 278 1720 Sed
293 1661 454 1722 Orthodoxi
470 1662 622 1722 discrimen
637 1663 716 1723 istud
730 1684 789 1723 non
803 1665 840 1722 ub
851 1665 976 1724 bominis
989 1666 1082 1725 libero
1096 1667 1214 1727 arbitrio
1229 1687 1290 1726 sus·

87 1742 226 1817 pendunt,
243 1750 272 1801 et
286 1743 349 1800 solo
367 1749 474 1801 eventu
495 1742 701 1819 dimetiuntur3
731 1744 783 1804 sed
796 1745 833 1802 ab
848 1745 910 1822 ipso
933 1746 990 1803 Dei
1008 1747 1133 1806 Decreto
1147 1755 1177 1806 et
1190 1756 1293 1806 nutrire

87 1821 267 1896 Vocetionis,
283 1831 312 1880 et
326 1822 490 1881 discrimine
512 1823 621 1882 Grstiee
643 1823 821 1902 subjectivae,
843 1844 908 1901 quae
928 1825 1015 1903 longe
1035 1826 1178 1886 efficacius
1192 1828 1222 1885 in
1236 1829 1291 1904 bis,

88 1921 176 1976 quem
190 1901 221 1958 in
234 1902 292 1960 illis
306 1911 447 1979 operetur,
466 1911 577 1980 petunt.

128 1981 188 2039 IX.
231 1982 369 2041 Rationes
390 1991 465 2058 sunt,
510 1986 536 2042 1.
580 1983 654 2058 Quia
675 1984 799 2044 Vocetio
820 1985 934 2044 interne
954 1993 999 2044 est
1019 1995 1084 2041 »aet
1097 1993 1201 2061 retorsa»,
1224 2008 1289 2065 quse

86 2061 208 2136 proinde
223 2061 359 2140 pendete
374 2063 498 2122 Decreto
514 2063 578 2140 Dei,
594 2071 623 2122 et
637 2073 681 2123 est
696 2073 802 2124 esterna
816 2073 844 2124 et
859 2073 1045 2134 ιἰμιημίληω,
1065 2067 1149 2126 Rom.
1164 2067 1225 2126 viii.
1241 2072 1290 2144 28,

86 2149 117 2199 et
138 2143 178 2201 xi.
201 2145 262 2215 29;
306 2143 372 2200 Non
396 2163 466 2220 ergo
491 2143 593 2202 efficax
616 2151 729 2204 tentum
757 2145 955 2204 eventnaliter.
998 2149 1026 2204 2.
1068 2147 1143 2221 Quis
1170 2156 1292 2208 eventus

86 2221 148 2298 ipse
162 2242 221 2281 uon
235 2223 352 2281 aliunde
366 2224 481 2300 pendet,
504 2244 590 2300 quem
605 2225 719 2302 abipso
735 2225 860 2284 Decreto
875 2225 940 2300 Dei,
963 2225 1013 2302 qui
1027 2226 1068 2284 ite
1081 2225 1181 2304 dirigit
1195 2228 1291 2287 Vocu-

85 2302 195 2360 tionem
218 2311 359 2380 potenter,
381 2311 413 2362 ut
434 2314 570 2362 eventum
595 2324 677 2363 suum
702 2306 865 2363 necessario
890 2305 1026 2364 sortiatur
1039 2306 1070 2363 in
1087 2307 1131 2381 iis,
1153 2309 1293 2384 quisunt

87 2381 181 2456 electi,
198 2382 267 2441 Act.
281 2383 342 2440 xiii.
358 2385 407 2457 48,
437 2384 652 2444 “Crediderunt
665 2393 807 2462 quotquot
821 2384 946 2444 ordInuti
960 2395 1041 2445 erunt
1055 2385 1092 2446 sd
1106 2387 1196 2446 vitem
1211 2395 1293 2447 eeter-

86 2463 184 2521 uam.'’
227 2466 255 2522 3.
284 2463 358 2537 Quia
378 2463 450 2522 clius
473 2465 560 2524 borno
590 2463 715 2542 seipsum
740 2465 958 2541 discrimInsret,
985 2477 1084 2526 contre
1109 2467 1243 2542 Paulum,
1274 2471 1289 2526 l

87 2543 154 2600 Cor.
169 2542 209 2602 iv.
225 2547 252 2617 7,
283 2543 384 2617 “Quis
404 2551 433 2602 te
448 2542 609 2603 discernit?
640 2545 717 2620 Quid
730 2545 821 2604 babes
835 2545 912 2622 quod
930 2565 989 2604 non
1010 2547 1177 2624 acceperis?
1188 2549 1204 2577 ’'
1231 2549 1292 2607 Nec

86 2631 164 2682 esset
180 2625 197 2656 ‘⁴
212 2623 302 2682 solius
318 2623 373 2682 Dei
388 2624 557 2700 miserentis,
574 2623 626 2684 sed
639 2625 764 2684 bominis
777 2626 903 2685 volentis
917 2634 946 2684 et
960 2627 1130 2701 currentis,''
1149 2627 1234 2686 Rom.
1249 2629 1296 2688 ix.

86 2705 146 2780 163
176 2723 241 2762 cum
263 2713 360 2762 tumen
381 2704 462 2762 Deus
485 2713 619 2782 operetur
639 2705 669 2762 in
690 2705 774 2764 nobis
797 2706 874 2764 velle
888 2713 917 2764 et
930 2706 1075 2783 perficere,
1099 2707 1174 2765 Phil.
1196 2707 1226 2765 ii.
1244 2711 1291 2766 13.

85 2783 164 2857 Quid
184 2785 232 2842 hic
253 2793 413 2862 opponetur
427 2783 464 2842 eb
479 2784 665 2844 Adversariis
689 2784 876 2862 expendetur,
898 2805 986 2862 quum
1002 2786 1038 2846 de
1055 2785 1181 2845 efficacia
1195 2787 1290 2846 Voce-

85 2863 173 2922 tionis
187 2873 291 2941 egetur
304 2864 335 2922 iu
350 2864 545 2941 sequentibus.

130 2944 171 3002 X.
197 2945 321 3003 Vocatio
336 2963 435 3003 rursus
449 2943 590 3022 distingui
604 2945 678 3004 solet
692 2945 722 3004 in
736 2945 915 3004 ordinariam
929 2954 958 3003 et
971 2944 1134 3020 mediatem,
1150 2953 1179 3004 et
1193 2955 1290 3005 extra·

86 3024 265 3082 ordinarium
279 3035 307 3082 et
321 3024 525 3083 Immedistsm.
555 3025 612 3083 llls
626 3034 678 3101 est,
701 3045 787 3103 quem
803 3025 883 3084 Deus
897 3023 1017 3083 udbibet
1029 3025 1060 3082 in
1074 3025 1218 3084 ordmeris
1232 3026 1290 3086 dis·

86 3103 254 3181 pensatione
268 3105 377 3182 grstiae,
393 3124 458 3181 quse
472 3105 506 3162 fit
519 3105 684 3164 interventu
697 3105 856 3164 mediorum
871 3113 1064 3182 externorum,
1075 3125 1125 3164 seu
1140 3106 1291 3166 ministerii

85 3185 244 3243 hominum.
287 3186 349 3243 Iste
369 3203 447 3260 vero,
470 3205 535 3261 quae
556 3193 639 3244 extre
660 3185 790 3244 ordinem
809 3184 873 3243 fieri
894 3185 975 3259 solet,
995 3194 1127 3262 respectu
1148 3195 1290 3246 certorum

85 3265 310 3339 individuorum,
323 3285 388 3341 quae
400 3265 481 3324 Deus
489 3265 654 3326 immediate
668 3273 697 3324 et
710 3285 762 3343 per
776 3285 815 3340 se,
831 3265 939 3342 absque
954 3265 1119 3326 interventu
1132 3267 1289 3343 bominum,

86 3353 172 3403 vocat
186 3345 223 3404 sd
237 3365 268 3404 se
283 3353 313 3404 et
327 3345 478 3422 convertit,
501 3345 595 3422 qualis
609 3346 673 3405 vIss
686 3354 731 3405 est
744 3346 776 3404 in
788 3346 909 3422 latrone,
931 3345 1032 3423 Peulo,
1054 3354 1084 3405 et
1104 3347 1169 3406 eliis
1189 3347 1289 3407 imme·

85 3424 163 3484 diste
178 3445 194 3484 c
209 3426 273 3485 Deo
288 3425 409 3484 vocetis.

549 3664 743 3739 QUAESTIO
778 3665 821 3722 II.

460 3843 499 3882 DE
520 3843 690 3883 vrtcsrronn
711 3843 917 3884 uurnououun.

86 3982 134 4039 An
144 3983 276 4058 Reprobi,
289 3985 337 4060 qui
352 3984 509 4042 Vocatium&
522 3986 729 4064 wternoeflunt
736 3985 899 4062 participes,
918 4006 949 4044 eo
964 3987 1023 4044 Dei
1035 3987 1147 4045 consilio
1161 3996 1188 4044 et
1201 3987 1288 4047 inten-

127 4061 200 4119 tione
219 4071 357 4138 oocentur,
372 4063 510 4122 msalutis
522 4065 786 4144 stuntparticspes!
829 4067 871 4124 Et
884 4067 938 4140 An,
954 4067 1006 4124 loo
1025 4075 1133 4141 nepotc,
1155 4077 1289 4142 sequatur

126 4143 222 4199 Deum
232 4161 293 4200 eum
303 4141 357 4201 iub
367 4163 423 4201 nou
433 4163 518 4219 apere
527 4145 609 4222 serio,
624 4148 675 4205 sed
683 4146 849 4224 hypocritice
860 4155 887 4204 et
895 4147 1022 4203 simulate
1026 4169 1039 4219 ,·
1052 4148 1097 4203 vel
1104 4165 1189 4222 posse
1202 4146 1287 4222 injus·

128 4221 196 4280 titice
209 4221 292 4280 ullius
305 4223 437 4282 aequari
443 4225 457 4282 ‚²
498 4223 571 4301 Neg.

389 4381 414 4441 Ι.
443 4381 570 4456 Quaestio
590 4384 653 4444 haec
672 4383 757 4444 nobis
777 4383 929 4444 intercedit
943 4403 1008 4442 cum
1023 4383 1207 4460 Lutherenis,
1230 4385 1288 4444 Ar-

115 4444 311 4549 Sssigflonsslffl·
349 4461 491 4538 miniunis,
516 4471 544 4522 ot
567 4464 676 4524 Gratius
691 4464 873 4525 Universulis
890 4464 1040 4539 Petronis;
1062 4463 1121 4541 qui,
1146 4473 1179 4523 ut
1193 4465 1288 4525 Voce·

350 4541 437 4600 tionis
452 4542 708 4604 Universulitstem
722 4544 880 4620 adstruunt,
891 4544 992 4602 saltem
1003 4544 1099 4621 quoad
1109 4545 1289 4606 Praeconium

84 4619 242 4699 Evangelii
255 4620 286 4678 in
302 4621 433 4680 Ecclesia
446 4621 563 4696 visibili,
584 4625 760 4700 pertendunt
773 4632 916 4702 quotquot
928 4633 1068 4684 vocantur
1082 4645 1133 4702 por
1146 4625 1286 4704 Verbum,

82 4723 99 4762 a
115 4703 179 4762 Deo
193 4701 292 4761 vocari
306 4721 372 4762 oum
383 4701 541 4761 intentione
551 4703 669 4765 salutis:
684 4705 753 4783 quia
766 4704 839 4763 elius
850 4705 931 4764 Deus
941 4703 1075 4765 illuderet
1083 4704 1248 4766 homiuibus
1259 4716 1288 4768 et
