3108 5198
85 383 187 433 ouum.
201 362 263 444 ιιι]
387 440 390 446 Ι
592 381 647 422 on
662 381 739 422 neon
754 377 815 421 nm.
1255 369 1293 424 25

94 527 146 584 tisis
168 523 352 583 illustratum
381 531 411 582 ct
433 523 583 591 sancitum,
606 523 705 601 qualia
727 529 794 582 sunt
815 529 878 580 tum
900 521 1065 600 exemplum
1090 523 1206 600 Christi,
1233 533 1294 584 tum

96 607 208 663 nuima
219 604 301 663 illius
315 603 482 680 beneficia,
501 604 608 680 quippe
623 603 649 664 si
666 623 721 662 nos
735 611 883 679 tantopere
906 602 1017 678 dilexit,
1044 602 1183 664 debemus
1207 605 1294 664 vicis·

100 686 153 758 sim,
165 693 196 744 ut
208 703 288 743 amor
301 703 405 742 amore
419 693 628 760 compensatur,
644 683 675 741 in
695 682 844 742 charitatis
864 682 1121 743 redhostirnentum
1146 693 1176 743 ct
1199 684 1294 762 ipsum

101 775 126 824 st
137 765 229 824 hahes
242 773 361 824 nosnos
373 773 493 841 propter
505 764 600 841 ipsum
620 763 750 839 diligere,
768 766 783 820 1
799 763 870 822 Joh.
884 763 924 821 iv.
942 765 996 840 113
1018 783 1126 822 novum
1147 764 1234 824 etiam
1249 784 1294 824 ra·

103 843 346 919 tonsuratione,
361 844 432 921 quia
444 852 612 920 perpetuum
628 853 672 903 est
686 852 715 902 et
729 850 876 902 aeternum.

138 925 252 982 XXIV.
274 925 340 982 Non
352 929 450 1000 potest
464 923 522 982 dici
534 923 688 1000 quicquam
703 922 833 981 additum
852 942 870 980 e
884 921 999 982 Christo
1013 921 1109 998 quoad
1129 923 1295 984 essentialia

103 1005 239 1082 preceptis
253 1003 343 1081 Legis
356 1003 484 1080 moralis.
526 1003 591 1062 Nou
608 1003 713 1079 Prim0,
728 1003 876 1062 velrsooas
898 1005 996 1061 modae
1020 1004 1131 1078 orandi
1157 1004 1207 1080 qui
1231 1024 1296 1063 cra·

103 1084 172 1142 tione
188 1083 337 1142 Dominica
358 1082 512 1159 definitur,
545 1083 620 1157 Quia
637 1090 812 1159 preceptum
834 1081 949 1141 colendi
972 1090 1002 1142 et
1025 1082 1164 1140 adorandi
1189 1085 1293 1158 Deum,

103 1165 247 1222 cretionem
260 1163 424 1222 nccemamo
437 1163 574 1236 continet,
589 1170 619 1221 et
632 1162 766 1240 quamvis
780 1162 872 1221 oratio
888 1162 1040 1220 Dominiea
1054 1161 1150 1240 quoad
1172 1162 1294 1221 formam

101 1243 236 1302 cChristo
250 1243 288 1303 ait
300 1242 443 1317 instituta,
458 1242 530 1300 nihil
544 1242 632 1300 habet
652 1240 749 1319 quoad
773 1241 922 1300 materiam
941 1252 970 1300 et
980 1261 1028 1300 rea
1047 1245 1193 1318 petendus,
1216 1243 1295 1320 quod

99 1323 224 1398 precihus
238 1322 410 1382 Sanctorum
432 1322 463 1379 in
476 1321 578 1381 Veteri
591 1323 670 1380 Test.
685 1341 744 1380 nou
758 1321 796 1380 sit
809 1340 978 1399 expressum
990 1343 997 1396 ;
1019 1321 1077 1380 Vel
1090 1343 1176 1381 nouus
1189 1323 1297 1383 caea

101 1405 184 1460 cutha
196 1410 223 1461 et
237 1401 332 1461 Patris
352 1402 385 1459 in
398 1402 481 1478 ipso;
504 1402 578 1474 Quia
592 1401 720 1460 adoratio
736 1401 843 1460 Christi
857 1409 886 1460 et
906 1401 1042 1458 mandata
1063 1400 1117 1460 fuit
1138 1402 1242 1480 saepius
1263 1403 1294 1460 in

101 1481 165 1540 Vct.
179 1482 260 1558 Test,
277 1481 385 1540 Psalm.
400 1481 430 1540 ii.
448 1485 493 1555 12,
509 1490 538 1540 et
552 1482 613 1540 xlv.
630 1485 677 1555 ll,
692 1489 721 1540 et
739 1481 827 1540 xcvii.
838 1484 866 1557 7,
883 1480 978 1539 Exod.
993 1481 1086 1556 xxiii,
1102 1488 1132 1540 et
1152 1482 1294 1560 exemplis

100 1561 183 1619 variis
196 1562 368 1637 confirmata,
384 1561 554 1634 AbrahemI,
570 1561 644 1621 Gen.
660 1561 741 1619 xviii.
757 1564 804 1635 23,
818 1559 890 1637 &c.;
906 1559 1021 1636 Jacobi,
1038 1561 1112 1620 Gen.
1128 1561 1221 1620 xlviii.
1238 1564 1294 1638 16,

101 1639 231 1716 Danielis,
245 1643 285 1701 in
303 1645 349 1716 11,
366 1638 421 1700 &a
464 1641 527 1699 Imo
541 1641 622 1700 nulla
636 1641 727 1699 oratio
741 1660 759 1699 a
773 1641 908 1699 Patribus
922 1640 978 1698 nisi
1002 1639 1032 1696 in
1056 1641 1171 1699 nomine
1187 1641 1295 1700 Christi

100 1720 195 1779 saltem
208 1721 343 1798 implicite
358 1719 454 1796 fiebat,
470 1730 611 1797 quatenus
625 1721 771 1780 nitebatur
788 1719 1027 1798 promissionibus
1041 1719 1157 1794 divinis,
1172 1739 1294 1796 quarum

97 1798 306 1860 fundamentum
320 1809 383 1860 crat
397 1801 530 1876 Messias,
545 1805 563 1859 2
579 1802 644 1859 Cor.
658 1800 679 1858 i.
694 1802 742 1858 20.

138 1879 237 1939 XXV.
255 1881 326 1960 'Non
342 1879 484 1954 Secundo,
497 1900 551 1958 per
563 1880 726 1955 Imaginem
739 1888 766 1938 ct
778 1880 934 1952 idolorum,
950 1897 1009 1935 non
1022 1877 1108 1936 modo
1123 1878 1227 1953 cultus,
1243 1878 1295 1938 sed

97 1958 390 2034 etismsahricatimu's,
406 1969 435 2019 et
451 1959 579 2020 locorum
594 1959 686 2018 Idolis
701 1979 847 2018 sacrorum
863 1957 1110 2034 frequentationis,
1128 1959 1294 2034 prohihitio-

96 2058 165 2096 nem.
204 2039 276 2114 Quia
289 2041 345 2098 hoc
360 2039 454 2117 ipsum
465 2041 527 2115 jam
541 2040 595 2099 sub
610 2039 712 2098 Veteri
726 2039 805 2097 Test.
820 2045 995 2116 praeceptum
1009 2036 1109 2111 luerat,
1125 2058 1214 2115 quum
1226 2039 1294 2096 Ido-

96 2116 125 2176 ls
138 2117 269 2178 Gentium
283 2119 422 2195 comburi,
438 2119 540 2178 altaria
550 2119 672 2193 destrui,
688 2128 718 2178 et
730 2118 790 2178 luci
804 2117 914 2178 succidi
925 2117 1072 2195 jubentur,
1099 2117 1194 2177 Exod.
1209 2118 1293 2176 xxiii.

96 2200 144 2270 24,
167 2198 318 2258 Deuteron.
343 2199 395 2258 xii.
410 2204 438 2274 2,
454 2202 482 2257 3.
524 2200 589 2257 Imo
602 2198 796 2272 interdicutm,
815 2218 852 2258 ne
873 2197 991 2256 nomina
1011 2196 1159 2258 Idolorum
1180 2198 1211 2256 in
1235 2218 1293 2258 ser—

95 2277 221 2338 monibus
235 2287 417 2356 usurpentur,
434 2278 530 2338 Exod.
544 2278 627 2336 xxiii.
645 2282 691 2353 13,
707 2285 737 2338 et
751 2278 828 2337 Psal.
843 2278 904 2336 xvi.
920 2281 948 2352 4,
964 2277 1012 2336 vel
1026 2278 1202 2337 consortium
1227 2299 1293 2337 cum

94 2355 255 2417 Idololatris
268 2359 405 2435 religioni
420 2358 588 2418 damnosum
604 2357 723 2435 colatur,
741 2358 877 2417 Deutero.
891 2359 942 2416 vii.
958 2361 985 2432 2,
1002 2360 1030 2416 3.

137 2436 255 2496 XXVI.
277 2439 345 2496 Non
360 2439 467 2512 Tertio,
482 2438 540 2497 Vel
554 2457 605 2515 per
620 2437 851 2497 Advocationem
866 2437 974 2496 Christi
992 2437 1022 2494 in
1036 2437 1232 2495 testimonium
1246 2445 1292 2496 ut-

93 2523 163 2592 pote
172 2517 297 2576 cordium
308 2519 486 2593 scrutatoris,
502 2517 625 2594 Apocal.
640 2517 670 2577 ii.
685 2521 734 2576 23.
776 2517 851 2592 Quia
867 2525 900 2576 ut
912 2517 1045 2576 Christus
1066 2524 1204 2594 tanquam
1219 2536 1292 2575 coae-

93 2605 190 2655 ternus
203 2606 230 2656 et
243 2597 442 2657 eoesmtidis
457 2598 538 2657 Patri
550 2597 686 2656 adoratus
700 2605 745 2656 est
757 2597 788 2654 in
803 2597 841 2656 V.
857 2597 945 2670 Test,
961 2597 1002 2655 ita
1019 2597 1149 2674 juratum
1174 2605 1219 2655 est
1241 2615 1294 2672 per

92 2694 193 2735 nomen
205 2678 277 2755 ejus,
293 2677 353 2736 lsa.
367 2677 430 2735 xlv.
445 2681 493 2752 23,
508 2687 538 2736 et
552 2677 637 2736 Rom.
652 2677 712 2735 xiv.
730 2680 777 2736 11.
808 2677 866 2735 Vel
884 2696 936 2754 par
949 2675 1115 2735 Juramenti
1129 2675 1292 2734 absolutam

90 2757 318 2832 prohibitionem,
332 2757 383 2834 qui
403 2767 454 2816 eut
467 2765 552 2816 antea
565 2755 683 2831 dictum,
708 2776 767 2815 non
787 2756 919 2815 absolute
943 2763 973 2814 et
997 2755 1165 2832 simpliciter
1185 2755 1292 2814 intelli-

91 2835 201 2910 gendus
214 2846 261 2896 est
273 2857 369 2895 sermo
383 2837 499 2913 Christi,
515 2837 621 2896 Matth.
643 2855 681 2912 v.,
697 2835 749 2895 sed
768 2827 890 2895 limitate
904 2833 1000 2912 quoad
1021 2835 1182 2911 subjectam
1202 2841 1292 2892 mate·

91 2915 169 2990 n'am,
180 2917 220 2974 id.
234 2917 402 2976 temerarias
411 2917 476 2974 illas
490 2925 519 2976 et
532 2935 692 2994 perversas,
702 2934 767 2993 quse
782 2916 811 2972 in
826 2913 1002 2991 quotidianis
1016 2913 1196 2972 sermonibus
1210 2933 1292 2971 usur·

90 2995 236 3072 pabantnr,
249 2996 367 3074 jurandi
382 2994 520 3054 formulas
532 3016 584 3074 per
603 3003 757 3055 creaturas.
800 2995 864 3052 Non
880 2992 998 3067 Quarto,
1013 3011 1064 3066 per
1084 2993 1294 3067 abrogationem

91 3073 226 3152 sabbathi,
239 3075 324 3150 Quia,
339 3085 372 3134 ut
383 3082 485 3152 postea
494 3075 671 3153 probabitur,
682 3075 853 3150 abrogatum
867 3079 979 3131 tantum
993 3079 1038 3129 est
1051 3069 1148 3145 quoad
1161 3089 1295 3129 caeremo-

90 3153 171 3228 m'ale,
185 3175 245 3213 non
258 3154 357 3232 quoad
370 3154 486 3214 morale.
1373 3222 1380 3234 Ι

130 3234 272 3294 XXVII.
295 3235 362 3294 Non
376 3234 492 3309 Quinto,
512 3253 565 3312 per
586 3233 820 3310 Magistratuum,
847 3230 1045 3304 Dominorum,
1069 3236 1099 3288 ct
1122 3229 1294 3288 Munitorum

91 3312 205 3388 cultum,
216 3315 268 3392 qui
282 3315 374 3372 instar
388 3314 506 3372 Petrum
515 3315 665 3373 observari
679 3312 812 3372 debcant
842 3311 917 3386 Quia
925 3317 1035 3369 certum
1045 3308 1099 3368 sub
1108 3309 1224 3369 nominc
1234 3311 1292 3369 Pa·

91 3401 161 3450 trum
175 3396 264 3453 etiam
278 3394 309 3451 in
323 3395 391 3452 Vet.
406 3395 486 3452 Test.
500 3401 530 3452 et
544 3393 735 3470 Magistratus
749 3400 779 3452 et
794 3391 935 3450 Dominos
950 3409 1001 3448 seu
1024 3388 1109 3448 heros
1123 3398 1153 3448 ct
1174 3390 1293 3450 maritos

91 3472 221 3551 intelligi,
237 3474 345 3532 Genes.
360 3473 413 3533 xli.
428 3476 477 3546 43,
492 3482 521 3533 et
534 3474 596 3532 xlv.
612 3475 640 3548 8,
662 3473 731 3533 Job.
753 3471 837 3530 xxix.
862 3473 908 3544 16,
931 3475 948 3527 2
964 3469 1038 3546 Reg.
1050 3489 1079 3527 v.
1097 3471 1143 3542 13,
1167 3471 1217 3546 qui
1241 3490 1293 3546 po·

90 3559 190 3612 testate
205 3573 259 3612 sua
272 3553 419 3612 moderate
434 3561 463 3611 et
475 3561 602 3629 paterne,
617 3571 676 3610 non
690 3551 844 3628 despotice,
860 3549 967 3608 debent
980 3549 1031 3623 uti,
1048 3548 1135 3606 Deut.
1145 3568 1174 3606 v.
1184 3549 1231 3622 20,
1243 3553 1290 3623 21,

90 3639 117 3689 et
129 3633 203 3691 xvii.
220 3635 266 3706 15,
283 3639 313 3704 et
326 3632 409 3690 xxiv.
427 3635 461 3708 l;
484 3631 573 3690 Mala.
596 3631 625 3691 ii.
650 3635 695 3704 14,
713 3635 759 3691 15.
801 3629 868 3689 Non
894 3629 993 3703 Sexto,
1008 3647 1060 3704 per
1078 3629 1293 3703 prohihitionem

90 3711 138 3768 irre
151 3722 178 3770 ct
190 3713 363 3788 ίιῄιιπὶυτινη
378 3731 448 3788 erga
460 3711 586 3786 fratrem,
602 3719 632 3769 et
644 3711 772 3769 dedicta
785 3702 970 3784 cuj'uammquc
981 3731 992 3778 ;
1014 3705 1088 3780 Quia
1096 3708 1192 3783 quoad
1202 3707 1290 3785 prius,

92 3789 150 3848 Lex
163 3791 345 3868 prohibendo
359 3790 555 3866 homicidium,
570 3789 704 3867 prohibet
717 3807 896 3866 quaeeunque
916 3807 950 3846 eo
974 3785 1129 3859 deducunt,
1155 3795 1215 3844 tum
1241 3806 1290 3844 cx·

90 3869 226 3929 trinsecus
239 3870 363 3947 iujurias
376 3877 407 3929 et
420 3868 547 3943 dicteria,
563 3879 625 3928 tum
638 3869 717 3928 intus
730 3875 825 3926 motus
839 3868 889 3925 irae
904 3876 933 3925 ct
947 3866 1014 3938 odii,
1023 3864 1124 3939 Quoad
1137 3863 1289 3940 posterius,

91 3949 230 4009 aChristo
244 3949 375 4008 vindicta
387 3949 502 4025 private
513 3957 626 4007 tantum
641 3957 757 4008 vetatur
766 3948 854 4024 juxta
868 3947 986 4022 Legem,
1001 3965 1060 4002 non
1073 3963 1143 4001 vero
1164 3941 1289 4020 publice,

92 4045 150 4102 que
161 4047 219 4087 non
234 4037 331 4106 potest
345 4028 472 4106 separari
486 4029 522 4086 ab
534 4027 626 4086 officio
641 4027 840 4104 Magistratus,
857 4026 941 4084 Rom.
956 4023 1018 4081 xiii.
1036 4026 1061 4099 l,
1077 4025 1105 4081 2.

129 4107 285 4166 XXVIII.
308 4109 376 4166 Non
392 4107 529 4184 Septimo,
553 4126 605 4184 per
628 4105 812 4166 interdictum
834 4113 969 4182 aspectus
988 4101 1126 4178 impudici
1150 4101 1287 4179 mulieris,

93 4185 200 4246 divortii
213 4197 298 4248 extra
312 4205 429 4246 causam
443 4185 586 4260 adulterii,
601 4193 631 4244 et
644 4185 736 4245 omnis
751 4185 932 4244 scortationis
946 4192 976 4242 et
997 4181 1173 4260 turpiloquii.
1216 4182 1290 4256 Quia

94 4263 141 4324 ista
152 4268 248 4326 omnia
262 4267 319 4326 sub
339 4266 490 4343 Legejam
505 4265 695 4340 continentur,
719 4285 785 4342 qua
807 4264 862 4322 sub
885 4282 943 4322 unc
966 4263 1061 4338 speeie
1082 4269 1173 4322 totum
1197 4281 1290 4336 genus

95 4347 291 4423 complectitur,
308 4345 436 4406 vetando
455 4364 568 4404 omnem
591 4344 793 4421 impuritatem,
809 4362 873 4420 quae
896 4342 945 4400 vel
967 4341 997 4398 in
1021 4361 1106 4418 opere
1129 4341 1179 4398 vel
1192 4340 1290 4398 verbis

93 4427 259 4502 aaseexerit,
275 4433 307 4485 et
328 4433 505 4502 praeceptum
529 4423 672 4488 decimum
697 4422 733 4482 de
756 4420 989 4500 concupiscentia
1013 4419 1043 4478 id
1067 4422 1161 4496 ipsum
1186 4416 1287 4474 lortius

93 4503 236 4564 confirmat.
281 4503 451 4563 Divertium
465 4523 543 4577 vcro,
559 4511 593 4561 ut
607 4521 693 4579 supra
707 4503 824 4575 dictum,
840 4522 898 4560 non
912 4499 1084 4579 permissum
1098 4496 1145 4552 vel
1160 4513 1286 4568 praeeep·

94 4589 141 4641 hin
153 4583 207 4644 fuit
221 4587 305 4662 Lege
329 4583 441 4656 morali,
457 4582 509 4640 sed
529 4582 681 4642 toleratum
696 4589 806 4640 tantum
824 4581 902 4657 Lege
924 4576 1030 4638 forensi
1053 4581 1169 4650 propter
1182 4585 1287 4650 nargo-

92 4661 178 4744 nagh'as
190 4665 305 4743 populi.
