3192 5206
189 327 247 386 321
617 341 708 388 accus
724 341 1001 384 nacruuarnnrrus.
1170 317 1300 401 [auser.
1315 335 1404 378 xvnr.

230 485 273 546 11.
296 484 406 544 Verum
421 491 465 544 est
489 502 547 543 non
566 485 640 570 integ
665 503 695 544 se
719 504 772 562 per
793 483 889 542 omnia
909 482 1080 544 consentire.
1122 479 1246 556 Quidam
1269 479 1354 556 enim,
1370 488 1404 538 ut

188 567 405 624 Brccltmanuue
419 564 455 622 de
465 564 588 638 Christo,
603 565 678 623 Sect
696 567 742 640 16,
757 583 816 622 non
829 571 937 640 negant
952 562 1161 622 Ascensionem
1173 561 1280 620 Christi
1293 559 1403 618 consis-

188 654 250 704 tere
262 645 293 704 in
308 664 377 702 vera
397 652 427 702 et
440 644 511 702 reali
524 663 562 702 ex
575 643 757 704 inferioribus
770 644 859 720 hujus
880 642 981 702 mundi
1001 642 1140 720 partibus,
1166 659 1279 700 sursum
1301 659 1406 699 versus

187 723 295 785 latione
310 732 340 783 et
359 733 448 799 motu,
471 733 500 782 et
513 724 570 782 loci
584 724 751 784 mutatione.
783 724 847 783 lmo
869 731 899 782 et
922 723 1044 782 intrasse
1068 723 1099 779 in
1123 721 1237 797 coelum,
1262 718 1342 798 quod
1365 739 1406 778 ex

191 803 346 884 Scriptura
360 804 449 863 variis
463 803 534 862 locis
549 803 598 861 ille
612 804 723 880 probat.
775 803 833 862 Sed
847 803 992 880 quodnam
1006 803 1045 862 sit
1064 801 1138 860 illud
1151 800 1265 876 coelum,
1291 819 1309 857 a
1332 819 1404 876 quo·

189 903 277 961 quam
290 884 454 944 mortalium
468 903 527 942 aon
541 903 625 960 posse
640 885 704 960 capi
716 891 767 942 aut
781 883 928 960 explicari.
970 883 1086 942 Certum
1101 900 1164 940 esse
1178 881 1251 954 vult,
1261 899 1319 937 non
1339 899 1405 938 esse

190 964 286 1022 locum
300 963 444 1042 quendam
457 982 625 1040 corporeum
639 982 726 1040 supra
739 963 828 1021 coelos
842 963 1032 1040 aspectabiles
1056 961 1252 1035 constitutum,
1274 969 1304 1018 et
1317 958 1405 1017 locali

190 1043 327 1102 distantia
340 1044 378 1102 ab
392 1043 471 1101 hisce
484 1043 569 1100 terris
583 1051 754 1119 separatum,
770 1051 799 1101 ct
823 1061 882 1100 non
906 1051 965 1101 tam
985 1041 1071 1101 locali
1085 1040 1209 1117 quodam
1233 1039 1300 1116 situ,
1315 1057 1403 1115 quam

192 1123 300 1200 gaudio
314 1132 344 1182 et
358 1123 453 1199 gloria
469 1122 579 1198 Spiritu
596 1123 702 1180 Sancto
717 1122 839 1180 definiri.

231 1201 292 1261 III.
314 1203 375 1262 Nos
389 1220 458 1259 vero
480 1201 626 1260 Christum
648 1202 785 1276 localiter,
811 1202 972 1277 visibiliter,
996 1209 1026 1260 et
1049 1199 1235 1278 corporaliter
1255 1196 1403 1257 eterrain

190 1282 296 1340 caelum
309 1283 435 1355 tertium,
458 1301 509 1340 seu
531 1281 629 1340 sedem
655 1281 810 1340 Beatorum
835 1301 922 1359 supra
945 1281 1033 1340 coelos
1056 1279 1245 1358 aspectabiles
1270 1289 1402 1338 evectum

191 1360 280 1420 fuisse
304 1362 465 1434 statuimus,
487 1380 545 1418 non
559 1381 610 1438 per
623 1362 783 1438 praesentia
797 1361 922 1420 visibilis
935 1361 983 1420 vel
1003 1360 1152 1420 familiaris
1175 1357 1401 1417 conversationis

190 1450 303 1500 tantum
314 1441 542 1514 subductionem,
559 1440 610 1498 sed
623 1460 675 1518 per
688 1460 786 1500 veram
795 1450 825 1499 et
837 1441 959 1500 localem
973 1450 1082 1500 natmae
1096 1459 1156 1498 suae
1166 1438 1299 1496 humanae
1309 1447 1401 1496 trans-

190 1520 336 1596 lationem,
361 1521 413 1580 ubi
439 1520 625 1578 mensurarit
639 1539 730 1597 usque
744 1521 782 1579 ad
796 1520 872 1580 diem
887 1521 908 1580 J
910 1520 1006 1594 udicii,
1021 1528 1055 1579 ut
1067 1519 1136 1578 licet
1149 1537 1276 1597 praesens
1290 1536 1402 1594 semper

190 1601 229 1659 sit
241 1601 392 1660 nobiscum
407 1599 500 1678 gratia
513 1618 574 1675 sua,
590 1609 620 1658 et
635 1600 752 1677 Spiritu,
762 1620 796 1659 ac
805 1600 965 1677 divinitate,
980 1619 1039 1658 non
1049 1599 1172 1677 amplius
1183 1598 1222 1656 sit
1239 1606 1335 1656 tamen
1348 1617 1400 1654 no·

191 1679 302 1740 hiscum
317 1679 470 1760 prasentia
491 1679 631 1757 corporali
645 1679 739 1738 carnis
753 1701 823 1740 suae.

190 1801 366 1846 ,mmm
493 1758 548 1818 IV.
572 1758 721 1832 Probatur,
730 1760 836 1835 Primo,
847 1757 1222 1832 ExhistoriaAacensionis,
1230 1778 1294 1834 qua
1303 1775 1402 1814 veram

219 1859 312 1904 chusar
344 1861 433 1905 rmum
454 1847 484 1898 et
493 1838 600 1898 realem
611 1839 668 1898 loci
678 1839 866 1899 rnutationem
874 1840 982 1914 innuit,
993 1839 1084 1896 Marc.
1091 1839 1151 1896 xvi.
1161 1841 1206 1912 19,
1214 1833 1403 1912 dicitrnquod

220 1917 297 1962 fuisse
365 1925 435 1965 ¹¹¹⁰t¹¹
455 1921 573 1988 ἀηλιίφδι
588 1919 617 1983 ia
633 1925 672 1978 τὸν
690 1924 793 1999 legasti,
809 1939 923 1978 sursum
943 1927 1076 1995 receptus
1090 1918 1168 1976 sitin
1182 1918 1306 1992 coelum;
1329 1915 1400 1974 Luc.

221 1973 292 2020 loun
310 1977 435 2032 pmbatur'
456 1999 537 2057 xxlv.
546 2002 593 2072 51,
609 1999 686 2075 quod
700 1996 779 2063 daim
792 1999 839 2058 ἀπ’
852 2002 938 2074 atinde,
948 2003 993 2057 ui
1001 1997 1122 2078 ὶιιφίςιτο
1133 1999 1164 2062 iu
1173 2002 1212 2057 τὶν
1222 2000 1316 2077 iugario
1329 1997 1346 2027 ‘⁸
1356 2013 1401 2053 re.

192 2077 279 2137 cessit
290 2079 326 2138 ab
335 2077 414 2156 ipsis,
430 2085 460 2136 et
474 2078 651 2137 evehebatur
662 2078 692 2136 in
708 2079 842 2154 caelum,'’
858 2079 960 2139 Acti.
976 2081 1004 2153 9,
1021 2083 1067 2152 10,
1084 2081 1102 2110 “
1113 2077 1317 2155 aspicientibus
1327 2073 1402 2150 ‘ipsis

190 2156 381 2232 elevatnsest,
391 2157 517 2216 etnubes
526 2166 689 2234 susceptum
701 2179 767 2218 eum
776 2159 938 2220 abstulitab
948 2157 1173 2218 oculiseorum.''
1199 2155 1401 2216 Ubidescribi·

192 2243 239 2294 tur
248 2237 437 2295 Ascensionis
446 2236 530 2294 istius
541 2239 773 2315 mmintaaquo,
784 2239 919 2298 nimirum
934 2247 1018 2314 terra,
1034 2246 1063 2296 et
1077 2256 1159 2295 mons
1174 2235 1281 2296 Oliveti
1296 2235 1325 2292 in
1336 2253 1400 2310 spe·

192 2314 244 2388 cie,
252 2335 309 2390 per
318 2335 407 2392 quem,
418 2335 468 2373 aer
481 2324 510 2374 et
521 2315 621 2391 nubes,
637 2319 679 2375 ad
690 2338 779 2394 quem,
792 2318 905 2393 coelum,
924 2326 953 2377 et
970 2336 1057 2376 voces
1067 2315 1202 2390 aranda,
1214 2317 1329 2394 ἀιιφιςιί,
1344 2312 1400 2372 lta·

192 2414 288 2469 mas,
304 2395 404 2475 fragm
424 2393 529 2470 quibus
553 2395 731 2471 exprimitur,
747 2397 854 2456 realem
868 2397 1084 2456 translationem
1099 2403 1128 2454 et
1141 2397 1198 2455 loci
1212 2397 1400 2454 mutationem

193 2473 329 2532 inferunt.
372 2475 398 2532 N
401 2495 433 2534 ec
444 2473 597 2550 quicquam
608 2475 695 2552 juvat
704 2496 851 2553 reponere,
864 2476 938 2534 Haec
948 2476 1006 2534 dici
1018 2476 1054 2533 de
1068 2475 1201 2534 familiari
1211 2485 1321 2534 tantum
1332 2493 1400 2533 con·

190 2553 271 2612 victu
280 2562 309 2612 et
319 2562 432 2613 terrena
446 2561 476 2612 et
484 2554 709 2631 conversatione,
720 2576 778 2614 non
792 2575 861 2615 vero
873 2556 909 2614 de
922 2555 993 2614 reali
1007 2555 1146 2614 invisibili
1159 2555 1319 2632 praesentia,
1335 2573 1400 2631 quae

190 2633 325 2694 fidelibus
334 2635 372 2693 sit
381 2634 502 2708 sublata,
510 2653 596 2710 quam
602 2635 753 2695 confirmat
761 2635 888 2694 solennis
895 2635 1001 2695 Christi
1006 2635 1166 2712 promissio,
1174 2635 1279 2694 Mattb.
1286 2635 1400 2710 xxviii,

193 2713 268 2788 Quia
278 2715 367 2774 verba
378 2715 440 2791 ipsa
451 2713 523 2773 satis
530 2714 636 2773 docent
649 2735 707 2774 non
716 2716 811 2774 minus
822 2716 928 2774 realem
942 2715 1070 2792 corporis
1079 2716 1108 2772 in
1119 2723 1195 2774 terra
1208 2713 1399 2792 praeentiam,

191 2812 278 2869 quam
293 2794 461 2852 familiarem
474 2794 722 2853 conversationem
737 2795 880 2854 sublatam
895 2815 967 2870 esse,
983 2795 1126 2871 siquidem
1138 2795 1354 2854 translationem
1363 2813 1401 2852 ex

190 2873 255 2930 loco
266 2873 394 2933 inferiori
404 2875 434 2931 in
443 2874 618 2950 superiorem
632 2875 793 2934 necessario
805 2883 978 2953 supponunt.

231 2952 269 3010 V.
294 2953 435 3028 Secundo,
452 2953 527 3028 Quia
540 2953 645 3014 dicitur
658 2956 800 3032 reliquere
812 2959 952 3030 mundum,
968 2963 995 3014 et
1013 2955 1310 3028 redisseadPatrem,
1330 2953 1351 3012 J
1353 2953 1400 3014 oh.

190 3032 251 3090 xvi.
268 3037 315 3108 28,
331 3035 409 3110 quod
418 3033 475 3092 dici
486 3054 544 3093 non
558 3043 663 3112 posset,
680 3036 704 3094 si
718 3035 861 3094 visibilem
876 3033 1058 3112 praesentiam
1073 3043 1184 3092 tantum
1199 3054 1280 3092 suam
1294 3032 1401 3091 mundo

191 3111 386 3173 subduxisset.
430 3115 469 3173 Et
489 3114 711 3174 oncumstantiee
724 3116 853 3177 looomm
867 3115 1023 3174 ostendunt
1033 3114 1114 3172 innui
1124 3114 1305 3191 praesentiam
1325 3112 1401 3170 loca-

191 3190 257 3267 lem,
273 3193 377 3268 partim
391 3213 428 3252 ex
443 3194 579 3253 antithesi
593 3195 778 3254 terminorum
792 3215 810 3253 a
823 3215 881 3272 quo
902 3203 931 3254 et
953 3193 990 3252 ad
1011 3213 1106 3270 quem,
1125 3194 1273 3270 Relinque,
1299 3192 1400 3268 inquit,

192 3273 335 3344 mundum,
351 3272 390 3330 id.
405 3281 519 3346 terram,
532 3283 559 3331 et
568 3275 733 3352 proficawr
745 3277 788 3332 ad
796 3271 924 3348 Patren,
941 3273 980 3332 id.
996 3272 1120 3332 ascendo
1131 3273 1161 3329 in
1172 3273 1284 3345 coelum,
1296 3271 1400 3346 partim

192 3368 230 3406 ex
237 3351 416 3426 oppositione
428 3353 570 3426 adventus,
583 3355 726 3426 studitam
746 3355 816 3411 Veni
828 3355 856 3412 in
870 3355 1004 3412 orandum
1013 3372 1064 3430 per
1073 3350 1309 3422 Incarnationem,
1322 3367 1398 3406 nuno
1411 3390 1415 3398 ,

193 3428 321 3503 relinquo
335 3431 478 3502 mundum,
494 3431 590 3505 quoad
598 3451 712 3489 carnem
724 3432 785 3489 scil.
797 3433 884 3509 juxta
893 3452 979 3509 qnam
999 3432 1103 3490 dicitur
1117 3433 1257 3498 emanas
1271 3436 1301 3485 el
1317 3427 1399 3485 Visus

195 3527 213 3565 a
227 3506 376 3584 discipulis
400 3507 552 3588 crapulana
578 3511 608 3574 la
631 3515 671 3567 ab
694 3515 797 3590 togatis,
813 3511 881 3570 Act.
897 3513 915 3570 i.
934 3515 979 3587 10,
997 3512 1043 3570 11.
1059 3511 1119 3570 Nec
1127 3510 1151 3568 si
1165 3508 1270 3566 dicitur
1283 3507 1399 3566 venisse

192 3585 223 3644 in
238 3585 376 3644 mundum
391 3607 448 3663 qua
456 3587 536 3658 Δι’γκ
545 3609 596 3665 per
609 3589 867 3649 manifestationem
882 3600 1002 3666 tantum,
1018 3600 1113 3650 ctnon
1132 3609 1182 3667 per
1190 3587 1247 3647 loci
1265 3588 1400 3647 mutatio·

193 3684 276 3740 nem;
294 3665 376 3724 Idem
385 3665 421 3724 de
432 3687 517 3726 carne
528 3669 591 3744 ejus
601 3668 658 3726 dici
666 3677 770 3746 potest,
780 3670 849 3746 quia
862 3671 919 3729 alia
933 3671 1005 3729 ratio
1015 3679 1059 3728 est
1073 3668 1242 3742 divinitatis,
1258 3687 1331 3745 quse,
1347 3668 1398 3726 im·

193 3764 293 3804 mensa
307 3765 372 3803 cum
387 3746 433 3821 sit,
448 3747 544 3805 locum
557 3756 667 3806 mutare
682 3769 739 3807 non
753 3757 857 3826 potest,
880 3750 936 3808 alia
949 3749 1145 3824 humanitatis,
1161 3749 1244 3826 cujus
1255 3747 1400 3826 proprium

192 3833 237 3884 est
248 3825 284 3883 ab
299 3844 356 3883 uno
370 3826 435 3885 loco
449 3827 479 3884 in
493 3827 581 3886 alium
596 3828 726 3888 transire.
1442 3875 1447 3882 .

233 3904 289 3964 VI.
311 3905 418 3982 Tertio,
435 3907 587 3966 Coelumin
600 3908 678 3984 quod
693 3907 825 3969 Christus
847 3919 964 3969 evectus
985 3918 1037 3985 est,
1061 3908 1233 3967 describitur
1255 3905 1349 3982 nobis,
1372 3915 1404 3966 ut

193 3983 275 4044 loeus
289 3985 403 4062 aliquis,
418 3987 448 4044 in
463 4006 548 4064 quam
562 3987 710 4062 ingressus
724 3999 776 4064 est,
792 3999 821 4048 et
834 3989 864 4046 in
878 4007 964 4064 quem
978 3997 1044 4065 post
1065 3988 1161 4065 ipsum
1182 3985 1340 4062 ingressuri
1355 4005 1401 4044 su·

195 4083 268 4123 mus.
305 4065 434 4125 Vocatur
448 4069 545 4126 (1111111
560 4068 666 4143 Patris,
682 4067 712 4126 in
731 4088 789 4144 qua
802 4078 869 4127 sunt
888 4068 986 4126 multae
1010 4067 1182 4142 mansiones,
1198 4087 1256 4142 quo
1271 4065 1403 4126 Christus

195 4143 326 4204 ascendit
335 4155 496 4220 paraturus
509 4147 586 4205 nota
600 4149 698 4223 1111111,
714 4149 784 4208 Joh.
799 4148 860 4205 xiv.
876 4151 903 4221 2,
914 4149 942 4222 3,
958 4150 1054 4206 coelum
1068 4148 1179 4205 tertium
1193 4157 1220 4204 et
1235 4147 1401 4222 paradisus,

195 4227 214 4282 2
230 4224 294 4282 Cor.
310 4223 370 4298 xii,
386 4225 513 4303 inquam
525 4225 655 4285 Christus
665 4227 783 4285 intravit
793 4236 929 4303 tanquam
940 4246 1100 4304 praecursor
1107 4235 1213 4300 noster,
1226 4225 1303 4284 Heb.
1315 4227 1354 4284 vi.
1364 4230 1403 4285 20

195 4312 225 4362 et
239 4303 269 4361 in
283 4322 369 4379 quem
383 4306 483 4363 oculos
497 4305 628 4364 attollere
651 4305 789 4365 debemus
813 4325 847 4364 oa
870 4325 933 4382 quoe
956 4326 1067 4365 sursum
1090 4315 1155 4364 sant
1176 4308 1336 4382 quaerendo,
1358 4305 1407 4364 ubi

198 4383 326 4442 Christus
338 4385 414 4442 sedet
424 4387 466 4442 ad
477 4386 623 4444 dexoeram
634 4385 701 4460 Dei,
715 4405 772 4444 non
785 4405 851 4444 vero
865 4405 899 4443 ec
909 4405 972 4462 qua
984 4396 1048 4444 sunt
1057 4405 1143 4461 super
1156 4393 1273 4459 mam,
1290 4385 1351 4444 Col.
1363 4385 1402 4442 iii.

199 4465 225 4536 1,
238 4462 266 4520 2.
283 4461 436 4539 Perperam
452 4481 522 4540 ergo
537 4464 682 4537 Brentius,
693 4473 722 4522 et
730 4464 780 4522 alii
789 4483 827 4522 ex
838 4464 1011 4524 Lutheranis
1019 4465 1195 4542 pertendunt
1203 4465 1314 4524 Coelum
1326 4461 1403 4522 istud

194 4543 267 4600 nihil
295 4540 373 4600 aliud
388 4563 451 4602 esse
465 4561 552 4617 quam
566 4543 657 4619 ipsam
672 4541 846 4614 felicitatem,
862 4563 926 4620 qua
946 4543 1030 4602 nobis
1041 4552 1085 4602 est
1098 4542 1406 4621 incomprehensibilis.

196 4620 270 4694 Quia
285 4620 377 4678 Aliud
391 4631 435 4678 est
449 4641 576 4697 quaerere
590 4620 661 4697 quid
675 4621 713 4678 sit
727 4621 831 4679 caelum
846 4621 932 4698 istud,
948 4621 1040 4680 Aliud
1054 4643 1124 4682 vero
1134 4625 1229 4700 quale.
