3202 5194
144 367 259 417 oumsr.
274 344 366 428 xvia]
658 367 697 408 na
712 367 788 408 naun
804 367 864 408 bur.
1319 349 1356 408 99

143 529 203 588 pax
217 508 337 586 publiea
350 507 486 587 postulat,
508 527 573 586 ques
587 506 753 568 conservari
773 527 920 585 nunquam
941 507 1054 586 poterit,
1070 506 1096 567 si
1110 505 1141 566 in
1154 527 1220 568 reos
1241 508 1357 586 gladius

145 589 252 666 stringi
265 609 325 648 non
339 596 446 666 posset,
460 597 494 648 ut
508 589 618 648 Civitas
632 609 650 647 a
663 587 769 648 talibus
784 589 931 648 sceleratis
944 597 1156 666 repurgaretur.

186 669 244 728 IV.
267 669 347 728 Huic
361 669 384 730 J
386 669 430 728 uri
441 668 559 746 publico
573 689 631 727 nou
644 668 805 745 intercedit,
822 669 879 727 Vel
899 669 958 727 Dei
971 671 1153 746 Praeceptum,
1169 666 1248 746 quod
1261 668 1357 746 priva·

144 756 191 807 tos
205 749 334 826 respicit,
355 769 415 808 non
434 748 624 825 Magistratus
639 757 668 808 et
683 749 832 809 Ministros
847 748 903 807 Dei
917 748 1034 827 publiea
1046 749 1220 808 authoritate
1234 748 1357 808 instruc·

144 837 209 904 tos;
242 829 302 887 Vel
317 830 452 889 Ohcm‘tas
467 829 639 904 Garutiana,
655 848 719 906 ques
742 837 838 905 potest
862 828 983 906 diligere
1004 849 1151 906 personas,
1177 836 1207 887 et
1226 827 1356 886 animad-

144 918 260 968 vertere
281 909 312 966 in
335 910 461 969 seelera:
484 908 543 967 imo
564 917 707 986 pugnaret
720 917 821 968 contra
833 909 929 986 legem
950 908 1106 986 charitatis,
1128 909 1305 968 facinorosos
1325 909 1356 966 in

144 989 303 1066 perniciem
318 989 402 1067 Reip.
418 998 447 1048 et
460 988 595 1066 injuriam
609 989 750 1048 bonorum
764 988 921 1066 impunitos
934 989 1110 1066 relinquere3
1126 989 1183 1049 Vel
1197 988 1354 1066 oraculum,

144 1069 203 1128 Isa.
218 1069 261 1128 xi.
276 1072 304 1145 6,
329 1068 366 1127 de
388 1069 450 1148 lupi
463 1087 544 1128 mora
563 1089 629 1128 cum
651 1087 746 1146 agno;
768 1069 836 1146 quie
850 1069 891 1126 ihi
904 1087 962 1127 non
975 1069 1072 1146 agitur
1086 1069 1122 1127 de
1136 1069 1229 1128 officio
1244 1069 1355 1147 Magis·

144 1157 246 1225 uatus,
269 1148 323 1208 sed
334 1148 473 1224 fidelium,
495 1148 574 1225 quod
587 1149 618 1207 in
631 1169 666 1207 eo
680 1147 821 1223 consistit,
831 1157 864 1207 ut
877 1148 928 1225 qui
941 1157 1027 1208 antea
1040 1149 1172 1208 crudeles
1185 1158 1215 1208 et
1228 1149 1355 1209 immites

144 1237 235 1304 erant,
252 1237 387 1306 suscepto
402 1229 509 1288 Christi
528 1230 611 1306 jugo,
636 1229 789 1288 mitescant
813 1236 842 1287 et
864 1228 938 1287 inter
960 1248 991 1288 se
1011 1228 1129 1307 pacifice
1153 1228 1274 1299 vivant3
1296 1230 1355 1289 Vel

145 1309 236 1366 verba
251 1309 367 1384 Christi,
384 1310 457 1368 Mat.
472 1329 502 1367 v.
517 1311 565 1383 39,
580 1311 629 1382 40,
651 1329 707 1368 noa
727 1307 909 1367 resistendam
923 1328 980 1368 esse
994 1312 1077 1386 mulo,
1094 1307 1158 1386 tre,
1180 1309 1249 1386 quia
1262 1319 1354 1388 agunt

144 1395 258 1448 tantum
283 1388 319 1447 de
344 1389 473 1448 vindicta
485 1388 607 1466 privata,
622 1407 681 1446 non
694 1388 818 1465 publica,
834 1408 899 1466 quac
909 1389 1025 1448 nomine
1040 1389 1105 1464 Dei,
1120 1390 1171 1468 qui
1184 1389 1222 1448 ad
1236 1409 1267 1449 se
1288 1390 1353 1449 vin·

145 1467 252 1526 dictam
266 1468 410 1545 pertinere
424 1469 535 1544 assent,
551 1476 718 1545 exercetur;
742 1469 793 1545 qui
813 1488 915 1528 sensus
930 1477 974 1527 est
988 1468 1141 1528 verborum
1156 1469 1250 1546 Pauli,
1266 1471 1352 1532 Rom.

145 1549 197 1606 nii.
214 1552 261 1624 17,
286 1547 417 1608 “Nolite
437 1548 558 1607 reddere
581 1548 689 1606 malum
712 1568 765 1626 pro
786 1549 901 1625 malo;”
923 1548 981 1607 Vel
1002 1549 1088 1608 Matt.
1103 1549 1186 1608 xxvi.
1201 1553 1249 1624 52,
1273 1551 1353 1628 “qui

145 1627 277 1706 gladium
291 1629 442 1707 acceperit,
458 1628 557 1706 gladio
569 1628 704 1705 peribit,”
726 1627 795 1706 quia
816 1628 896 1687 aliud
918 1636 964 1686 cst
987 1629 1116 1704 accipere
1138 1629 1268 1706 gladium
1289 1631 1352 1690 sine

144 1707 270 1784 datione,
286 1716 319 1768 ut
333 1728 434 1768 omnes
446 1709 491 1766 illi
503 1707 621 1783 faciunt,
647 1708 698 1785 qui
718 1727 756 1766 ex
770 1706 900 1766 vindicta
913 1707 1027 1786 private
1040 1708 1122 1766 illum
1136 1709 1285 1786 arripiunt,
1300 1711 1352 1788 qui

144 1787 191 1846 hio
206 1788 388 1863 damnantur,
403 1788 482 1848 aliud
497 1787 593 1847 datam
608 1808 626 1846 a
641 1789 705 1846 Deo
718 1786 848 1864 legitime
863 1807 1006 1863 exercere,
1022 1785 1101 1863 quod
1115 1787 1224 1848 faciunt
1238 1787 1350 1866 Magis·

144 1875 254 1943 tratus3
277 1869 335 1928 Vel
358 1869 467 1928 facturn
490 1867 597 1928 Christi
619 1867 779 1926 adulteram
804 1886 862 1925 non
883 1866 1055 1943 damnantis,
1081 1866 1209 1926 Joharrn.
1223 1867 1285 1927 viii.
1302 1873 1349 1946 11,

142 1948 212 2024 qrria
226 1947 359 2007 Christus
372 1969 431 2008 non
445 1948 550 2026 agebat
564 1948 769 2026 Magistratum
778 1955 807 2005 et
820 1947 842 2006 J
843 1946 957 2006 adicem
970 1947 1001 2004 in
1014 1946 1107 2024 terris,
1120 1946 1170 2006 sed
1185 1947 1353 2009 Ministrum

144 2027 381 2103 circumcisionis,
398 2027 482 2087 Rom.
498 2048 548 2086 xv.
564 2031 599 2104 Β,
623 2027 681 2085 Vel
695 2027 846 2103 Parabols,
869 2027 954 2086 Matt.
970 2027 1031 2085 xiii.
1046 2028 1094 2103 29,
1111 2029 1158 2103 30,
1174 2026 1210 2087 de
1233 2027 1351 2090 zizaniis

142 2127 202 2166 uon
226 2108 416 2184 eradicandis,
439 2109 508 2186 quia
528 2107 639 2166 zizania
660 2106 862 2185 intelliguntur
875 2107 1043 2185 hypocritae,
1066 2127 1124 2166 nou
1138 2109 1230 2185 aperti
1243 2107 1350 2170 facino·

141 2189 218 2265 rosi;
240 2208 294 2246 neo
317 2188 413 2265 agitrrr
436 2187 473 2247 de
496 2187 590 2246 officio
616 2186 806 2264 Magistratus
830 2195 859 2246 et
882 2206 968 2264 poena
981 2183 1107 2264 politica,
1134 2187 1236 2248 sedda
1250 2189 1349 2250 minis·

142 2267 216 2326 tario
238 2267 400 2345 disciplinae
425 2267 645 2344 Ecclesiastice,
671 2267 702 2324 in
726 2269 809 2345 cnjus
833 2267 972 2326 exercitio
992 2267 1115 2327 uonvult
1136 2287 1204 2328 suos
1224 2269 1266 2328 ita
1285 2289 1350 2331 esse

142 2347 263 2426 rigidos,
278 2367 314 2407 ne
328 2367 395 2407 cum
408 2347 568 2426 hypocritis
582 2347 661 2425 ipsos
674 2346 774 2406 fideles
789 2347 944 2407 eradicent.

37 2523 38 2542 ÷
141 2465 386 2596 'tabbath
406 2426 1350 2586 i„latttlttttt‘ltttttttttttlttttttt

167 2585 237 2641 cept.
246 2589 372 2630 mentm.
403 2587 489 2648 Unde
506 2587 649 2648 Smelzius
663 2597 763 2647 eontra
778 2587 954 2663 Frantzium,
971 2596 1062 2648 contr.
1077 2591 1095 2646 6
1109 2611 1116 2648 r
1140 2590 1158 2622 “
1173 2589 1258 2664 Quod
1271 2591 1349 2649 bella

141 2689 241 2746 gerere
256 2669 342 2729 liceat
355 2688 504 2746 negamus,
520 2676 551 2727 et
570 2667 722 2744 indignum
743 2667 906 2727 Christiana
919 2667 1025 2746 pietate
1040 2687 1103 2726 esse
1118 2669 1348 2728 contendimus.''

142 2749 202 2808 Nos
216 2759 318 2808 contra
331 2749 528 2828 pertendimus
542 2748 599 2807 Jus
613 2746 729 2806 belliad
743 2747 947 2824 Magistratum
961 2747 1113 2824 pertinere,
1126 2748 1200 2806 atah
1214 2769 1249 2808 eo
1262 2769 1349 2827 posse
1444 2759 1448 2768 '

141 2830 269 2889 exerceri
291 2829 430 2908 legitime,
454 2827 569 2906 quando
592 2827 688 2904 agitur
709 2826 837 2886 debello
855 2827 946 2904 justo,
972 2835 1002 2886 et
1022 2827 1200 2901 necessario;
1222 2847 1289 2886 nam
1303 2830 1365 2900 in·¹

138 2909 218 2985 justa
231 2919 261 2970 et
275 2909 435 2984 temeraria,
451 2929 515 2986 quoe
540 2907 603 2966 sine
619 2907 701 2984 justa
721 2915 750 2966 et
770 2907 933 2966 necessaria
947 2925 1034 2965 causa
1048 2925 1085 2964 ex
1099 2905 1255 2966 ambitione
1268 2928 1349 2968 mera

141 2990 188 3048 vel
208 2991 332 3049 avaritia
346 2989 384 3048 ad
397 2988 470 3048 lines
483 2987 597 3066 imperii
610 2986 791 3064 ampliandos
805 2986 1009 3065 suscipiuntur,
1021 2993 1159 3062 tanquam
1173 2987 1347 3048 meralatro·

139 3069 215 3128 cinis
234 3071 420 3130 detestamur.

442 3147 498 3208 VI.
521 3147 660 3208 Rationes
681 3155 757 3224 sunt,
781 3150 807 3207 1.
823 3146 898 3222 Quia
919 3147 975 3206 hoo
995 3145 1078 3205 licuit
1092 3144 1123 3204 in
1136 3146 1175 3206 V.
1189 3146 1245 3225 T.;
1267 3148 1348 3227 Ergo

183 3207 255 3255 ¹⁶³¹
266 3207 297 3254 l·
308 3210 336 3256 Τ·
400 3228 512 3288 licitum
533 3227 620 3288 debet
641 3248 703 3288 esse
724 3228 755 3286 in
770 3227 863 3304 Novo,
880 3247 945 3287 cum
960 3226 1060 3286 eadem
1075 3227 1225 3304 utriusque
1240 3229 1278 3288 sit
1291 3230 1347 3290 hac

140 3305 1348 3467 sacacaarctasseterectaerectauz

140 3469 192 3528 suh
206 3470 244 3528 N.
259 3469 339 3529 Tost.
354 3469 436 3528 nulla
457 3469 576 3545 ratione,
599 3468 649 3527 rel
672 3489 724 3546 per
738 3469 893 3545 Christum,
909 3469 957 3527 vel
981 3487 1033 3545 per
1045 3467 1110 3545 ejus
1125 3468 1292 3546 Apostolos,
1316 3491 1347 3530 sc

138 3547 264 3609 hostium
278 3549 479 3609 invadentium
498 3547 744 3627 propulsationem
765 3569 831 3608 oum
845 3569 944 3608 eornm
957 3567 1028 3607 nece
1042 3547 1227 3625 conjunctam
1242 3569 1346 3628 appro-

139 3627 214 3690 bare.
258 3629 334 3705 Quia
354 3649 389 3688 eo
411 3631 474 3706 ipso
498 3649 556 3707 qno
582 3628 713 3688 Christus
735 3629 925 3707 Magistratus
939 3627 1164 3687 dominationem
1178 3648 1237 3688 non
1250 3639 1347 3690 sustu·

138 3707 178 3786 lit,
194 3709 247 3770 aad
271 3709 462 3786 confirmavit,
486 3729 521 3768 eo
543 3710 606 3787 ipso
628 3709 715 3768 etiam
737 3709 787 3786 jus
811 3709 881 3767 belli
894 3707 1015 3786 gerendi
1028 3708 1207 3786 approbavit,
1223 3729 1289 3768 oum
1309 3711 1348 3770 ad

139 3788 344 3868 Magistratum
365 3791 515 3868 pertineat,
539 3789 671 3848 subditos
695 3787 835 3847 adversus
849 3789 983 3865 injustam
1000 3787 1167 3847 violentiam
1181 3789 1345 3865 defendere,

138 3871 216 3946 quod
235 3871 395 3949 aliqnando
417 3871 478 3929 sine
500 3869 578 3929 bello
602 3869 665 3927 lieri
688 3889 747 3928 non
771 3888 856 3945 posse
877 3877 986 3927 certum
1001 3876 1054 3926 est.
1097 3867 1183 3926 Adde
1197 3867 1276 3945 quod
1290 3869 1347 3928 ista

138 3969 195 4008 non
219 3961 288 4010 sunt
309 3951 386 4028 legis
409 3949 543 4027 politiore,
569 3947 621 4008 ssd
643 3949 762 4008 moralis
786 3956 816 4008 et
837 3947 986 4024 naturalis,
1001 3968 1066 4025 qum
1080 3966 1098 4005 a
1112 3947 1228 4006 Christo
1242 3949 1345 4008 confir·

136 4041 212 4090 mata
225 4039 280 4091 est.

439 4109 513 4170 VII.
537 4109 688 4186 Secund03
711 4109 795 4169 Idem
815 4109 873 4170 Jus
893 4108 924 4167 in
941 4109 1026 4167 Novo
1040 4108 1168 4169 Tectam.
1182 4129 1241 4169 non
1255 4111 1346 4171 semel

179 4169 252 4217 Η*
265 4169 297 4216 N·
308 4169 337 4216 'f'
418 4191 608 4268 approbatum
622 4197 675 4250 est.
719 4189 817 4249 Primo
831 4210 849 4248 a
862 4190 932 4249 Joh.
948 4189 1090 4266 Baptista,
1112 4190 1163 4266 qui
1184 4191 1262 4248 viam
1284 4192 1345 4250 Do·

136 4269 206 4328 mini
227 4289 395 4348 praeparans
416 4271 571 4330 militarem
593 4269 776 4347 disciplinam
797 4269 913 4347 legibus
938 4269 1039 4344 sancit,
1064 4269 1135 4329 Luc.
1150 4269 1190 4328 iii.
1208 4273 1256 4344 14,
1275 4269 1345 4328 dum

136 4349 267 4410 hortatur
280 4351 389 4410 milites
402 4351 497 4427 ipsum
508 4351 728 4428 interrogantes,
741 4349 812 4428 qnid
821 4349 915 4408 faeere
929 4348 1069 4408 deberent
1082 4350 1120 4409 ad
1133 4350 1205 4407 iram
1219 4348 1344 4407 futuram

135 4427 304 4508 fugiendam
325 4438 355 4489 at
375 4430 466 4489 vitam
487 4439 623 4490 aeternam
638 4429 890 4507 consequendam,
911 4449 970 4489 non
987 4429 1072 4507 jubet
1085 4437 1118 4487 ut
1131 4427 1284 4484 militarem
1299 4447 1344 4485 ar-

136 4519 192 4568 tem
207 4510 364 4589 deponant,
387 4509 466 4587 quod
486 4511 602 4569 omniuo
622 4509 786 4569 faciendum
811 4509 922 4585 fuisset,
944 4509 970 4568 si
990 4515 1067 4567 esset
1080 4526 1131 4584 per
1145 4525 1175 4564 se
1189 4503 1295 4562 vitiosa
1316 4514 1346 4564 et

36 4595 37 4600 ’
135 4589 244 4665 illicita,
261 4589 315 4650 sed
327 4599 361 4648 ut
374 4590 406 4648 in
419 4609 454 4648 ea
466 4599 615 4650 manentes
625 4590 754 4649 conteuti
768 4588 826 4648 sint
836 4589 988 4666 stipendiis
1002 4587 1070 4661 suis,
1086 4592 1115 4644 et
1125 4582 1268 4642 neminem
1277 4603 1345 4642 oon·

134 4671 253 4732 eutiant.
299 4669 360 4730 Ubi
382 4689 441 4729 non
459 4671 545 4749 juvat
566 4669 662 4730 dicere
681 4671 847 4732 Johannem
869 4669 949 4746 loqui
973 4674 1085 4726 tantum
1107 4664 1143 4723 de
1167 4660 1254 4722 modo
1267 4673 1345 4724 recta
1467 4685 1470 4692 ’
