3150 5206
133 413 244 463 sumar.
260 389 330 476 vra]
604 412 782 452 nir-sannas
798 411 929 454 enarra.
1284 399 1342 458 203

133 555 300 616 continuam
312 553 395 632 quasi
409 552 584 613 anxietatem
598 562 627 612 et
641 553 853 614 solicitudinem
869 553 1057 613 communiter
1067 553 1161 631 magis
1176 556 1347 632 operabatur

131 656 186 714 per
200 637 319 713 Legem,
335 635 456 712 ejusque
470 633 563 692 minas
577 633 705 711 quotidie
727 634 844 693 auribus
865 634 1040 708 insonantes,
1056 653 1143 710 quam
1158 635 1343 714 alacritatem,

131 735 184 793 per
197 715 359 776 doctrinam
374 714 474 792 gratiae
486 714 601 791 parcius
615 721 644 772 et
658 715 808 772 obscurius
821 713 1024 790 praedicatam:
1046 714 1113 773 Non
1123 713 1201 790 quod
1215 715 1347 775 absolute

132 794 359 854 destituerentur
371 793 471 852 fideles
487 794 595 870 Spiritu
617 793 788 870 adoptionis,
804 803 835 852 ut
848 801 949 872 postea
963 793 1076 870 dicitur,
1099 793 1151 852 sed
1164 795 1233 871 quia
1250 804 1347 854 motus

132 875 281 934 excitabat
295 873 500 933 convenientes
515 873 557 931 illi
569 873 735 949 conditioni,
748 893 806 951 qua
818 875 903 933 heres
913 873 1010 932 infans
1021 893 1079 931 non
1088 873 1211 933 multum
1220 874 1347 935 distabat

134 975 153 1012 a
168 973 262 1014 servo.

362 1101 368 1112 ,
438 1033 634 1092 XXXVIII.
657 1032 736 1092 Hinc
760 1035 788 1091 4.
808 1035 901 1112 liipor
925 1041 954 1093 et
975 1035 1108 1093 emeritas
1136 1033 1281 1092 oriebatur
1309 1035 1346 1094 ob

134 1101 156 1146 4
169 1099 281 1204 Rlss‘ssfsl
292 1114 378 1145 seren-
398 1112 498 1172 crebro
512 1113 734 1172 intercurrentes
755 1114 907 1172 conciones
921 1114 1039 1191 legales,
1056 1122 1085 1173 et
1105 1113 1197 1172 rarius
1218 1113 1345 1172 obscuri·

398 1213 488 1270 usque
502 1193 639 1270 repetitas
652 1193 857 1271 promissiones
878 1195 997 1270 gratiae,
1021 1194 1060 1252 Et
1078 1195 1183 1252 coactio
1197 1212 1254 1269 qua
1268 1202 1347 1253 metu

134 1290 229 1348 poenae
243 1270 347 1347 potius,
364 1292 450 1348 quarn
466 1273 521 1332 Dei
536 1281 565 1332 et
580 1273 702 1350 justitiae
717 1293 813 1332 amore
828 1273 864 1332 ad
879 1273 1003 1333 officium
1017 1273 1246 1351 impellebantur,
1264 1275 1347 1332 Mose

135 1351 273 1410 continuo
300 1353 391 1410 instar
415 1352 479 1411 duri
505 1351 621 1412 Domini
643 1352 835 1412 obedientiam
856 1354 939 1430 virga
961 1373 1013 1412 sua
1033 1373 1092 1411 non
1114 1361 1173 1412 tam
1198 1353 1346 1428 suadente,

135 1451 223 1507 quam
245 1439 444 1508 extorquente.
488 1433 551 1508 Quo
571 1433 696 1510 pertinet
717 1441 871 1511 apparatus
892 1432 1037 1507 terribilis,
1060 1433 1193 1510 subque
1215 1433 1278 1491 Lex
1303 1442 1347 1492 est

134 1511 204 1586 lata
215 1531 272 1587 quo
284 1530 342 1569 non
352 1512 477 1589 populus
488 1520 608 1586 tanturn,
620 1513 670 1571 sed
684 1513 746 1589 ipse
762 1514 861 1572 Moses
880 1532 995 1591 quoque
1010 1512 1116 1572 dicitur
1129 1513 1254 1586 territus,
1268 1513 1345 1572 Heb.

135 1591 187 1648 xii.
204 1594 252 1648 21.
288 1592 350 1650 Nee
364 1591 416 1650 abs
426 1611 456 1650 re
471 1593 550 1669 rigor
564 1593 612 1650 ille
627 1601 656 1651 et
669 1601 761 1651 terror
771 1601 848 1668 erat;
870 1593 923 1650 rix
937 1592 1013 1651 enim
1027 1593 1111 1651 aliter
1125 1592 1252 1651 edomari
1265 1601 1345 1670 pote·

134 1679 180 1728 rat
195 1671 313 1729 Israelis
326 1672 480 1749 protervia,
494 1673 541 1731 cui
554 1673 640 1732 toties
651 1672 753 1731 duram
764 1672 906 1730 cervicem
917 1680 946 1730 et
957 1691 1007 1730 eor
1020 1672 1236 1730 adamantInum
1247 1673 1347 1730 Moses

136 1757 166 1808 et
181 1751 278 1808 caeteri
293 1751 446 1828 Prophetae
461 1753 679 1829 exprobrarunt.

442 1831 605 1890 XXXIX.
629 1834 656 1890 5.
683 1831 732 1889 Ad
746 1832 831 1890 istam
852 1831 1040 1890 oeconomiam
1060 1829 1222 1908 pertinebat
1231 1831 1347 1906 paritas

400 1921 517 1970 atauo
537 1911 649 1986 Carnu,
674 1913 736 1970 sive
760 1912 926 1970 immunitas
950 1931 967 1969 a
990 1918 1072 1969 reatu
1093 1910 1209 1984 carnali,
1231 1929 1288 1987 qua
1310 1930 1348 1969 ex

136 1987 228 2063 Legis
242 1987 375 2048 instituto
389 1991 512 2068 purgati,
527 1991 617 2050 libere
632 1999 765 2069 poterant
779 1991 917 2049 interesse
932 1991 1055 2050 coetibus
1068 1989 1201 2068 publicis,
1218 1998 1247 2048 et
1261 1990 1348 2049 simul

136 2087 203 2125 curn
218 2067 283 2126 aliis
298 2069 406 2128 cultum
426 2070 574 2147 publicum
587 2091 734 2150 peragere,
755 2071 849 2148 qualis
868 2069 1029 2129 habebatur
1042 2089 1093 2146 per
1114 2069 1347 2127 caeremoniarum

135 2146 378 2223 observationem,
395 2149 471 2208 Heb.
487 2152 527 2211 ix.
549 2155 594 2226 13,
611 2153 658 2210 cui
678 2151 967 2228 contradistinguitur
983 2151 1097 2226 paritas
1117 2149 1296 2225 conscientiae,
1318 2157 1348 2209 et

136 2226 305 2285 immunitas
319 2247 336 2286 a
349 2236 431 2287 reatu
446 2231 588 2307 spirituali
601 2231 720 2308 peccati.
764 2231 832 2289 Iluc
845 2231 957 2290 accedit
971 2229 1130 2288 immanitas
1143 2249 1163 2286 a
1174 2230 1266 2304 poeuis
1281 2237 1347 2287 tem-

130 2305 283 2380 poralibus
296 2307 402 2382 infero
415 2311 474 2383 soli,
491 2331 555 2388 quae
574 2311 669 2388 quoad
682 2319 802 2388 peccata
815 2331 873 2368 non
888 2310 1040 2369 commissa
1054 2310 1130 2368 elata
1143 2328 1231 2367 manu
1245 2328 1346 2369 conee-

136 2383 262 2442 debatur
274 2407 326 2464 per
346 2388 500 2465 Sacrificio,
516 2410 580 2468 quas
594 2391 666 2449 citra
679 2399 840 2468 respectum
851 2391 899 2448 vel
914 2388 1126 2467 resipiscentiae,
1141 2387 1190 2446 vel
1203 2387 1280 2463 fidei,
1296 2389 1346 2449 ho-

136 2463 233 2521 miues
246 2466 435 2527 restituebant
450 2488 502 2528 suo
516 2469 618 2545 ordini,
641 2479 670 2529 et
688 2471 830 2529 immunes
852 2469 888 2528 ab
909 2471 987 2528 omni
1005 2489 1091 2547 prena
1104 2467 1211 2527 forensi
1228 2476 1346 2546 praesta-

137 2544 220 2602 bant.
243 2545 315 2603 Nam
330 2548 408 2624 quod
427 2549 466 2606 ad
480 2569 595 2625 parram
609 2551 783 2625 spiritantem
802 2552 831 2608 in
843 2553 914 2625 foro
931 2550 1000 2626 poli,
1017 2551 1081 2627 ejus
1101 2548 1267 2607 immunitas
1288 2567 1347 2606 uon

136 2623 235 2702 potuit
257 2625 356 2684 haberi
378 2647 415 2686 ex
438 2628 585 2688 sacrificiis
605 2630 834 2706 bestiarumque
854 2630 962 2704 talrbtas,
977 2629 1045 2705 quia
1066 2629 1108 2687 sic
1128 2628 1204 2686 iuter
1222 2628 1344 2705 culpam,

135 2724 203 2780 quae
218 2704 335 2764 moralis
349 2717 418 2782 erat,
434 2716 463 2767 et
477 2708 711 2784 satisfactionem,
725 2710 805 2768 nulla
819 2709 920 2768 luisset
933 2708 1088 2786 proportio,
1111 2706 1163 2767 sed
1176 2715 1287 2766 tantum
1309 2728 1347 2766 ex

135 2783 196 2841 illis
210 2803 268 2860 qua
280 2783 382 2862 figuris
396 2795 425 2846 et
440 2789 525 2864 typis.

443 2867 512 2926 XL.
536 2867 668 2946 Denique
677 2870 820 2946 Aciy'oucta
829 2868 910 2926 varia
918 2867 1051 2927 fueruntt
1074 2865 1180 2940 Prima,
1191 2865 1346 2944 lustrandas

403 2955 432 3005 et
446 2949 624 3024 imperfectio,
640 2950 717 3026 quia,
733 2957 765 3007 ut
778 2949 841 3007 hac
855 2948 1015 3006 oeconomia
1036 2966 1095 3005 nou
1119 2945 1221 3003 habuit
1244 2964 1345 3003 varum

403 3027 489 3108 uirgo
501 3049 554 3105 pro
564 3037 691 3105 peccate,
702 3029 754 3087 sed
772 3036 883 3087 tanaim
892 3028 956 3105 ejus
966 3035 1076 3104 typum,
1089 3044 1142 3083 nec
1151 3025 1210 3082 vim
1222 3023 1346 3101 Spiritus

136 3106 281 3181 comitem,
298 3128 356 3185 qua
378 3127 491 3166 earnem
513 3108 667 3182 edomaret,
684 3116 713 3166 et
726 3109 803 3166 vires
826 3106 964 3184 implendi
979 3107 1088 3182 Legem
1108 3111 1274 3182 praestaret3
1298 3103 1346 3162 Ita

135 3205 189 3265 per
203 3206 267 3245 eam
282 3195 424 3264 quatenus
439 3187 536 3262 talem,
551 3190 703 3246 causaliter
716 3207 801 3246 nemo
815 3187 909 3264 potuit
924 3186 1041 3261 servari,
1056 3183 1096 3243 id.
1113 3192 1157 3243 est
1171 3184 1219 3242 vel
1237 3183 1343 3261 justifi-

137 3267 206 3342 cari,
230 3265 298 3325 Aet.
314 3267 386 3340 xiii,
411 3266 489 3326 Heb.
505 3288 535 3326 x.
553 3271 578 3343 1,
595 3272 622 3342 2,
639 3268 688 3326 vel
709 3267 890 3340 sanctificari,
913 3265 990 3324 Heb.
1006 3265 1046 3322 ix.
1064 3267 1110 3340 14,
1129 3265 1175 3339 15,
1192 3263 1240 3322 vel
1255 3264 1344 3322 vitam

137 3346 286 3422 consequi,
302 3348 371 3422 quia
385 3354 448 3405 erat
461 3347 652 3406 ministerium
667 3346 916 3407 condemnationis
930 3353 960 3404 et
973 3345 1083 3420 mortis,
1100 3349 1118 3403 2
1134 3345 1199 3403 Cor.
1215 3343 1255 3401 iii.
1272 3346 1299 3418 6,
1316 3349 1343 3418 7,

137 3426 283 3485 Habuit.
300 3428 348 3485 18.
390 3425 453 3500 Quo
468 3428 585 3486 nomine
600 3427 709 3486 Paulus
733 3434 855 3486 testatur
876 3427 951 3484 hanc
973 3425 1162 3483 oeeonomiam
1183 3443 1241 3482 non
1256 3423 1344 3484 luisse

136 3503 278 3582 ἔμιμνον,
296 3505 373 3564 Heb.
388 3506 448 3564 vili.
464 3511 491 3581 7,
508 3507 626 3581 scillcet,
642 3503 684 3565 >rai
698 3513 725 3565 ab
739 3509 813 3572 oriris
828 3508 918 3572 dedaste
931 3509 977 3564 nal
994 3505 1123 3580 ἄνυφιλές,
1142 3513 1266 3582 propter
1286 3507 1345 3581 ejus

138 3587 328 3667 infirmitatem
342 3595 369 3644 et
381 3586 564 3660 inutilitatem,
582 3586 658 3645 Heb.
673 3588 725 3647 vii.
743 3591 788 3646 18.

445 3665 532 3724 XLI.
557 3667 698 3742 Secundo,
714 3667 890 3726 Matabditaa
904 3674 933 3726 et
947 3667 1103 3744 abrepatio,
1119 3665 1187 3742 quia
1201 3664 1343 3741 complec-

403 3744 519 3805 tebatur
542 3766 588 3805 res
613 3754 748 3822 terrenas,
770 3747 899 3806 carnales
920 3755 949 3805 et
972 3745 1103 3820 caducas,
1119 3753 1149 3804 et
1170 3764 1222 3803 sua
1242 3753 1345 3802 natura

137 3825 351 3904 corruptibiles,
367 3845 431 3902 quse
446 3825 643 3886 consistebant
656 3835 769 3886 tantum
789 3829 819 3884 in
835 3827 908 3902 cibo,
924 3835 954 3885 et
975 3834 1045 3904 potu
1068 3833 1098 3884 et
1118 3823 1241 3882 diversis
1262 3823 1343 3881 ablu·

137 3906 275 3978 tionibus,
291 3913 321 3964 et
334 3902 485 3982 irwdpcaar
497 3911 596 3988 regate,
612 3907 753 3965 institutis
774 3906 946 3980 carnalibus,
963 3926 1027 3983 quae
1049 3924 1107 3962 non
1128 3909 1262 3980 poterant
1276 3920 1342 3959 oon·

137 3986 288 4044 scientiam
301 3987 488 4062 sanctificare,
499 4007 552 4045 ncc
566 3987 597 4044 in
610 3995 779 4063 perpetuum
794 3985 954 4044 debuerunt
965 3987 1081 4062 vigere3
1105 3981 1156 4040 sed
1168 3983 1244 4060 μίχςι
1257 3987 1345 4060 καιροῦ

136 4063 278 4146 iaspidem
293 4073 376 4124 erant
389 4067 491 4142 posita,
509 4066 585 4125 Heb.
600 4067 641 4124 ix.
652 4068 680 4141 9,
692 4068 739 4125 10.
783 4065 869 4126 Unde
883 4065 947 4124 fieri
961 4063 1061 4124 debuit
1075 4062 1182 4125 ἀθέτησις
1196 4061 1343 4136 abrepatio

138 4154 255 4224 proptor
270 4145 334 4222 ejus
349 4145 600 4222 imperfectionem,
618 4145 694 4204 Heb.
710 4145 760 4203 vii.
778 4148 823 4220 18,
846 4145 1017 4204 succedente
1038 4141 1219 4220 potissimum
1233 4140 1342 4217 perfee-

138 4225 204 4284 tiori
219 4224 388 4300 oeconomia,
404 4232 437 4284 ut
450 4223 604 4284 accedente
619 4225 727 4284 lumine
739 4225 825 4284 solari
838 4246 897 4284 non
917 4231 1013 4301 potest
1034 4220 1157 4298 amplius
1177 4220 1259 4278 locus
1279 4239 1343 4278 esse

138 4305 277 4379 candelis,
293 4303 341 4361 vel
356 4303 467 4363 facibus
481 4305 618 4364 accensis.

444 4383 548 4444 XLII.
570 4385 679 4459 Tertio,
699 4385 802 4446 Gloria
815 4393 845 4444 et
859 4385 1010 4459 Splendor,
1026 4401 1092 4440 cum
1106 4399 1163 4457 quo
1183 4379 1246 4437 baec
1266 4397 1341 4438 ceco

403 4463 500 4522 nomia
513 4465 646 4524 instituta
660 4464 722 4541 fuit,
732 4466 782 4543 qui
796 4465 921 4522 maxime
936 4461 1053 4522 emicuit
1066 4459 1096 4517 in
1110 4466 1248 4536 apparatu
1262 4477 1342 4534 mag-

403 4543 497 4616 nifico,
513 4553 543 4604 et
555 4544 717 4604 illustribus
731 4544 884 4617 miraculis,
900 4561 965 4619 quae
980 4541 1060 4599 Deus
1074 4539 1166 4616 Legis
1178 4537 1342 4616 promulga-

136 4622 245 4682 tionem
272 4621 403 4682 comitari
424 4623 535 4698 voluit;
559 4625 645 4683 Unde
661 4625 769 4683 Paulus
789 4631 876 4682 vocat
897 4622 952 4680 hoe
977 4621 1159 4680 ministeriam
1180 4617 1342 4695 placiacum,

137 4707 154 4762 2
170 4704 236 4763 Cor.
255 4702 296 4760 iii.
315 4707 345 4778 L
362 4705 389 4762 9.
434 4703 492 4762 Sed
509 4704 601 4782 gloria
622 4705 677 4763 ista
698 4711 759 4763 tum
782 4703 905 4782 tem'fica
925 4700 986 4778 luit,
1002 4721 1067 4778 quae
1085 4707 1193 4760 metum
1212 4698 1341 4771 incussit,

135 1881 158 1925 5.
177 1881 275 1928 Puritas
291 1884 378 1930 earnis.

196 2929 329 2986 Adjuncta.

180 2987 203 3031 L
211 2987 353 3034 iufirmitas.

182 3719 204 3763 2.
215 3717 377 3766 llutabilitus.

179 4449 203 4494 3.
225 4449 314 4493 Gloria
349 4451 375 4493 et

225 4507 347 4565 splendor.
