3202 5194
237 251 295 308 158
684 262 775 303 nocue
789 261 989 304 nuonscrxus.
1271 240 1398 323 [eumer.
1415 265 1449 306 ιι

236 405 372 466 dicuntur
390 404 482 481 factas,
499 404 595 464 Galat.
610 403 651 464 iii.
669 406 715 477 16,
731 413 760 464 et
774 404 850 482 quia,
869 412 903 464 nt
917 405 1011 482 Caput
1025 412 1054 463 et
1069 402 1208 480 Princeps
1228 403 1329 480 populi
1344 405 1399 482 sui,
1416 407 1450 464 in

235 488 369 546 omnibus
383 487 490 564 primas
504 493 592 560 tenet,
607 495 640 544 ut
653 485 726 543 nihil
741 486 796 544 nisi
818 486 848 543 in
867 486 931 564 ipso
945 494 975 544 et
988 486 1025 544 eb
1039 485 1102 562 ipso
1117 483 1241 542 obtineri
1261 485 1372 561 possit:
1397 487 1450 546 An

235 587 305 626 vero
320 567 415 626 foedus
428 573 606 626 contractum
622 565 704 624 sitin
719 566 834 625 Christo
849 586 913 625 oum
929 574 990 625 toto
1007 565 1130 640 Semina,
1146 573 1179 623 ut
1193 583 1252 622 non
1266 573 1326 623 tam
1339 565 1450 626 babeat

235 649 377 707 rationem
392 647 486 706 Partis
508 647 712 721 contrahentis,
735 667 822 723 quam
839 645 934 704 Partis
955 645 1065 722 mediae,
1089 665 1153 722 quse
1174 643 1250 703 inter
1271 643 1449 707 dissidentes

236 729 345 788 stated
366 748 416 788 eos
433 727 668 803 reconciliandos,
690 736 723 786 ut
744 727 809 785 aliis
830 727 921 785 satius
935 726 1059 785 videtur.
1104 724 1297 803 Superfluum,
1316 725 1446 804 inquam,

236 817 281 868 est
295 808 331 867 de
346 829 380 868 eo
391 805 561 885 disceptare,
574 808 642 886 quia
652 827 699 866 res
710 807 811 868 ecdem
821 807 913 882 redit,
930 807 969 866 Et
980 815 1090 866 certum
1101 816 1145 866 est
1156 809 1263 882 duplex
1273 805 1448 882 hiopoctum

235 890 397 948 necessario
412 887 619 962 attendendum
639 908 711 964 esse,
727 887 775 946 vel
795 887 882 947 unius
903 887 1091 965 ejusdemque
1113 887 1191 963 pacti
1211 885 1284 946 duas
1304 895 1403 962 partes
1417 897 1448 947 et

235 969 352 1046 gradus.
395 970 480 1028 Prius
501 969 623 1028 Pactum
642 977 695 1044 est,
717 967 796 1045 quod
816 969 889 1026 iuter
910 969 1028 1028 Patrem
1048 977 1076 1028 et
1092 969 1199 1026 Filium
1219 966 1380 1042 intercedit,
1407 965 1447 1026 ad

235 1070 308 1127 opus
324 1048 544 1127 Redemptionis
563 1047 774 1125 exequendum.
818 1049 966 1107 Posterius
989 1057 1042 1122 est,
1066 1047 1145 1125 quod
1168 1047 1248 1106 Deus
1262 1067 1324 1106 oum
1338 1049 1447 1107 Electri

234 1130 265 1188 in
280 1130 395 1189 Christo
410 1129 561 1204 contrahit,
577 1129 613 1188 de
633 1129 691 1190 illis
713 1148 765 1205 per
778 1137 807 1188 et
821 1138 938 1206 propter
952 1128 1099 1188 Christum
1113 1127 1261 1186 salvandis
1276 1127 1330 1185 sub
1345 1129 1445 1188 condi·

234 1209 314 1268 tione
328 1209 396 1268 fidei
410 1217 440 1268 et
453 1208 668 1287 resipiscentiae.
711 1209 795 1269 Prius
816 1209 850 1267 fit
863 1229 929 1268 cum
952 1209 1096 1287 Sponsore
1110 1217 1139 1268 et
1153 1209 1247 1285 eapite
1261 1207 1300 1266 ad
1320 1208 1444 1268 salutem

236 1289 451 1367 Membrorum;
475 1287 623 1348 Posterius
637 1289 670 1347 fit
683 1309 748 1346 oum
764 1289 905 1348 Membris
918 1289 949 1347 in
964 1291 1064 1368 Capite
1079 1296 1108 1348 et
1124 1289 1277 1366 Sponsore.

236 1401 477 1506 pertesi*
498 1368 780 1508 eliilmpiiili
789 1369 896 1508 ιῗῗῖῗ
911 1368 1443 1527 el‚Fllrilnillilll'c‘l‘ilciss'

263 1477 387 1578 priventur.
436 1477 477 1508 um
497 1528 576 1605 poris
599 1529 645 1586 sui
672 1529 796 1606 mystici,
819 1475 1047 1590 etvvbiiibiem
1068 1529 1137 1588 Filii
1161 1549 1191 1589 se
1209 1493 1247 1588 'ut
1269 1469 1444 1606 Spiinsorem

234 1625 287 1684 pro
308 1605 449 1665 Membris
468 1609 528 1666 suis
550 1608 678 1668 sistentis
692 1609 729 1666 ad
749 1608 920 1690 droairguw
938 1611 1024 1669 istam
1045 1609 1248 1687 peragendam.
1293 1609 1341 1668 Sic
1366 1610 1443 1668 enim

237 1685 386 1763 Scriptura
405 1695 593 1763 representat
613 1688 697 1747 nobis
720 1689 835 1748 Patrem
852 1693 883 1747 in
904 1690 1064 1749 oeconomia
1079 1691 1189 1765 salutis,
1209 1697 1242 1748 ut
1256 1689 1442 1766 stipulantem

234 1766 428 1826 obedientiam
452 1767 520 1825 Filii
541 1768 645 1827 suiad
665 1777 787 1828 mortem
809 1789 910 1846 usque,
934 1778 964 1828 et
986 1791 1038 1847 pro
1062 1790 1097 1828 ea
1117 1770 1173 1846 ipsi
1197 1770 1443 1847 repromittentem

234 1866 340 1905 nomen
354 1867 441 1924 supra
454 1868 539 1907 omne
550 1868 664 1924 nomen,
680 1858 713 1907 ut
724 1848 817 1926 Caput
829 1849 995 1910 Electorum
1010 1851 1048 1909 sit
1062 1851 1092 1906 in
1106 1849 1219 1926 gloria;
1242 1849 1351 1908 Filium
1361 1869 1440 1926 vero,

233 1935 267 1985 ut
281 1947 312 1985 se
327 1927 476 1987 sistentem
493 1927 531 1986 ad
551 1927 713 1988 faciendam
726 1929 906 1988 voluntatem
922 1930 1025 2006 Patris,
1049 1938 1078 1989 et
1098 1929 1313 2007 promittentem
1326 1929 1443 1988 fidelem

233 2015 264 2064 et
278 2015 458 2066 constantem
478 2008 565 2068 officii
587 2008 644 2068 sibi
666 2008 833 2068 demandati
853 2010 1062 2086 executionem,
1084 2009 1304 2086 restipulantem
1318 2009 1442 2087 denique

233 2105 356 2224 reglnum
371 2096 400 2147 et
413 2088 536 2165 gloriam
550 2088 606 2148 sibi
619 2089 800 2167 promissam.
836 2088 907 2164 Quae
922 2089 1019 2148 omnia
1032 2109 1070 2150 ex
1086 2090 1234 2168 Scriptura
1247 2109 1306 2149 non
1320 2089 1441 2149 obscure

234 2185 269 2224 co
294 2167 301 2223 i
344 2175 419 2226 ntur.

276 2187 366 2304 Xglll'.
389 2247 433 2306 De
454 2249 509 2307 hoc
528 2257 613 2326 pecto
633 2268 772 2326 expressa
791 2248 825 2308 fit
838 2249 955 2324 mentio,
972 2249 1042 2308 Luc.
1058 2249 1131 2308 xxii.
1147 2251 1194 2326 29,
1212 2250 1304 2327 “Ego
1319 2249 1442 2328 dispono

233 2326 319 2385 vobis
334 2327 477 2404 Regnum,
493 2329 568 2388 sicut
587 2328 730 2406 disposuit
749 2328 824 2388 illud
844 2330 916 2388 mihi
937 2330 1061 2406 Peter;''
1084 2339 1113 2388 et
1127 2329 1185 2388 Isa.
1201 2329 1263 2389 xlii.
1281 2333 1306 2406 l,
1323 2333 1350 2406 2,
1367 2331 1395 2406 6,
1412 2333 1440 2389 7.

234 2405 271 2464 ln
286 2427 320 2464 eo
336 2407 423 2466 Pater
440 2408 610 2486 proponitur
623 2417 656 2468 ut
669 2428 779 2468 vocans
794 2407 910 2483 Filium,
926 2419 1043 2486 etopus
1057 2409 1278 2469 salutisnostrae
1298 2410 1343 2468 illi
1363 2431 1441 2469 com-

233 2487 368 2546 mitteue:
392 2490 410 2521 ‘⁶
420 2488 478 2548 Hic
493 2497 537 2548 est
551 2508 654 2548 servus
667 2507 757 2566 meus,
773 2509 828 2566 ego
842 2498 992 2567 protegam
1008 2509 1082 2565 eum,
1099 2489 1217 2549 Electus
1231 2509 1313 2548 meus
1335 2490 1439 2570 inquo

233 2566 329 2625 anima
350 2585 414 2626 mea
437 2569 494 2627 sibi
516 2568 698 2646 complacuit,
721 2565 776 2627 &c
818 2569 883 2646 Ego
904 2570 1022 2630 Jehova
1042 2579 1071 2630 te
1085 2570 1189 2629 vocavi
1213 2570 1244 2628 in
1263 2570 1388 2648 justitie,
1412 2579 1442 2630 et

233 2647 337 2707 tenebo
351 2667 468 2708 manum
483 2657 570 2725 tuam,
587 2657 616 2707 et
629 2649 760 2708 retinebo
774 2656 812 2725 te,
828 2659 857 2709 et
871 2650 947 2708 dabo
962 2659 990 2710 te
1008 2650 1040 2708 in
1060 2649 1155 2710 foedus
1175 2651 1284 2728 populi,
1301 2660 1330 2709 ct
1343 2650 1440 2710 lucem

233 2728 362 2804 gentium
373 2729 401 2804 ;'’
424 2729 464 2788 Et
478 2749 539 2806 cap.
556 2729 629 2787 xlix.
645 2730 672 2806 6,
690 2731 707 2762 “
719 2730 785 2806 Ego
799 2738 828 2789 te
842 2729 911 2789 dedi
929 2731 959 2788 in
973 2730 1068 2790 foedus
1091 2731 1200 2808 populi,
1216 2738 1245 2789 et
1258 2739 1291 2789 ut
1305 2730 1346 2788 sis
1360 2731 1441 2790 salus

231 2827 297 2866 mee
309 2827 402 2885 usque
416 2808 454 2868 ad
469 2809 667 2868 extremitates
680 2818 764 2868 terrae
774 2811 802 2886 ;”
825 2830 889 2887 quae
903 2811 1018 2870 vocatio
1033 2809 1199 2869 extenditur
1211 2809 1249 2866 ad
1270 2817 1328 2866 tres
1341 2820 1441 2884 partes

233 2887 364 2948 Muneris
380 2889 566 2950 Mediatorii:
587 2889 626 2948 ad
641 2889 849 2964 Sacerdotium,
866 2891 914 2949 Ps.
930 2911 976 2949 cx.
991 2894 1028 2968 45
1051 2889 1244 2968 Prophetiam,
1260 2887 1318 2946 Isa
1332 2887 1386 2947 lxi.
1402 2895 1440 2968 23

233 2969 377 3045 Regnum,
395 2969 443 3028 Ps.
459 2969 488 3027 ii.
504 2971 532 3028 8.
575 2969 640 3029 Lex
660 2969 778 3030 foederis
792 2991 810 3029 a
824 2971 910 3029 Patre
929 2971 1055 3048 ponitur,
1070 2980 1103 3030 ut
1117 2970 1155 3029 sit
1174 2969 1268 3028 foedus
1289 2968 1391 3046 populi
1410 2980 1441 3033 et
1524 3039 1526 3044 ,

232 3048 299 3106 Lux
310 3049 449 3125 gentium,
461 3057 495 3109 ιιι
504 3058 594 3126 ponat
605 3049 730 3108 animam
741 3070 794 3128 pro
805 3051 917 3126 ovibus,
929 3051 1058 3110 Johann.
1070 3071 1099 3109 x.
1114 3051 1160 3125 18,
1173 3052 1191 3083 “
1199 3050 1255 3108 hoc
1263 3058 1440 3127 pracceptum

232 3129 330 3204 accepi
344 3148 362 3185 a
376 3129 463 3188 Patre
477 3130 572 3188 meo.''
616 3130 666 3188 Illi
681 3130 754 3208 Legi
768 3131 921 3208 promissio
932 3151 949 3189 a
960 3131 1047 3190 Patre
1061 3129 1184 3204 additur,
1199 3149 1258 3188 non
1272 3127 1359 3187 modo
1373 3149 1438 3206 pro-

232 3207 365 3266 tectionis
380 3215 410 3266 et
423 3207 525 3266 auxilii
546 3208 577 3266 in
597 3210 768 3270 executione
788 3211 925 3286 muneris,
942 3211 999 3270 Isa.
1014 3209 1077 3268 xlii.
1093 3212 1120 3283 6,
1137 3213 1164 3284 7,
1180 3217 1210 3268 et
1230 3208 1323 3268 felicis
1344 3209 1439 3286 operis

232 3303 384 3344 successus
398 3307 450 3363 per
464 3287 520 3346 Dei
534 3289 769 3365 acceptationem,
785 3290 843 3350 Isa.
858 3291 931 3349 xlix.
949 3293 974 3365 1,
991 3295 1018 3365 2,
1035 3291 1062 3362 3,
1078 3291 1106 3362 4,
1123 3291 1150 3363 5,
1167 3291 1195 3364 6,
1211 3290 1238 3364 8,
1255 3289 1307 3348 sed
1321 3297 1351 3348 et
1364 3307 1438 3348 mer-

231 3364 312 3424 cedis
325 3373 355 3424 et
375 3367 486 3442 praemii
506 3367 537 3425 in
551 3367 659 3426 semine
674 3369 824 3446 spirituali,
840 3379 870 3430 et
883 3368 1058 3430 exaltatione
1080 3367 1136 3445 ipsi
1150 3387 1295 3443 concessa,
1312 3369 1371 3427 Isa.
1385 3368 1438 3426 liii.

234 3446 281 3518 10,
298 3447 316 3478 ‘⁶
329 3445 487 3523 Postquam
499 3447 594 3506 anima
604 3448 668 3526 ejus
679 3469 710 3508 eo
720 3450 849 3526 posuerit
860 3448 1030 3510 sacrificium
1041 3467 1094 3524 pro
1104 3455 1195 3522 reatu,
1207 3448 1320 3507 videbit
1329 3467 1438 3524 semen,

232 3531 261 3584 et
276 3524 487 3603 beneplacitum
501 3527 523 3586 J
525 3528 625 3586 ehovae
639 3528 670 3586 in
680 3531 744 3608 ejus
758 3549 846 3588 manu
859 3527 1103 3607 prosperabitur.”
1139 3526 1311 3604 Acceptatio
1325 3547 1344 3585 a
1356 3535 1439 3604 parte

233 3603 302 3662 Filii
316 3605 346 3662 in
361 3605 416 3664 boc
429 3606 524 3683 posita
538 3616 598 3683 est,
621 3607 705 3682 Quod
722 3607 790 3668 huic
805 3611 900 3669 Patris
913 3607 1058 3668 voluntati
1072 3615 1102 3666 et
1116 3607 1190 3684 Legi
1203 3607 1319 3664 foederis
1334 3615 1438 3682 sponte

232 3703 262 3743 se
277 3685 444 3745 submiserit
462 3707 515 3765 pro
533 3689 617 3747 nobis
632 3687 809 3766 spondendo,
826 3689 903 3748 Heb.
918 3709 948 3747 x.
964 3691 991 3764 5,
1009 3690 1027 3720 “
1039 3688 1150 3765 Corpus
1162 3687 1268 3762 aptasti
1288 3685 1390 3758 mihi,’'
1405 3684 1437 3744 id

231 3773 284 3838 est,
299 3786 345 3824 me
359 3766 390 3824 in
404 3785 520 3826 servum
531 3776 612 3826 tuum
623 3769 771 3843 addixisti,
787 3770 899 3845 Corpus
911 3789 963 3845 per
974 3767 1203 3826 lucarnationem
1214 3762 1285 3819 milri
1298 3763 1435 3838 aptando,

231 3846 250 3878 “
262 3846 344 3905 Tunc
365 3846 436 3922 dixi,
460 3847 536 3907 Ecce
550 3849 635 3907 venio
656 3849 750 3908 iacere
764 3848 943 3907 voluntatem
963 3855 1051 3924 tuam,
1075 3847 1155 3904 Dens
1174 3841 1222 3916 mi,
1238 3841 1345 3918 volupe
1363 3841 1437 3901 mihi

229 3933 320 3999 estet
330 3927 393 3986 Lex
407 3935 458 3986 tua
471 3928 560 3987 estin
574 3929 669 3987 medio
681 3929 824 3986 viscerum
838 3928 996 3986 meorum.”
1019 3927 1081 3986 Neo
1093 3923 1179 3983 modo
1188 3921 1281 3981 Filius
1294 3921 1352 3980 hoc
1365 3921 1396 3980 in
1405 3940 1437 3982 se

230 4007 346 4082 recepit,
357 4006 408 4066 sed
417 4016 447 4066 et
460 4008 554 4086 reipsa
563 4007 705 4085 praestitit,
721 4008 815 4066 iactus
829 4027 867 4065 ex
881 4007 1009 4082 muliere,
1025 4015 1055 4065 et
1068 4007 1122 4066 sub
1133 4005 1221 4081 Lege,
1232 4001 1328 4061 Galat.
1343 4001 1384 4060 iv.
1398 4005 1417 4060 4
1428 4022 1436 4078 ι

229 4083 252 4142 J
254 4084 338 4144 oben.
349 4106 398 4144 xv.
411 4089 457 4162 10,
468 4090 489 4122 “
498 4089 564 4164 Ego
576 4087 691 4146 servavi
701 4087 850 4164 Praeeepte
861 4087 956 4146 Patris
966 4086 1031 4159 mei,
1044 4093 1073 4144 et
1081 4103 1183 4144 maneo
1194 4084 1225 4141 in
1236 4083 1299 4159 ejus
1308 4083 1435 4157 amore,”

229 4171 259 4222 et
273 4165 459 4242 restipulatur
473 4167 595 4243 gloriam
611 4167 656 4225 sni
674 4166 774 4244 ipsius,
790 4175 819 4225 et
834 4167 956 4226 salutem
971 4165 1106 4242 Corporis
1120 4163 1174 4238 sui,
1190 4163 1259 4222 Job.
1275 4161 1347 4220 xvii.
1363 4165 1392 4236 4,
1408 4163 1436 4220 5.

230 4246 248 4274 “
262 4244 432 4304 Glorificavi
451 4254 480 4304 tc
495 4247 525 4304 in
540 4255 624 4319 terra,
640 4247 839 4305 consummavi
853 4265 925 4322 opus
939 4245 1018 4322 quod
1031 4243 1104 4302 mibi
1116 4241 1280 4301 iaciendum
1294 4241 1435 4317 dederas3

229 4323 269 4381 Et
289 4344 365 4383 nunc
386 4325 518 4402 glorifice.
529 4343 585 4402 me,
602 4326 696 4402 Pater,
712 4325 790 4402 apud
811 4326 942 4402 teipsum,
958 4344 993 4382 ea
1011 4323 1113 4400 gloria,
1129 4341 1216 4400 quam
1237 4320 1314 4398 apud
1335 4327 1363 4379 te
1384 4318 1437 4377 ba-

228 4401 340 4480 bebam,
356 4406 524 4482 priusquam
538 4403 664 4478 mundus
677 4413 790 4464 extaret
801 4406 829 4480 ;''
852 4413 882 4464 et
901 4425 930 4462 v.
947 4405 993 4478 16,
1012 4405 1057 4478 17,
1075 4404 1093 4435 “
1106 4402 1198 4460 Serva
1211 4421 1261 4460 eos
1275 4400 1306 4457 in
1319 4399 1441 4457 nomine

227 4489 288 4555 tuo,
308 4503 381 4558 quos
399 4485 471 4542 mihi
492 4483 606 4558 dedisti,
629 4483 777 4544 sanctifica
797 4484 896 4542 cosin
919 4482 1040 4542 veritate
1060 4490 1118 4557 tua,
1134 4481 1266 4540 Verbum
1287 4487 1368 4538 taum
1391 4485 1439 4536 est

228 4561 365 4620 veritas.''
