3202 5194
272 336 311 394 90
728 348 820 392 nocue
835 347 1015 390 uunnomns.
1280 327 1407 411 [oessr.
1422 349 1481 394 xv.

272 514 297 552 c.
312 495 360 568 39,
377 490 414 551 ad
426 489 541 549 latriam
555 488 643 548 etiam
655 488 829 548 festivitates
847 489 1028 567 pertineant:
1049 487 1173 565 denique
1187 495 1232 548 tot
1246 485 1309 550 dies
1330 490 1421 551 festos
1434 492 1480 551 la-

272 573 360 648 ciunt,
383 579 412 631 et
425 579 486 630 tam
500 569 664 629 difficilibus
684 570 771 648 nugis
793 577 823 629 et
846 570 989 647 scrupulis
1010 569 1174 628 humabunt
1187 569 1308 644 animos,
1329 579 1363 630 ut
1377 573 1482 649 magni

272 653 328 711 viri
342 653 372 710 in
388 653 508 728 Papatu,
530 649 617 708 taedio
638 669 738 710 eorum
751 649 830 724 victi,
853 650 1025 726 gravissime
1046 649 1197 726 conquesti
1218 649 1285 709 sint.
1327 649 1481 711 Audiatur

271 733 410 791 Nicolaus
420 734 455 790 da
465 731 633 806 omnipo,
643 730 718 790 libro
733 729 769 788 de
783 729 868 788 novis
882 729 1095 805 festivitatibus,
1111 749 1158 788 au.
1170 731 1258 806 1416,
1269 729 1320 790 ubi
1330 731 1406 790 inter
1419 733 1483 790 alia

271 813 383 890 probat,
399 819 499 870 vetera
511 810 608 889 potius
622 809 695 869 festa
704 809 801 887 aliqua
812 809 954 868 abolenda
964 829 1036 884 esse,
1051 817 1169 886 propter
1182 809 1330 886 ingentem
1341 811 1480 888 abusum,

272 911 359 968 quam
379 910 457 949 nora
476 889 672 966 instituenda3
695 898 724 948 et
738 889 876 966 queritur,
897 898 958 948 tam
978 891 1070 948 multa
1091 889 1126 947 de
1148 888 1262 948 Sanctis
1281 889 1341 967 legi
1365 897 1395 950 et
1416 891 1481 950 dici

272 972 304 1029 in
323 970 461 1048 Templis,
483 979 516 1029 ut
533 969 596 1047 jam
619 969 649 1029 S.
672 969 832 1028 Literarum
853 969 940 1030 lectio
958 969 1044 1046 plane
1064 968 1221 1044 omittatur,
1241 965 1295 1027 Sec.
1315 972 1418 1028 Palm
1440 975 1483 1030 de

272 1052 391 1127 Alliaco,
402 1051 438 1110 de
447 1052 575 1124 Reform.
587 1052 675 1124 Eccl,
691 1057 789 1108 monet
802 1049 878 1108 inter
891 1050 949 1107 alia
960 1049 1105 1108 Primores
1116 1047 1336 1108 Ecclesiasticus
1349 1051 1480 1109 Concilii

273 1131 510 1204 constantiensis,
535 1129 778 1206 “providendum
793 1148 865 1205 esse,
880 1137 975 1188 netot
994 1149 1073 1188 nora
1092 1128 1167 1188 festa
1186 1129 1419 1206 solemnizentur,
1441 1139 1481 1190 ut

272 1219 464 1288 praeterquam
488 1209 648 1269 Dominicis
670 1217 700 1268 et
723 1209 881 1286 majoribus
899 1208 981 1268 festis
1000 1209 1038 1267 ab
1059 1208 1192 1268 Ecclesia
1213 1207 1354 1269 institutis
1374 1209 1481 1269 liceret

273 1291 386 1368 operari
398 1298 465 1368 post
479 1289 609 1348 auditum
624 1289 757 1364 officium,
779 1297 842 1348 tum
856 1289 924 1366 quia
937 1289 968 1346 iu
981 1287 1063 1348 festis
1078 1308 1154 1366 saepe
1172 1287 1265 1365 magis
1279 1289 1478 1367 multiplican-

272 1378 320 1429 tur
340 1377 460 1447 peccata
473 1369 503 1426 in
517 1369 653 1443 tabernis,
669 1369 789 1444 choreis,
805 1376 835 1426 et
847 1369 912 1426 aliis
932 1367 1062 1428 lasciviis
1082 1387 1155 1446 quas
1175 1366 1260 1427 docet
1281 1369 1389 1428 otium:
1410 1377 1477 1428 tum

273 1449 342 1526 quia
361 1449 423 1508 dies
445 1449 606 1526 operabiles
626 1449 678 1507 vix
699 1447 844 1507 sufficiunt
864 1447 902 1506 ad
920 1448 989 1508 vitre
1007 1448 1170 1508 necessaria
1187 1449 1396 1525 procuranda,''
1418 1446 1477 1507 &c

272 1531 391 1604 Polyda.
412 1530 525 1605 Vergil,
540 1528 576 1586 de
591 1529 694 1587 Inven.
717 1529 834 1602 Rerum,
849 1527 870 1586 l.
885 1527 924 1586 vi.
939 1548 964 1587 o.
980 1532 1008 1603 8,
1031 1528 1131 1588 scribit
1144 1547 1231 1604 quam
1247 1529 1265 1562 “
1276 1529 1346 1586 olim
1359 1547 1397 1586 ex
1417 1547 1479 1586 usu

272 1608 359 1668 fuerit
378 1608 453 1667 festa
473 1609 631 1682 instituere,
654 1616 713 1666 tam
733 1627 811 1666 nunc
834 1615 971 1685 praestare
991 1606 1085 1666 videri
1105 1605 1205 1667 eedem
1225 1608 1384 1684 antiquari3
1406 1627 1478 1666 curn

271 1688 348 1746 bona
368 1707 435 1765 pars
448 1688 597 1746 hominum
611 1689 702 1747 otium
716 1687 795 1747 istud
814 1687 952 1746 festorum
971 1706 1029 1746 uon
1043 1688 1081 1746 ad
1094 1687 1243 1762 orandum,
1266 1687 1316 1745 sed
1328 1687 1365 1744 sd
1379 1687 1478 1744 omni-

271 1767 372 1825 fariam
386 1767 526 1826 bonorum
547 1787 661 1826 morum
682 1767 872 1844 corruptelam
892 1767 1055 1844 augendam
1076 1768 1106 1825 in
1126 1767 1189 1826 dies
1209 1767 1302 1844 magis
1321 1767 1478 1843 magisque

271 1847 454 1924 impudenter
467 1849 646 1906 consumat.”
688 1849 830 1906 Erasmus
843 1847 921 1906 idem
932 1847 1081 1906 confirmat
1094 1847 1126 1904 in
1140 1847 1225 1906 Matt.
1240 1847 1281 1904 xi.
1316 1846 1384 1922 lpse
1393 1846 1480 1923 Papa

276 1927 408 1986 Urbanus
427 1929 512 1986 VIII.
527 1927 558 1984 iu
571 1946 624 1986 sua
638 1926 674 1986 de
697 1927 881 1986 observantia
902 1925 1040 1986 festorum
1066 1927 1161 2001 Bulla,
1184 1945 1260 1985 anno
1283 1927 1360 1985 1642
1384 1925 1476 2001 edita,

271 2005 410 2066 festomm
423 2027 575 2065 numerum
588 2007 762 2082 restringere
776 2013 906 2080 conatus,
921 2007 997 2065 inter
1010 2007 1067 2065 alia
1080 2007 1194 2081 fatetur,
1231 2008 1249 2038 “
1264 2005 1335 2080 Quas
1349 2004 1424 2064 festa
1437 2007 1479 2064 ad

271 2085 491 2161 glorificandum
506 2085 621 2144 Numen
640 2085 774 2162 primitus
794 2085 927 2144 instituta
941 2085 1054 2161 luerint,
1078 2105 1112 2145 ea
1125 2085 1263 2162 temporis
1283 2085 1408 2144 decursu
1421 2087 1477 2144 ho·

270 2164 377 2221 minem
391 2164 538 2220 inimicum
553 2163 723 2240 corrupisse,
746 2173 775 2223 et
788 2166 819 2221 iu
832 2183 968 2240 magnam
987 2165 1068 2224 illius
1088 2164 1275 2224 offensionem
1296 2183 1478 2242 gravemque

270 2243 430 2300 animarum
441 2243 585 2320 jacturam
600 2243 806 2317 convertissc‚''
822 2241 877 2301 &c

594 2322 668 2381 VII.
692 2323 831 2396 Quamvis
855 2323 925 2382 Dies
947 2324 1118 2384 Dominicus
1139 2325 1203 2383 Deo
1226 2324 1264 2384 sit
1284 2343 1384 2401 sacer,
1406 2325 1478 2384 Non

304 2385 476 2489 sopitppuffilu·
534 2402 664 2478 sequitur
685 2403 748 2478 pari
768 2402 879 2460 ratione
899 2403 973 2462 ahos
993 2403 1056 2462 dies
1076 2404 1166 2464 festos
1181 2423 1267 2482 posse
1286 2405 1351 2462 Deo
1373 2404 1476 2464 dicari.

536 2483 563 2539 1.
579 2481 653 2554 Quia
668 2481 838 2540 Dominicus
861 2482 931 2541 Dies
945 2484 982 2542 ab
1000 2483 1072 2560 ipsis
1092 2482 1244 2560 Apostnlis
1264 2483 1417 2543 institutus
1430 2493 1478 2544 est

270 2569 300 2621 et
314 2561 492 2635 observatus,
514 2560 627 2638 reliqua
638 2560 713 2620 festa
727 2582 745 2618 a
759 2561 894 2620 Patribus
908 2569 1021 2621 tantum
1042 2563 1182 2621 ordinata.
1204 2567 1232 2620 2.
1249 2562 1319 2622 Dies
1339 2561 1477 2621 Domini·

269 2661 322 2779 ll?
335 2641 537 2796 bilbili?
551 2647 712 2779 iiiiii
726 2641 990 2799 ttttttttt?
1003 2641 1477 2782 mallililffiiltihiit

271 2808 529 2939 ΡΐῗῙαίἰὶίἰιΡιεεὶε
542 2878 564 2939 J
566 2878 722 2956 udaeorum,
737 2879 788 2957 qui
808 2879 912 2940 festum
928 2879 1028 2938 Purim
1042 2879 1120 2957 apud
1142 2879 1303 2958 Estheram,
1321 2887 1352 2940 et
1370 2881 1477 2940 Eucae-

269 2960 383 3020 niorum
403 2961 435 3018 in
451 2959 619 3018 memoriam
639 2960 787 3038 repurgati
808 2960 919 3020 aJuds
933 2959 1099 3018 Meceabaeo
1113 2957 1227 3039 Templi
1239 2960 1277 3018 <le
1291 2979 1348 3037 quo
1362 2959 1385 3019 J
1387 2961 1476 3020 ohan.

270 3061 300 3098 x.
316 3045 363 3114 22,
386 3040 588 3116 observabant,
616 3059 675 3098 non
696 3040 804 3099 evincit
824 3040 922 3100 statim
942 3059 1051 3098 morem
1073 3040 1151 3098 hunc
1171 3040 1300 3098 obtinere
1313 3039 1422 3099 debere
1443 3041 1476 3099 in

272 3119 404 3179 Ecclesia
418 3119 589 3194 Christiana,
605 3127 722 3197 propter
734 3121 904 3178 varietatem
924 3117 1091 3178 oeconomiae
1105 3119 1221 3178 Veteris
1235 3127 1265 3178 et
1278 3119 1356 3178 Novi
1371 3119 1476 3179 Testa-

270 3199 377 3274 menti;
399 3198 457 3256 Vel
471 3199 597 3257 ostendit
610 3206 724 3258 tanturn
738 3200 823 3258 certis
838 3199 943 3272 diebus
961 3198 1110 3258 annuatim
1124 3199 1337 3258 recurrentibus
1355 3199 1477 3276 publice

270 3275 333 3334 fieri
346 3295 430 3354 posse
444 3278 745 3336 commemorationem
759 3277 948 3354 singularium
964 3277 1020 3338 Dei
1039 3278 1252 3354 beneficiorum,
1267 3278 1354 3338 modo
1376 3279 1475 3339 absint

270 3355 386 3430 ebusus,
403 3353 500 3431 opinio
514 3356 702 3428 necessitatis,
717 3356 856 3431 mysterii,
870 3365 902 3415 et
914 3357 1018 3432 cultus,
1035 3359 1201 3435 superstitio
1214 3367 1245 3418 et
1258 3358 1432 3417 idololatria

312 3435 372 3494 IX.
396 3433 512 3507 Paulus,
530 3431 597 3492 Act.
613 3454 664 3492 xx.
682 3436 727 3508 16,
739 3453 797 3491 uon
811 3434 905 3494 innuit
919 3437 1081 3496 necessario
1093 3437 1151 3496 sibi
1163 3437 1269 3496 festum
1284 3437 1475 3498 Pentecostes

270 3511 474 3571 celebrandum
489 3531 560 3586 esse,
584 3512 637 3570 sed
655 3511 849 3572 festinandum
870 3521 983 3574 tantum
1004 3517 1059 3575 sibi
1080 3535 1152 3592 esse,
1168 3525 1201 3576 ut
1221 3516 1269 3575 die
1284 3517 1474 3577 Pentecostes

270 3591 292 3651 J
294 3591 464 3668 erosolymis
477 3611 604 3668 presens
626 3592 671 3666 sit,
691 3599 807 3669 propter
820 3613 991 3654 concursum
1005 3595 1185 3672 Judoeorum,
1201 3605 1234 3656 ut
1247 3597 1429 3656 occasionem
1443 3605 1475 3656 et

271 3691 371 3730 ansam
385 3671 551 3748 ampliorem
566 3671 750 3750 praedicandi,
765 3681 795 3732 et
808 3674 914 3732 multos
928 3673 966 3733 ad
981 3676 1126 3734 Christum
1141 3675 1328 3736 convertendi
1341 3677 1474 3736 haberet.

312 3751 354 3810 X.
376 3750 469 3809 Aliud
480 3758 524 3809 est
534 3750 628 3810 facere
635 3751 810 3811 mentionem
822 3753 1032 3831 conceptionis,
1044 3754 1222 3830 Nativitatis,
1235 3754 1348 3830 Mortis,
1362 3755 1474 3815 Resur-

269 3831 414 3906 rectionis,
430 3829 620 3889 Ascensionis
629 3830 744 3905 Christi,
760 3833 846 3891 certis
860 3833 963 3892 diebus
976 3833 1007 3891 in
1021 3834 1207 3894 concionibus
1221 3834 1259 3893 ad
1271 3835 1421 3912 populum,
1443 3843 1475 3894 et

268 3909 336 3968 inde
346 3911 524 3970 occasionem
534 3929 645 3969 sumere
654 3909 834 3987 adhortandi,
841 3913 1017 3989 consolandi,
1025 3913 1185 3974 instruendi
1194 3913 1472 3992 adsedilicationem,

268 3989 414 4065 pietatem,
426 3990 604 4067 patientiam,
615 3989 796 4050 sanctitatem
807 3993 946 4070 populum
956 3993 1163 4070 Christianum
1180 3992 1271 4052 Aliud
1281 4013 1352 4051 vero
1365 3992 1472 4070 facere,

269 4075 299 4126 et
312 4068 377 4144 lege
391 4070 549 4128 constituta
568 4069 730 4128 necessario
743 4070 823 4148 plebi
837 4071 1007 4131 Christianae
1020 4071 1168 4150 imponere
1182 4073 1245 4132 dics
1257 4071 1347 4131 festos
1363 4073 1428 4132 Deo
1442 4081 1474 4131 et

271 4147 386 4206 Sanctis
401 4167 505 4222 sacros,
521 4148 571 4225 qui
585 4148 748 4226 Religionis
768 4158 797 4210 et
814 4151 909 4210 cultus
923 4151 1014 4210 divini
1027 4161 1139 4229 partem
1152 4151 1338 4226 constituant,
1354 4152 1472 4229 sintque

268 4226 334 4285 aliis
345 4226 450 4286 diebus
463 4227 630 4288 sanctiores.
652 4227 737 4288 Prius
749 4229 823 4289 illud
836 4250 889 4308 pro
902 4231 1012 4289 ratione
1027 4231 1305 4292 circumstantiarum
1320 4233 1470 4309 temporis,

268 4305 334 4382 loci,
356 4325 551 4383 personarum,
574 4315 603 4366 et
623 4327 726 4383 rerum,
741 4317 837 4386 potest
858 4330 923 4370 cum
938 4310 1031 4369 fructu
1053 4311 1209 4388 aliquando
1228 4309 1371 4387 usurpari,
1394 4311 1473 4370 absit

268 4384 354 4445 modo
375 4385 491 4462 abusus,
507 4387 680 4463 superstitio,
696 4395 726 4446 et
745 4389 916 4464 idololatria,
932 4397 965 4449 ut
978 4389 1033 4448 fuit
1052 4389 1082 4447 in
1096 4389 1244 4468 primitiva
1257 4389 1392 4449 Ecclesia
1411 4409 1471 4448 non

268 4483 332 4524 raro
346 4466 501 4542 usitatum;
524 4467 575 4525 sed
588 4467 731 4544 posterius
744 4488 802 4526 non
815 4468 902 4545 licet;
925 4469 999 4528 'Ihm
1013 4470 1082 4546 quia
1097 4470 1153 4529 Dei
1170 4469 1261 4530 solius
1275 4477 1328 4538 est,
1343 4489 1404 4528 uon
1417 4469 1471 4528 ho·

267 4545 386 4619 minum,
401 4565 436 4604 ea
449 4565 513 4623 quse
528 4555 597 4606 suut
609 4547 705 4606 cultus
718 4547 810 4605 divini
824 4549 1018 4624 praescribere,
1033 4557 1095 4608 tum
1109 4549 1178 4627 qnia
1198 4549 1353 4626 religiosus
1373 4549 1473 4610 cultus

269 4641 326 4680 non
341 4633 385 4684 est
400 4625 538 4685 creaturis
552 4626 628 4701 ullis,
644 4627 695 4685 sed
709 4627 764 4684 soli
779 4627 843 4684 Deo
854 4627 1034 4687 deferendus.
