3186 5210
690 397 781 438 rocos
797 397 926 437 orciuos
940 397 1076 446 anianus.
1289 379 1407 462 [cuasa.
1421 401 1464 440 vn.

738 618 931 692 QUAESTIO
951 617 1023 676 VII.

807 796 846 834 os
868 795 946 835 rios.

377 941 452 1008 Quot
464 937 553 994 modis
577 937 663 994 Fides
676 945 813 1012 sumatur,
836 945 861 994 et
883 945 951 1012 quat
963 945 1160 996 recenseantur
1174 917 1233 1012 ejus
1247 938 1371 1013 specius?

314 1100 338 1158 I.
363 1099 404 1158 Ut
424 1096 546 1155 Vocatio
561 1104 606 1154 est
629 1094 666 1152 ed
681 1095 793 1170 Fidem,
809 1095 849 1152 Et
863 1095 952 1153 Fides
970 1095 1078 1172 primns
1093 1095 1212 1156 effectus
1228 1095 1403 1173 Vocationis,
1417 1118 1465 1176 qua

272 1180 359 1237 homo
386 1178 448 1235 Deo
474 1175 588 1234 vocanti
610 1175 772 1251 respondet,
798 1184 875 1233 recte
892 1175 1103 1234 Tractationem
1126 1176 1161 1234 de
1183 1175 1345 1235 Vocatione
1371 1177 1465 1254 excipit

274 1259 446 1336 Disquisitio
471 1256 506 1313 de
522 1254 604 1328 Fide,
627 1275 692 1330 quar
716 1254 862 1312 indivulso
886 1273 964 1313 nexu
989 1275 1054 1313 cum
1070 1257 1230 1314 Vocatione
1253 1258 1402 1334 conjuncta
1419 1265 1463 1314 est
1545 1289 1546 1314 t

273 1339 349 1397 Nam
363 1347 396 1396 ut
412 1338 491 1395 Deus
505 1341 591 1392 vocat
601 1355 653 1411 per
663 1334 802 1408 Verbum,
818 1342 847 1392 et
861 1335 1078 1410 promissionem
1094 1336 1194 1412 gratiae
1209 1335 1310 1412 offert3
1334 1336 1377 1394 lta
1389 1337 1463 1394 horno
1545 1363 1546 1390 ss

272 1438 324 1496 per
347 1418 433 1476 fidem
458 1414 620 1492 respondet,
645 1422 674 1472 et
690 1414 908 1490 promissionem
934 1415 1059 1473 oblatam
1084 1415 1188 1492 accipit
1211 1425 1241 1474 et
1270 1417 1325 1473 sibi
1345 1415 1463 1493 applicat.

273 1498 363 1576 Cujus
388 1495 526 1574 colloquii
547 1513 622 1571 saepe
646 1494 776 1552 meminit
803 1493 958 1569 Scriptura,
983 1495 1055 1552 llos
1077 1495 1107 1553 ii.
1134 1498 1181 1570 23,
1205 1503 1234 1552 et
1263 1495 1349 1554 Zach.
1371 1495 1426 1552 xiii.
1440 1497 1462 1564 9,

273 1577 407 1634 “Dicam
423 1575 582 1649 Lohammi,
599 1575 643 1632 Tu
658 1593 690 1631 es
710 1573 834 1649 populus
849 1593 938 1648 meus,
955 1583 983 1631 et
998 1574 1059 1650 ipse
1081 1574 1166 1649 dicet,
1182 1575 1302 1633 Jehova
1316 1575 1392 1633 Deus
1404 1575 1463 1648 mi,”

275 1657 324 1716 Sic
340 1658 417 1716 Psal.
433 1655 525 1714 xxvii.
541 1657 569 1728 8,
586 1653 648 1712 Jer.
660 1654 700 1710 iii.
716 1657 763 1726 22,
778 1652 862 1710 Rom.
878 1653 938 1711 viii.
956 1657 1001 1728 15,
1020 1657 1065 1712 16.

576 1732 618 1791 ΙΙ.
641 1732 723 1790 Fidei
733 1740 813 1790 tanta
824 1732 907 1790 estin
918 1733 1037 1810 negotio
1048 1733 1149 1792 salutis
1158 1734 1326 1808 necessitas,
1336 1743 1367 1792 ut
1377 1751 1462 1808 quem·

534 1812 688 1870 admodum
703 1813 733 1869 in
747 1831 805 1870 uuo
820 1812 934 1871 Christo
950 1833 1036 1871 causa
1050 1813 1151 1871 salutis
1166 1813 1223 1870 sita
1237 1822 1299 1888 est;
1323 1814 1367 1871 Ita
1377 1812 1404 1868 in
1417 1829 1465 1869 una

534 1891 589 1950 fide
605 1893 642 1950 sit
657 1891 782 1950 medium
798 1900 826 1948 et
840 1891 889 1948 via
909 1891 946 1949 ad
961 1893 1115 1951 Christum.
1145 1892 1224 1950 Hinc
1237 1893 1395 1952 celebratur
1411 1899 1462 1949 teu-

271 1990 358 2046 quam
372 1971 509 2028 uinculum
519 1981 621 2031 nostrae
636 1992 700 2030 curn
712 1972 823 2030 Christo
834 1971 951 2046 uuz'ant's,
966 1972 1035 2048 quia
1048 1972 1159 2030 habitat
1173 1972 1203 2028 in
1214 1971 1301 2030 nobis
1319 1969 1463 2050 perfidem,

272 2050 347 2127 Eph.
369 2050 409 2108 iii.
437 2053 491 2123 17;
515 2061 549 2109 ut
571 2052 692 2109 conditio
713 2051 839 2108 Foederis
857 2050 967 2110 Cretica
981 2051 1034 2109 sub
1048 2071 1106 2127 qua
1127 2050 1204 2108 salus
1234 2052 1319 2110 nobis
1341 2048 1465 2130 promitti·

270 2139 325 2201 tur,
338 2132 452 2202 fructus
472 2131 632 2206 Eleaticum,
655 2131 711 2189 Tit.
723 2130 742 2188 i.
763 2134 949 2206 l;orpauum
966 2131 1181 2208 justificationis,
1206 2131 1293 2189 Rom.
1305 2153 1333 2189 v.
1351 2129 1463 2206 1;pria-

270 2209 373 2284 cipiunt
387 2210 619 2287 sauctpicatieur's,
636 2210 704 2268 Act.
720 2231 770 2268 xv.
786 2213 803 2268 9
820 2219 868 2284 ,et
882 2211 1003 2268 taedium
1017 2211 1161 2284 infallibilc
1174 2212 1284 2284 aalma,
1295 2212 1317 2270 J
1319 2211 1363 2269 oh.
1378 2210 1414 2267 iii.
1425 2207 1463 2264 16.

271 2287 313 2346 Ut
327 2289 429 2345 merito
441 2289 533 2347 virtus
548 2290 586 2348 sit
600 2289 811 2364 quodammodo
823 2289 1003 2364 universalis,
1018 2310 1084 2367 quae
1098 2289 1194 2347 omnia
1207 2289 1305 2348 fidelis
1319 2289 1413 2362 officia,
1423 2285 1462 2342 vel

270 2365 427 2423 fornraliter
441 2366 571 2441 includit,
588 2368 635 2424 vel
664 2377 873 2450 consequenter
887 2378 916 2426 et
935 2370 1097 2427 necessario
1117 2378 1183 2446 post
1204 2388 1235 2427 se
1252 2371 1348 2428 trahit.
1391 2365 1462 2426 Unde

266 2445 354 2521 juxta
363 2445 459 2502 varios
474 2447 537 2522 ejus
552 2455 633 2503 actus
658 2455 687 2504 et
709 2447 806 2515 σ’χίσιις,
828 2448 914 2505 modo
935 2452 1022 2522 ocula,
1044 2449 1154 2506 ratione
1178 2449 1353 2524 cognitionis
1362 2445 1462 2516 Christi,

269 2523 355 2580 modo
365 2524 491 2598 pedibus,
507 2525 616 2582 ratione
629 2544 761 2583 accessus
775 2533 805 2582 et
827 2526 940 2600 refugii,
962 2527 1048 2585 modo
1059 2528 1185 2586 manibus
1199 2539 1228 2586 et
1243 2530 1297 2605 ori,
1310 2528 1414 2586 ratione
1426 2544 1461 2581 re-

269 2603 410 2680 ceptionis
431 2613 460 2662 et
474 2604 674 2680 applicationis
688 2612 764 2661 recte
779 2605 932 2664 confertur.

573 2684 633 2742 111.
656 2684 744 2741 Fides
765 2693 870 2756 autem,
891 2695 923 2743 ut
944 2705 1036 2762 pauca
1050 2687 1086 2745 de
1107 2688 1296 2763 homonymia
1309 2686 1387 2746 vocis
1400 2703 1460 2762 pra·

530 2764 686 2838 mittamus,
700 2763 891 2822 diversimode
917 2766 1039 2824 sumitur
1053 2767 1083 2822 in
1106 2765 1264 2843 Scriptura.
1308 2762 1460 2843 Aliquando

269 2863 321 2920 pro
337 2864 370 2902 ea
385 2863 471 2920 quam
494 2864 642 2902 servamus
657 2843 722 2902 aliis
734 2844 883 2920 fidelitate,
898 2865 950 2921 per
970 2865 1055 2922 quarn
1075 2846 1108 2904 fit
1127 2845 1204 2922 quod
1226 2846 1395 2919 dictumest,
1407 2861 1461 2919 qua

270 2923 401 2981 Ciceroni
416 2923 522 2982 dicitur
546 2926 683 2982 dictorum
699 2934 726 2982 et
740 2927 889 2998 sactorum
916 2927 1079 2999 constantia,
1106 2945 1170 3002 qum
1192 2925 1406 2984 fundamentum
1425 2929 1461 2979 est

265 3003 406 3079 justitiae3
432 3024 496 3080 qum
524 3024 582 3062 non
606 3024 670 3062 raro
699 3005 762 3061 Deo
776 3004 918 3078 tribuitur,
941 3005 1026 3062 ilem.
1041 3005 1082 3062 iii.
1098 3007 1125 3062 3.
1162 3004 1331 3082 Aliquando
1352 3023 1400 3082 pro
1414 3000 1461 3058 lide

269 3103 355 3159 quarn
370 3083 540 3142 adhibemus
555 3084 627 3156 aliis,
644 3104 695 3160 per
712 3103 860 3142 assensum
875 3084 915 3140 rei
938 3084 1019 3142 lactae
1035 3085 1081 3142 vcl
1100 3085 1211 3158 suturae,
1227 3085 1351 3146 dicentis
1364 3081 1460 3142 veraci·

269 3163 321 3221 tati
333 3163 474 3222 innixum.
517 3165 574 3222 Vel
588 3165 723 3239 adjective,
739 3183 790 3239 pro
805 3163 861 3221 fide
876 3184 937 3240 qum
951 3165 1083 3237 creditur,
1100 3184 1150 3222 scu
1162 3165 1295 3223 doctrina
1310 3159 1459 3238 Evangelii,

270 3262 335 3317 quae
349 3252 393 3300 est
407 3243 474 3301 fidei
489 3243 645 3319 objectum,
668 3244 734 3302 Gal.
749 3244 769 3300 i.
786 3246 832 3317 23,
858 3246 871 3300 l
889 3245 963 3301 Tim.
979 3243 997 3301 i.
1012 3245 1057 3318 19,
1079 3244 1144 3302 Gal.
1161 3244 1200 3302 iii.
1216 3247 1264 3319 25,
1288 3254 1317 3304 et
1332 3245 1392 3320 ejus
1404 3257 1459 3317 pro·

269 3319 393 3378 sessione
416 3331 544 3396 externa,
562 3323 646 3380 Rom.
661 3323 680 3380 i.
696 3326 723 3381 8.
766 3323 824 3381 Vel
847 3324 989 3396 subjective
1013 3331 1043 3381 et
1064 3323 1250 3382 habitualiter
1272 3345 1325 3402 pro
1346 3322 1399 3380 lide
1412 3337 1460 3395 qua

269 3401 402 3472 creditur,
428 3421 492 3477 quae
514 3402 616 3458 iterum
638 3421 655 3458 a
676 3401 848 3477 quibusdam
873 3401 1060 3478 distinguitur
1078 3403 1108 3459 in
1132 3403 1227 3479 fidem,
1251 3425 1310 3481 qua
1336 3401 1460 3462 creditura

269 3479 371 3551 Deum,
396 3478 443 3535 vel
462 3499 519 3554 qna
540 3481 677 3536 eredimus
697 3483 768 3554 Deo,
795 3481 841 3537 vel
865 3501 922 3557 qua
942 3483 1080 3540 crediturus
1104 3483 1133 3539 ia
1154 3484 1256 3558 Deum,
1279 3493 1312 3544 ut
1339 3483 1460 3540 observat

270 3555 424 3614 Lombard.
435 3557 485 3614 lib.
495 3557 535 3614 iii.
552 3567 624 3617 sent.
637 3561 665 3631 3,
677 3559 743 3617 dist.
759 3562 806 3633 23,
823 3570 854 3618 ut
870 3561 992 3618 Credere
1005 3561 1097 3619 Deum
1111 3561 1148 3619 sit
1159 3562 1274 3621 credere
1291 3564 1383 3621 Deum
1397 3576 1458 3622 esse,

271 3634 394 3692 Credere
410 3635 472 3692 Deo
497 3635 535 3693 sit
556 3636 643 3692 fidem
669 3637 804 3695 adhibere
828 3641 890 3696 Dco
919 3640 1057 3717 loquenti,
1080 3648 1109 3699 et
1132 3641 1255 3700 Credere
1270 3642 1300 3699 in
1316 3643 1405 3699 Deum
1426 3635 1459 3694 sit

270 3713 403 3771 fiduciam
419 3713 449 3770 in
470 3733 534 3771 enm
550 3714 699 3772 collocare.
743 3717 827 3775 Unde
845 3718 970 3793 August.
981 3721 1075 3778 Tract.
1088 3722 1135 3796 29,
1152 3720 1182 3777 in
1195 3721 1275 3796 Jolr,
1294 3724 1311 3754 “
1321 3718 1459 3779 Credimus

272 3791 371 3869 Paulo,
385 3793 502 3851 sednon
518 3793 547 3850 in
563 3793 715 3852 Paulum.¹'
760 3795 817 3853 Sed
827 3797 981 3856 discrimen
994 3799 1049 3856 hoc
1064 3819 1122 3857 non
1137 3810 1180 3859 est
1194 3809 1381 3878 perpetuum,
1402 3813 1459 3853 nam

269 3873 339 3931 licet
361 3873 475 3932 credere
491 3873 594 3948 Deum,
611 3883 640 3932 et
664 3875 694 3930 in
718 3875 821 3948 Deum,
844 3875 984 3951 differant,
1004 3878 1151 3956 Scriptura
1171 3899 1229 3936 non
1252 3901 1316 3938 raro
1337 3897 1387 3957 pro
1411 3891 1459 3932 uno

270 3953 428 4030 eodemque
451 3954 538 4012 sumit
552 3953 668 4012 credere
691 3955 761 4028 Dco,
777 3955 849 4012 etin
865 3956 968 4028 Deum,
984 3966 1016 4015 ut
1030 3957 1065 4015 de
1086 3959 1253 4017 Abrahamo
1268 3958 1379 4034 dicitur,
1393 3949 1459 4031 quod

270 4034 422 4169 {crediderat
433 4035 503 4110 Dea,
521 4034 604 4093 Rom.
620 4035 658 4092 iv.
675 4037 702 4112 3,
717 4034 767 4094 ubi
782 4035 878 4112 agitur
892 4035 927 4094 de
942 4035 998 4095 fide
1020 4037 1205 4114 justificante,
1222 4047 1250 4098 et
1264 4038 1334 4098 alibi
1344 4035 1426 4095 variis
1436 4031 1459 4088 in

284 4133 351 4171 ocis.

286 1793 354 1838 Fidei
364 1795 497 1838 necessitas

308 1857 334 1896 et
349 1853 463 1909 dignitas.

268 2721 332 2781 EJ'ns
348 2721 509 2780 homonymia.

574 4194 628 4252 IV.
652 4194 770 4252 Rectius
785 4195 856 4254 fides
882 4196 1070 4273 distinguitur
1090 4197 1120 4252 in
1135 4217 1207 4272 cam,
1233 4217 1298 4274 quae
1336 4203 1380 4255 cst
1399 4187 1458 4249 nudi

532 4292 667 4332 assensus
691 4274 805 4332 veritati
829 4277 963 4333 revelatae
993 4285 1022 4334 et
1043 4277 1175 4351 cognitae,
1197 4297 1261 4354 quae
1283 4277 1312 4335 in
1334 4271 1460 4333 Diabolus

271 4351 357 4409 etiam
372 4351 457 4426 cadit,
480 4372 544 4428 quae
557 4355 632 4431 fides
646 4355 776 4412 historica
798 4354 909 4428 dicitnr,
933 4354 968 4412 dc
984 4375 1049 4431 qua,
1065 4357 1130 4415 Jac.
1146 4357 1174 4414 ii.
1192 4361 1238 4416 19.
1280 4356 1336 4415 Vel
1358 4355 1387 4412 in
1406 4366 1459 4408 earn

270 4451 336 4507 quac
351 4451 415 4488 cum
430 4451 550 4490 assensu
564 4433 651 4491 habet
665 4434 789 4510 aliquem
804 4443 921 4510 gustum
936 4441 965 4492 et
980 4435 1126 4511 gaudium,
1143 4436 1193 4494 sed
1213 4436 1374 4508 evanidam,
1388 4427 1459 4490 boni·

270 4511 340 4568 tatis
355 4510 468 4586 objecti,
481 4531 545 4587 quea
557 4515 632 4589 fides
653 4521 773 4570 vocatur
793 4521 932 4586 ceteraque,
949 4513 984 4571 de
996 4533 1061 4590 qna,
1079 4515 1184 4574 lllatth.
1200 4517 1261 4573 xiii.
1277 4519 1324 4574 20.
1365 4509 1416 4570 Vel
1434 4507 1458 4562 in

270 4607 343 4662 eam,
359 4609 423 4665 qum
446 4610 594 4649 assensum
617 4592 688 4649 dicit
710 4591 890 4668 promissioni
916 4593 1001 4651 alicui
1027 4594 1166 4670 singulari
1189 4595 1224 4652 de
1247 4604 1351 4654 eventu
1375 4591 1459 4664 aliqu⁰

272 4667 451 4741 miraculose,
469 4671 515 4726 vel
531 4691 547 4727 a
562 4671 652 4745 nobis,
669 4672 716 4729 vel
728 4672 756 4728 in
770 4671 853 4729 nobis
868 4680 896 4730 et
911 4673 985 4730 circa
998 4693 1051 4730 nos
1064 4693 1148 4749 snpra
1161 4675 1288 4732 ordinem
1301 4665 1458 4752 prestanda

301 4233 398 4290 Species
408 4231 472 4278 fidel.
