3146 5210
130 413 244 462 eumer.
260 391 320 473 ua]
547 409 585 448 os
601 408 770 450 ‘sosarmus
787 411 823 448 ar
838 411 915 450 moa.
1278 402 1332 457 451

125 553 254 628 Adultis,
286 552 428 630 Iteprobis
452 559 502 609 aut
530 549 649 626 Electis,
665 552 695 609 in
710 559 786 610 statu
801 571 899 610 eorum
917 560 983 629 post
996 553 1118 630 lapsum,
1134 575 1186 630 pro
1200 555 1264 614 loco
1286 566 1336 616 aut

124 643 262 710 tempore,
278 631 402 691 mediate
417 641 466 689 aut
480 629 653 706 immediate,
670 631 813 689 ordinarie
827 632 875 689 vel
886 633 1121 708 extraordinarie,
1137 635 1261 710 gratiam
1276 657 1335 695 non

124 714 362 790 qualemcunque,
374 711 425 771 sed
434 710 588 769 salutarem
597 719 626 770 et
637 710 825 770 sufficientem
834 711 872 769 ad
881 713 1108 788 conversionem,
1120 733 1178 771 uon
1184 724 1334 774 externam

122 801 244 870 tautum,
254 792 306 851 sed
315 791 506 870 subjectivum
520 799 550 848 st
560 791 700 850 intentam
711 791 920 867 communicet;
948 791 1032 868 Quod
1038 794 1141 852 volunt
1151 794 1331 872 Adversarii,

125 873 238 932 Nosne
260 891 350 931 amus.

166 893 260 1011 VIIIg.
280 949 425 1011 Pontificii
448 951 623 1027 pertendunt
647 949 802 1010 Auxilium
823 950 968 1010 sufficiens
993 952 1031 1010 ad
1052 953 1183 1029 salutem,
1199 973 1251 1032 pro
1265 955 1331 1015 loco

122 1043 152 1092 et
173 1041 309 1110 tempore,
326 1030 459 1090 omnibus
481 1030 551 1107 dari,
578 1041 610 1089 ut
624 1031 722 1091 nullus
747 1031 792 1105 sit,
821 1031 871 1108 qui
895 1050 954 1090 nou
976 1032 1132 1108 aliquando
1147 1034 1250 1093 saltem
1277 1035 1333 1095 hoc

122 1113 264 1172 auxilium
277 1112 392 1184 habeat,
408 1110 457 1170 val
470 1110 635 1169 immediate
649 1131 724 1188 resp.
747 1111 919 1186 adultorum,
936 1111 984 1168 vel
1004 1112 1129 1172 mediate
1142 1123 1276 1192 respectu
1289 1115 1333 1173 in·

120 1193 243 1251 Iastium
254 1193 284 1250 in
293 1191 471 1269 parentibus,
501 1191 714 1268 uibaptismum
724 1191 791 1249 filiis
807 1191 866 1249 suis
875 1210 1027 1267 procurare
1041 1202 1171 1270 possunt.
1194 1195 1332 1256 Bellarm.

123 1273 164 1331 sic
178 1272 315 1349 loquitur,
330 1272 381 1330 Iib.
397 1275 424 1345 2,
440 1270 476 1329 de
521 1271 594 1329 ratia
608 1279 637 1329 et
653 1271 716 1328 Lib.
732 1270 806 1329 Arb.
822 1291 883 1348 cap.
900 1273 927 1344 5,
948 1271 977 1328 in
993 1271 1101 1346 Quinta
1120 1273 1330 1352 Propositione,

121 1351 305 1411 “Auxilium
320 1351 465 1410 sufficiens
478 1371 531 1428 pro
541 1351 606 1410 loco
629 1359 658 1409 et
677 1361 814 1426 tempore,
830 1350 954 1409 mediate
964 1351 1012 1409 vel
1021 1351 1187 1412 immediate
1198 1355 1333 1414 omuibus

124 1432 239 1491 datur.’'

163 1513 222 1570 lX.
254 1511 418 1570 Arminiani
441 1510 542 1569 eadem
562 1517 725 1588 prementes
750 1511 875 1588 vestigia
896 1518 963 1589 post
989 1511 1168 1588 Socinianos‚
1199 1525 1332 1576 asserunt

125 1593 228 1668 Deum,
243 1593 294 1670 qui
308 1592 488 1650 voluntatem
510 1591 612 1649 habuit
635 1590 829 1649 universalem
854 1609 954 1649 omnes
978 1600 1007 1649 et
1035 1591 1167 1669 singulos
1189 1594 1331 1668 salvandi,

127 1691 227 1732 omnes
241 1681 270 1731 et
285 1672 416 1749 singulos
436 1670 607 1746 redimendI,
623 1669 708 1728 Velle
737 1670 823 1728 etiam
848 1691 899 1746 per
913 1671 1101 1729 Vocationem
1129 1673 1331 1732 Universalem

123 1752 218 1811 media
228 1753 265 1810 ad
279 1752 366 1810 fidem
376 1759 405 1810 et
413 1749 641 1828 resipiscentiam
662 1749 833 1808 sufficieutia
844 1751 978 1809 omnibus
987 1760 1016 1809 et
1025 1751 1148 1828 singurlis
1157 1752 1256 1828 largiri
1267 1775 1273 1828 ;
1286 1753 1332 1813 Ita

123 1841 220 1890 tamen
233 1841 266 1892 ut
289 1851 360 1891 usus
382 1832 496 1889 illorum
520 1830 689 1904 mediorum,
706 1829 876 1907 subjiciatur
890 1849 1003 1908 semper
1012 1831 1103 1889 libero
1117 1832 1242 1890 hominis
1256 1834 1331 1891 arbi-

124 1912 187 1987 trio,
202 1931 290 1988 penes
304 1911 382 1989 quod
397 1912 435 1969 sit
458 1910 552 1988 gratia
565 1910 616 1967 illa
629 1910 672 1968 uti
686 1909 735 1968 vel
749 1929 806 1967 non
834 1910 886 1986 uti,
916 1910 1032 1970 credere
1053 1911 1101 1969 vel
1121 1931 1179 1970 non
1205 1913 1329 1973 credere.

127 1991 190 2049 Imo
212 1993 332 2051 ulterius
356 1991 536 2068 aliquantum
560 1989 696 2048 videntur
722 1988 857 2067 progredi
872 1991 943 2068 ipsis
968 1989 1136 2049 Pontificiis.
1180 1993 1234 2051 Isti
1254 1993 1348 2051 enim·

124 2081 285 2146 agnoscunt
298 2071 421 2130 liberum
432 2070 521 2130 fuisse
531 2079 559 2128 et
568 2070 712 2147 integrum
726 2069 788 2128 Deo
803 2069 925 2146 gratiam
940 2070 1025 2128 istam
1035 2069 1223 2130 sufficientem
1238 2073 1330 2131 homi·

125 2151 210 2210 nibus
224 2152 390 2226 concedere,
411 2159 441 2209 et
460 2151 570 2208 nullam
585 2149 710 2208 futuram
731 2149 911 2226 iniquitatem
927 2150 958 2207 in
979 2170 1022 2226 eo,
1047 2151 1072 2207 si
1096 2152 1229 2211 omnibus
1250 2153 1331 2211 illam

122 2240 250 2308 negaret.
294 2231 352 2292 Sed
375 2231 612 2289 Remonstrantes
626 2229 729 2288 volunt
758 2229 853 2287 Deum
868 2230 959 2290 teneri
986 2229 1016 2287 in
1044 2231 1129 2290 Novo
1144 2232 1266 2291 Foedere
1294 2233 1333 2292 sd

121 2311 490 2370 submiuIstrandamistam
502 2310 633 2387 gratiam,
649 2309 872 2386 uc‘iniquahac
894 2310 1057 2387 suspicione
1086 2311 1202 2387 gravari
1228 2313 1329 2389 possit,

124 2391 201 2468 quod
223 2391 333 2468 aliquid
354 2391 453 2468 exigat
480 2411 498 2448 a
519 2390 604 2448 nobis
618 2409 704 2467 supra
726 2389 803 2448 vires
830 2398 952 2465 nostras,
968 2398 1001 2449 ut
1027 2390 1156 2467 loquitur
1183 2391 1333 2452 Amoldus

124 2479 224 2529 contra
239 2472 416 2530 Molinaeum.

165 2551 207 2608 X.
230 2551 342 2629 Scopus
365 2559 552 2626 utrorumque
567 2549 596 2606 iu
621 2548 786 2626 adoptando
800 2550 856 2608 hoc
885 2549 1043 2627 Pelagiano
1067 2568 1171 2627 errore,
1186 2560 1232 2611 cst
1246 2552 1331 2611 Idolo

122 2630 206 2690 liberi
217 2632 328 2691 arbitrii
341 2631 433 2705 litare,
449 2638 478 2688 et
493 2637 685 2688 commentum
701 2649 784 2687 suum
799 2629 835 2687 de
863 2635 982 2702 ἀδιιφιςίᾳ
1010 2631 1170 2689 voluntatis
1192 2631 1329 2708 stabilire,

122 2711 208 2770 talem
223 2713 345 2789 gratiam
360 2709 554 2788 proponendo,
571 2728 635 2785 quse
651 2727 763 2786 semper
776 2710 814 2767 ab
828 2709 943 2767 homine
955 2710 1046 2785 possit
1061 2710 1142 2786 rejici
1151 2710 1198 2768 vel
1207 2710 1330 2770 admitti.

123 2791 324 2851 Fundamenta
337 2792 421 2849 istius
436 2789 586 2849 sententiae
599 2789 744 2866 praecipua
758 2788 816 2846 duo
831 2798 915 2847 sunt:
948 2792 973 2845 l.
987 2789 1067 2846 Nihil
1079 2789 1173 2847 Deum
1188 2789 1225 2847 ab
1238 2790 1330 2848 homi·

122 2892 158 2930 ne
173 2872 299 2949 exigere,
315 2870 394 2949 quod
407 2871 444 2928 ab
459 2870 522 2948 ipso
536 2889 595 2926 non
609 2869 701 2945 possit
722 2869 861 2946 praestari.
903 2872 931 2925 2.
955 2867 1057 2926 Fidem
1079 2879 1108 2927 et
1122 2869 1329 2945 poenitentiam,

122 2971 186 3027 quac
201 2961 268 3011 sunt
282 2951 462 3012 conditiones
477 2948 555 3008 Novi
580 2949 719 3023 Foederis,
745 2967 803 3006 non
828 2947 945 3024 praecipi
967 2948 998 3004 in
1022 2948 1114 3024 primo
1130 2948 1261 3024 Foedere,
1276 2969 1330 3008 uec

125 3049 187 3089 esse
199 3031 235 3090 de
244 3032 342 3090 debito
353 3029 495 3105 naturaii3
511 3029 640 3106 Ideoque
654 3029 798 3087 neminem
813 3027 850 3086 ad
864 3047 914 3086 eas
928 3027 1060 3105 obligari,
1076 3028 1131 3086 nisi
1146 3048 1244 3087 rursus
1254 3029 1331 3090 vires

125 3110 168 3168 illi
183 3111 374 3170 conferantur.

165 3191 225 3249 XI.
249 3189 411 3250 Orthodoxi
432 3209 501 3248 vero
529 3199 681 3266 utrumque
702 3196 819 3265 negant,
845 3187 949 3246 Teneri
976 3188 1069 3246 Deum
1092 3188 1179 3246 talem
1207 3188 1328 3264 gratiam

123 3272 257 3330 omnibus
271 3271 379 3348 largiri,
396 3271 435 3328 Et
454 3289 517 3328 eam
541 3269 618 3326 velle
639 3277 706 3327 actu
727 3268 863 3344 conferre,
879 3276 908 3325 et
922 3267 1017 3344 reipsa
1045 3267 1167 3345 singulis
1181 3268 1330 3346 impertirI,

123 3351 174 3409 sed
188 3360 300 3411 tanturn
323 3351 390 3426 illis,
416 3349 466 3426 qui
481 3357 622 3408 vocantur
635 3359 700 3404 aava
712 3347 809 3422 cetrum
822 3347 957 3405 nimirum
970 3347 1088 3406 Electis.

122 3459 362 3562 Imbufflffl'tt
386 3428 757 3568 st.¹¹s.¹²;³⁶⁰s¹t⁵.ttt²
782 3425 1330 3568 {.t⁰‡t‘³.¹·t.³·²2ttt‘.³⁸¹¹ttt¹tt

180 3531 195 3562 8
208 3531 256 3561 Iam
276 3531 306 3560 su
356 3539 367 3550 ·
408 3531 416 3567 1
1136 3552 1143 3566 ι
1312 3531 1331 3567 Il

151 3529 233 3620 {imm
244 3575 366 3620 omnibus.
390 3589 519 3649 decrevit
534 3589 622 3662 Deus,
633 3596 666 3646 ut
681 3552 781 3645 omnies
802 3587 924 3646 salutem
938 3528 1181 3664 Jconsequantur;
1204 3590 1272 3666 quia
1299 3600 1332 3649 ut

121 3669 269 3728 Jacobum
294 3668 406 3746 dilexit,
423 3670 552 3728 Esavum
564 3667 631 3726 odio
651 3666 761 3725 habuit.
806 3668 847 3726 Ut
860 3667 1002 3744 quosdam
1023 3668 1121 3745 elegit,
1136 3679 1166 3728 et
1175 3669 1273 3746 posuit
1293 3669 1331 3727 ad

122 3751 255 3823 salutem,
273 3750 319 3808 Ita
333 3750 406 3808 alios
426 3746 601 3826 reprobavit,
617 3755 646 3805 et
666 3745 763 3824 posuit
784 3746 821 3804 ad
843 3747 934 3822 iram;
956 3756 989 3807 ut
1013 3756 1155 3807 certorum
1170 3749 1330 3824 miseretur,

122 3829 164 3886 ita
177 3828 250 3885 alios
263 3829 388 3904 indurat,
404 3830 509 3906 quibus
524 3828 586 3886 dari
601 3827 724 3904 gratiam
739 3825 926 3885 sufficientem
945 3847 1030 3885 nomo
1044 3827 1160 3886 dixerit.
1203 3829 1264 3886 Nec
1285 3847 1330 3886 re·

123 3905 193 3982 poni
206 3915 310 3982 potest,
328 3910 484 3968 Decretum
499 3909 555 3967 Dei
580 3927 638 3965 non
661 3925 724 3965 esse
747 3906 920 3981 absolutum,
945 3906 996 3965 sed
1011 3925 1181 3983 suspensum
1195 3926 1233 3964 ex
1254 3906 1330 3965 bono

127 3985 176 4043 vel
190 3984 266 4043 malo
280 4007 336 4046 usu
347 3989 432 4047 liberi
447 3989 565 4062 arbitrii,
581 3987 649 4064 quia
663 3986 754 4064 gratis
778 3975 948 4063 supporfflur
963 3984 1039 4062 quod
1055 3994 1099 4043 est
1113 3987 1141 4042 in
1163 3985 1330 4062 quaestiouc,

126 4074 156 4124 ct
170 4063 250 4140 quod
264 4085 316 4123 suo
330 4066 394 4125 loco
408 4067 606 4143 refutavimus,
622 4087 711 4144 quum
725 4066 761 4124 de
782 4066 905 4125 Decreto
919 4064 1129 4142 reprobationis
1148 4065 1270 4142 egimus.

167 4143 262 4201 XIII.
285 4149 312 4202 2.
335 4145 410 4220 Quia
424 4147 526 4206 Gratia
546 4147 692 4224 objectIva
719 4155 847 4219 extcrna,
862 4164 920 4202 non
945 4153 989 4202 est
1009 4143 1169 4202 communis
1188 4144 1331 4220 omuibus,

125 4233 159 4283 ut
172 4243 261 4299 supra
274 4225 378 4284 visum.
421 4225 501 4304 Ergo
514 4225 606 4285 multo
630 4227 726 4284 minus
752 4225 912 4302 subjectiva
933 4231 963 4282 et
985 4223 1106 4280 iuterna.
1149 4223 1227 4281 Hinc
1251 4225 1332 4283 Deus

124 4303 231 4361 dIcitur
257 4306 410 4381 praetcritis
438 4306 571 4364 aetatibus
596 4305 699 4366 sivisse
727 4305 838 4364 Gentes
866 4304 926 4362 suis
953 4303 1079 4380 ipsarum
1106 4303 1163 4361 viis
1187 4303 1329 4378 incedere,

124 4384 193 4442 Act.
209 4383 270 4440 xiv.
288 4387 333 4458 16,
359 4385 437 4461 quod
462 4385 556 4444 adhuc
578 4385 648 4445 facit
671 4387 701 4442 in
722 4385 833 4459 Tuscis,
858 4383 954 4442 Persis
978 4390 1008 4440 et
1034 4382 1123 4440 Indis.
1167 4381 1239 4457 Quis
1260 4403 1331 4442 vero

124 4464 233 4522 dixerit
262 4463 393 4523 Gratiam
415 4465 603 4527 sufficientem
626 4466 687 4524 dari
708 4466 753 4540 iis,
768 4483 841 4541 quos
857 4465 937 4522 Deus
952 4463 1020 4521 sinit
1045 4463 1086 4521 ire
1106 4463 1162 4521 viis
1187 4463 1256 4538 suis,
1281 4463 1332 4524 ubi

124 4543 290 4602 dissimulat
300 4551 429 4622 tempora
440 4545 610 4621 ignorantiae
621 4549 635 4603 ?

166 4624 257 4682 XIV.
281 4626 309 4682 3.
332 4625 407 4698 Quia
420 4625 493 4682 fides
513 4645 571 4682 non
592 4635 636 4684 est
650 4625 786 4699 omniurn,
803 4629 821 4682 2
836 4625 938 4682 Thess.
954 4623 993 4680 iii.
1010 4629 1037 4699 2,
1054 4623 1105 4683 sed
1120 4631 1231 4682 tantum
1247 4623 1332 4684 Elec·

125 4715 229 4780 torum,
241 4704 298 4762 Tit.
314 4705 332 4761 i.
347 4708 371 4782 1,
388 4725 486 4764 corum
497 4705 614 4782 scilicet,
627 4706 678 4782 qui
686 4705 808 4763 ordinati
820 4705 932 4762 fuerant
946 4703 984 4761 ad
998 4705 1088 4762 vitam
1102 4713 1246 4781 aeternam,
1263 4703 1331 4765 Aet.
