3152 5198
129 427 242 479 curaer.
266 406 325 488 ιιι]
596 422 635 462 na
656 422 908 466 ausrrsrcsrrous.
1281 415 1339 471 569

171 569 230 628 ΙΙΙ.
248 566 335 629 Unde
350 565 479 643 sequitur
490 561 535 642 (5)
547 562 641 622 Deum
652 565 761 623 nemini
775 565 898 643 gratiam
909 565 1002 626 facere
1013 586 1097 644 posse
1112 588 1165 627 nec
1176 589 1340 648 quenquam

127 650 288 730 justificare
311 647 373 706 sine
396 644 522 722 perfecta
537 643 661 722 justitia.
705 645 778 704 Cum
800 645 877 704 enim
894 647 1037 724 judicium
1059 649 1115 707 Dei
1130 649 1168 708 sit
1182 651 1340 709 secundum

130 731 291 802 veritatem,
306 747 365 786 non
378 731 473 804 potest
487 743 650 800 quenquam
667 725 780 802 justum
802 727 1000 802 pronunciare,
1016 728 1066 804 qui
1087 749 1188 787 revera
1201 730 1269 788 talis
1283 751 1341 790 non

132 811 178 870 sit.
222 811 294 869 Cum
308 826 378 866 vero
392 804 489 864 nullus
503 803 667 862 mortalium
688 814 755 882 post
774 813 923 882 peccatum
939 807 1025 866 talem
1043 809 1187 885 justitiam
1201 810 1232 866 in
1246 811 1341 888 seipso

133 890 246 964 habeat,
270 888 328 946 imo
342 905 395 963 pcr
407 893 557 963 peccatum
571 884 649 943 filius
658 885 707 943 irae
718 885 812 944 factus
827 886 864 944 sit
875 895 903 945 et
914 887 1015 946 mortis
1029 907 1103 964 rcus,
1119 890 1273 966 quaercnda
1287 891 1342 950 fuit

133 980 217 1028 extra
226 987 280 1026 nos
293 967 324 1025 in
338 965 404 1040 alio,
420 967 503 1042 cujus
513 965 680 1024 interventu
689 966 776 1024 homo
786 974 921 1042 peccator
931 975 960 1026 et
973 967 1079 1044 impius
1089 969 1265 1046 justificetur
1279 971 1341 1030 sine

129 1050 243 1126 justitia
256 1046 380 1124 propria.
424 1044 560 1104 Humana
574 1063 643 1103 sane
668 1044 787 1104 Judicia
810 1045 931 1124 impium
946 1067 1023 1124 saepe
1041 1048 1212 1125 justificant,
1228 1051 1276 1108 vel
1290 1071 1342 1128 per

132 1128 333 1204 ignorantiam,
350 1145 439 1202 quum
454 1124 587 1202 impietas
601 1125 750 1201 ignoratur
764 1133 793 1184 et
803 1125 882 1200 latet,
892 1127 942 1186 vel
955 1147 1007 1204 per
1021 1127 1166 1204 injuriam,
1182 1148 1270 1205 quum
1284 1151 1343 1190 rron

132 1207 299 1280 attenditur,
315 1207 363 1264 vel
385 1225 437 1282 per
460 1205 650 1281 iniquitatem,
666 1224 754 1281 quum
780 1205 963 1283 approbatur.
1008 1207 1065 1266 Sed
1085 1208 1115 1266 in
1130 1209 1207 1267 Poro
1222 1210 1340 1286 Divino,

132 1287 163 1345 in
177 1306 235 1363 quo
249 1286 333 1345 uobis
347 1305 393 1344 rus
407 1293 451 1343 est
466 1304 531 1343 cunr
549 1283 710 1360 justissimo
725 1286 747 1344 J
749 1284 841 1360 udice,
856 1285 907 1364 qui
920 1305 973 1344 nec
999 1296 1110 1346 sontem
1124 1289 1212 1347 habet
1232 1310 1284 1366 pro
1298 1292 1342 1348 in-

133 1377 225 1442 sonte,
240 1386 295 1425 rrec
309 1367 452 1424 insontem
466 1383 518 1440 pro
533 1373 624 1438 sonte,
638 1365 694 1424 hoe
708 1364 804 1423 locum
822 1366 928 1424 habere
950 1367 1060 1443 nequit.
1103 1367 1174 1426 Ideo
1188 1369 1239 1446 qui
1254 1370 1343 1429 desti-

135 1447 225 1506 tuitur
238 1447 354 1523 propria
369 1445 493 1521 justitia,
517 1444 603 1502 aliam
623 1444 710 1504 debet
733 1444 840 1503 habere
862 1465 919 1523 qua
941 1445 1125 1523 justificetur.
1169 1448 1252 1508 Licet
1266 1451 1342 1508 enim

136 1527 225 1600 Deus,
241 1534 273 1584 ut
287 1544 417 1584 summus
430 1543 525 1583 rerum
551 1523 678 1599 Arbiter,
694 1533 724 1583 et
738 1543 888 1601 supremus
907 1526 1033 1584 omnium
1049 1527 1201 1604 Dominus,
1216 1537 1342 1605 potesta-

135 1615 193 1666 tem
208 1607 312 1664 habeat
327 1604 450 1682 gratiam
474 1623 567 1682 poenae
590 1603 713 1662 faciendi
735 1605 952 1682 peccatoribus;
973 1625 1031 1664 non
1045 1615 1140 1685 potest
1154 1616 1259 1685 tamen,
1275 1610 1344 1685 quia

136 1693 180 1744 est
197 1685 385 1763 justissimus,
397 1684 453 1743 hoc
467 1682 619 1760 indulgere
642 1684 795 1761 peccatori,
811 1685 867 1744 nisi
891 1685 959 1744 data
972 1686 1052 1762 prius
1066 1687 1269 1764 satisfactione,
1286 1709 1343 1766 qua

136 1777 166 1824 et
175 1765 297 1843 justitiae
310 1765 361 1824 fiat
386 1764 465 1839 satis,
481 1771 510 1822 et
523 1783 610 1840 poena
624 1764 660 1822 dc
675 1772 793 1842 peccato
815 1773 963 1840 sumatur;
988 1785 1052 1842 quae
1077 1787 1143 1825 cum
1157 1787 1175 1825 a
1188 1768 1272 1828 nobis
1286 1771 1344 1827 reis

136 1845 281 1922 proficisci
304 1864 361 1903 non
389 1844 522 1922 potuerit,
552 1844 582 1901 iu
604 1843 661 1903 alio
685 1844 840 1921 quaerenda
863 1844 926 1920 fuit,
952 1846 1002 1921 qui
1026 1846 1154 1924 Sponsor
1166 1855 1265 1906 nostro
1279 1849 1344 1907 loco

137 1925 319 2000 constitutus,
349 1944 464 2002 premam
494 1924 579 1983 nobis
610 1923 737 1983 debitam
767 1925 799 1982 irr
820 1944 850 1983 se
872 1925 1036 2002 recipiendo
1060 1927 1204 2004 justitiam
1226 1936 1255 1986 et
1275 1933 1345 1984 trut-

137 2033 198 2080 upa,
213 2024 271 2082 quo
285 2004 519 2079 destituebamur,
535 2005 596 2082 ipse
609 2003 773 2081 largiretur.

180 2085 234 2144 IV.
257 2083 341 2159 Quod
363 2105 432 2144 vero
456 2086 486 2142 irr
511 2085 595 2144 nobis
617 2085 735 2161 reperiri
758 2105 817 2144 non
838 2085 940 2163 potuit,
966 2093 996 2144 et
1019 2085 1050 2142 in
1074 2086 1131 2145 alio
1145 2087 1200 2146 fuit
1214 2107 1343 2164 quaeren-

138 2165 216 2240 dum,
238 2184 297 2222 rron
318 2165 387 2223 alibi
408 2165 533 2224 inveniri
553 2185 639 2242 posse
654 2165 848 2243 Evangelium
871 2165 964 2241 docet,
987 2184 1074 2243 quam
1089 2167 1119 2224 in
1148 2168 1262 2226 Christo
1277 2177 1345 2223 ssa,-

138 2254 224 2321 rgu'aeq,
240 2245 289 2322 qui
312 2245 405 2304 Vadis
419 2246 510 2304 nostri
533 2254 649 2323 recepto
669 2245 699 2302 in
714 2265 744 2304 se
759 2265 886 2322 munere,
901 2245 1068 2322 plenissime
1086 2247 1208 2324 justitiae
1224 2247 1280 2306 Dei
1294 2266 1346 2324 per

139 2325 332 2384 obedientiam
356 2345 437 2384 suam
451 2325 584 2384 omnibus
600 2325 728 2384 numeris
746 2325 909 2384 absolutam
926 2324 1074 2400 satisfecit,
1096 2335 1126 2385 et
1139 2327 1180 2385 ita
1193 2329 1215 2386 J
1217 2328 1346 2387 ustitiam
1451 2392 1453 2400 ,

139 2404 310 2478 seculorum,
334 2423 391 2480 qua
414 2425 472 2464 una
488 2406 642 2482 justificari
664 2425 816 2482 possumus
838 2425 933 2464 eoram
960 2405 1032 2480 Deo,
1047 2406 1132 2466 nobis
1142 2407 1248 2482 attulit,
1263 2415 1296 2466 ut
1313 2427 1347 2465 ea

138 2484 208 2543 tecti
223 2493 252 2544 et
265 2484 359 2543 induti
373 2493 509 2562 tanquam
522 2486 707 2563 primogeniti
718 2486 809 2545 nostri
823 2485 967 2562 veste‚sd
977 2486 1068 2545 instar
1076 2487 1191 2564 Jacobi,
1208 2498 1344 2547 aeternam

140 2565 236 2622 Patris
251 2564 377 2623 coelestis
391 2565 620 2625 benedictionem
636 2566 689 2625 sub
704 2587 738 2624 ea
751 2563 942 2626 obtineamus.

180 2645 218 2703 V.
242 2645 340 2719 Porro,
357 2645 431 2719 Quia
445 2646 572 2722 quandiu
588 2646 719 2705 Christus
734 2655 778 2706 est
800 2654 882 2705 extra
901 2666 962 2720 nos,
979 2653 1008 2705 et
1021 2665 1075 2705 nos
1089 2656 1172 2706 extra
1188 2647 1344 2722 Christum,

138 2725 250 2784 nullum
265 2745 303 2783 ex
320 2726 434 2802 justitia
456 2726 550 2784 aliena
573 2725 697 2785 fructum
711 2727 857 2805 percipere
880 2745 1053 2803 possumus;
1076 2726 1156 2784 Deus
1171 2725 1279 2802 duplici
1293 2745 1347 2784 nos

139 2805 256 2864 vinculo
270 2825 336 2864 cum
352 2805 465 2864 Christo
480 2806 561 2864 unire
576 2806 677 2882 voluit,
693 2807 818 2864 naturali
831 2826 898 2880 uno,
910 2805 1033 2882 mystico
1048 2805 1146 2880 altero,
1163 2807 1245 2882 cujus
1259 2806 1347 2864 bene·

140 2884 206 2944 ficio
219 2885 261 2961 fit,
277 2892 310 2944 ut
333 2893 362 2944 et
381 2885 457 2944 mala
480 2895 580 2944 nostra
600 2887 631 2943 irr
653 2886 799 2945 Christum
814 2883 969 2961 transferri,
985 2893 1014 2944 et
1027 2885 1104 2944 bona
1118 2885 1224 2946 Christi
1240 2883 1276 2943 ad
1291 2905 1344 2944 nos

141 2966 261 3024 transire
275 2966 429 3043 potuerint,
446 2975 475 3026 et
488 2974 587 3025 nostra
600 2965 671 3024 ficri.
715 2966 799 3024 Prius
813 2975 859 3024 est
869 2965 1032 3026 Communr'o
1047 2967 1169 3036 Naturae
1182 2985 1233 3042 per
1248 2966 1345 3023 Incar-

141 3045 295 3120 nationem,
310 3065 368 3123 qua
383 3045 514 3106 Christus
528 3066 614 3104 carne
628 3053 726 3105 nostra
740 3055 888 3123 assumpta
899 3047 1002 3104 Frater
1010 3053 1115 3120 noster,
1128 3053 1157 3104 et
1170 3065 1257 3103 verus
1272 3045 1347 3103 Goel

141 3124 242 3200 factus,
265 3135 383 3202 peccata
405 3135 504 3186 nostra
528 3127 558 3184 in
573 3147 603 3184 se
626 3127 752 3203 recipere
774 3128 869 3204 potuit
882 3133 912 3185 et
927 3127 977 3202 jus
991 3144 1044 3184 nos
1063 3125 1222 3184 redimendi
1236 3126 1345 3183 babuit.

142 3205 290 3265 Posterius
312 3215 356 3265 est
383 3207 547 3266 Communia
571 3206 690 3281 Gratim,
715 3227 767 3284 per
792 3205 1007 3281 Mediationem,
1027 3225 1085 3282 qua
1107 3206 1169 3264 Vas
1192 3225 1244 3282 pro
1263 3205 1348 3263 nobis

141 3284 234 3345 factus
249 3307 266 3344 a
281 3287 353 3360 Deo,
368 3297 398 3345 et
422 3287 452 3344 in
467 3287 561 3363 Caput
574 3287 658 3344 nobis
679 3285 773 3360 datus,
792 3285 936 3365 justitiam
949 3305 1029 3344 suam
1044 3294 1073 3345 et
1087 3285 1183 3344 omnia
1206 3285 1281 3343 bona
1295 3305 1348 3343 sua

141 3364 225 3423 nobis
237 3367 446 3425 communicare
457 3375 561 3444 potest.
588 3366 667 3425 Hinc
676 3366 791 3440 factum,
802 3375 834 3424 ut
845 3364 1084 3443 quemadmodum
1092 3385 1143 3443 pro
1152 3365 1236 3424 nobis
1247 3385 1346 3442 pecce-

141 3453 203 3504 turn
218 3443 335 3505 faetusa
347 3447 410 3505 Deo
421 3455 466 3504 est
479 3465 530 3523 per
540 3455 722 3524 pcccatorum
737 3454 899 3505 nostrorum
911 3445 1128 3522 imputationem
1139 3469 1146 3506 :
1162 3445 1208 3504 Ita
1219 3445 1346 3504 vicissim

141 3524 245 3584 fiamus
256 3525 370 3603 justitia
387 3527 442 3585 Dei
455 3527 559 3603 inipso
570 3525 801 3603 perobedientiae
816 3526 906 3604 ipsius
916 3525 1142 3603 imputationem,
1153 3531 1171 3585 2
1184 3525 1248 3585 Cor.
1259 3547 1287 3585 v.
1298 3529 1346 3584 21.

183 3607 238 3664 VI.
261 3605 509 3680 Quemadmodum
524 3625 594 3665 vero
608 3606 751 3684 duplicem
776 3615 855 3677 σχίσιν
878 3605 1001 3664 sustinet
1029 3606 1160 3666 Christus
1188 3627 1258 3684 erga
1284 3626 1347 3682 nos,

146 3687 234 3744 Vadis
259 3694 288 3745 et
312 3687 429 3763 Capitis,
456 3686 556 3761 Vadis,
582 3686 633 3763 qui
656 3685 740 3746 tollat
761 3695 872 3745 reatum
900 3686 1011 3762 peccati
1039 3687 1181 3746 solutione
1206 3707 1257 3764 pro
1284 3687 1348 3764 ipso

141 3766 278 3842 praestita,
296 3766 413 3844 Capitis,
430 3767 508 3844 quod
523 3767 587 3845 ejus
598 3767 657 3824 vim
667 3774 697 3825 et
708 3766 849 3825 maculam
858 3764 969 3824 auferat
980 3787 1030 3843 per
1043 3767 1167 3845 Spiritus
1178 3766 1347 3840 efficaciam;

144 3843 190 3902 Ita
205 3844 313 3920 duplici
327 3845 413 3904 modo
426 3846 567 3906 beneficia
582 3866 634 3906 sua
655 3846 739 3905 nobis
753 3846 915 3922 impertitur
929 3846 1069 3921 Christus,
1085 3847 1275 3922 Imputatr'one
1282 3848 1348 3918 for-

142 3924 208 3996 crui,
225 3931 254 3980 et
276 3925 388 3982 Morari
410 3946 444 3984 ac
466 3927 578 3986 interna
601 3927 747 4002 infimiores.
792 3927 874 3984 Prior
894 3924 959 3983 fluit
979 3945 997 3982 a
1018 3925 1132 3983 Christo
1153 3932 1186 3982 ut
1200 3923 1292 3997 Vade,
1319 3932 1348 3982 et

142 4001 361 4061 fundamentum
375 4012 419 4063 est
430 4006 644 4082 justificationis
658 4015 773 4066 nostrae.
816 4005 961 4064 Posterior
971 4003 1078 4080 pendet
1092 4004 1128 4060 ab
1144 4021 1177 4060 eo
1192 4011 1224 4061 ut
1239 4003 1347 4079 Capite,

73 4117 87 4132 -
142 4091 171 4141 et
192 4083 364 4160 principium
388 4092 433 4144 est
457 4085 699 4147 sanctificationis.
742 4086 812 4145 Ideo
834 4085 910 4143 errirrr
931 4103 984 4140 nos
1001 4081 1142 4160 justificat
1167 4082 1255 4156 Deus,
1282 4083 1350 4158 quia

144 4161 251 4221 Christi
265 4162 359 4222 Vadis
369 4163 484 4240 justitia
498 4165 581 4223 nobis
595 4167 761 4242 imputatur.
805 4166 843 4224 Et
853 4163 919 4221 ideo
928 4180 1108 4236 renovamur,
1124 4163 1193 4237 quia
1206 4182 1224 4219 a
1235 4161 1349 4220 Christo

144 4242 244 4320 Capite
262 4241 400 4321 Spiritum
413 4243 570 4321 haurimus,
592 4246 643 4322 qui
663 4245 699 4303 ad
721 4246 877 4323 imaginem
892 4242 998 4301 Christi
1013 4261 1065 4299 nos
1080 4249 1209 4316 renovat,
1225 4249 1254 4300 et
1264 4241 1350 4318 justi·

143 4323 213 4382 tiam
228 4321 415 4382 inhaerentem
429 4324 559 4402 largitur.

183 4401 258 4461 VII.
280 4403 356 4478 Quia
376 4411 472 4462 autem
492 4405 540 4462 hic
561 4404 597 4464 de
617 4405 757 4482 imputata
779 4403 886 4465 Christi
907 4402 1029 4462 Justitia
1047 4401 1169 4480 agimus,
1186 4399 1350 4460 Notandum

143 4492 188 4542 est
210 4481 340 4558 ulterius,
361 4484 483 4542 verbum
505 4485 670 4561 imputandi,
693 4484 772 4562 quod
793 4483 870 4544 Heb.
893 4490 938 4542 est
952 4497 1014 4556 :er-1,
1032 4481 1144 4542 Graccis
1159 4489 1290 4551 ιιγίζιιιιι
1304 4479 1352 4538 vel

143 4573 255 4638 tarmes,
278 4563 411 4624 bifariam
426 4584 511 4642 posse
526 4566 608 4641 sumi,
625 4566 674 4623 vel
686 4565 801 4644 proprie
816 4563 864 4622 vel
879 4563 1042 4641 improprie.
1084 4563 1247 4639 Improprie
1260 4562 1352 4638 impu-

143 4644 198 4702 tari
213 4644 319 4704 dicitur
338 4645 434 4720 alicui,
457 4645 488 4703 id
509 4644 586 4722 quod
606 4645 675 4705 fecit
688 4647 760 4724 ipse,
775 4645 824 4704 vel
837 4644 934 4718 habet,
950 4662 1039 4718 quum
1053 4642 1188 4702 nimirum
1203 4649 1354 4721 propterea

142 4725 294 4801 praemium
308 4726 355 4785 vel
380 4745 466 4804 poena
480 4725 522 4783 illi
538 4725 709 4785 decernitur.
753 4725 795 4784 Ut
810 4732 957 4802 peccatum
979 4723 1117 4800 imputari
1128 4722 1233 4782 dicitur
1247 4723 1353 4800 impiis,
