3146 5210
207 389 265 445 406
619 403 709 444 rocus
725 403 854 444 nscruus
869 403 1011 452 ausurus.
1206 385 1334 468 [oumsr.
1350 405 1417 444 xrr.

209 545 364 620 Christum,
380 565 457 604 mors
473 545 579 604 Christi
604 545 706 603 incerti
729 543 830 603 fuisset
852 554 982 619 everrtus,
999 553 1028 603 et
1053 545 1222 622 mysterium
1244 547 1301 605 hoc
1322 554 1417 606 totum

210 625 429 702 Redemptionis
444 625 556 683 irritum
570 625 652 683 reddi
666 625 808 702 potuisset
822 645 874 701 per
886 626 1011 682 hominis
1025 626 1243 684 contumaciam.

251 705 344 763 XVI.
367 706 394 764 3.
418 705 467 762 Ad
483 705 557 780 Eph.
572 725 601 762 v.
617 708 665 762 25.
688 704 745 762 Tit.
765 705 795 761 ii.
810 709 855 778 14,
871 725 928 763 non
940 714 1035 781 potest
1049 706 1151 781 regeri,
1170 707 1344 764 “Christum
1359 705 1419 764 dici

211 786 326 862 quidem
343 805 373 842 se
388 784 542 842 tradidisse
556 805 608 862 pro
622 785 728 861 populo
740 787 769 842 et
792 785 932 859 Ecclesia,
949 785 1000 843 sed
1022 805 1081 842 nou
1095 785 1194 844 haberi
1208 789 1279 861 sola,
1301 794 1335 844 ut
1349 785 1419 843 inde

211 864 407 938 concludatur,
434 864 512 940 quod
536 885 588 941 pro
607 864 695 922 nullis
709 863 775 921 aliis
796 864 1041 938 setradiderit.''¹
1075 865 1149 939 Quia
1172 866 1324 924 exclusiva
1347 867 1420 924 satis

212 953 310 1022 aperte
325 964 362 1003 ex
376 945 474 1002 verbis
488 945 567 1020 ipsis,
584 953 612 1003 et
636 953 739 1002 natura
762 943 804 1002 rci
828 945 965 1004 innuitur.
1009 944 1089 1002 Talis
1104 944 1181 1002 enim
1202 945 1318 1004 traditio
1333 945 1420 1004 intel-

211 1025 320 1102 ligitur,
344 1044 408 1101 quae
433 1024 523 1082 oritur
538 1045 575 1082 ex
590 1043 686 1082 amore
701 1023 808 1082 Christi
827 1045 897 1100 erga
919 1024 1088 1100 Ecclesiam,
1113 1033 1146 1083 ut
1161 1045 1296 1103 sponsam
1318 1045 1421 1101 suam;

212 1113 241 1163 at
256 1105 323 1163 talis
345 1123 425 1161 amor·
449 1105 646 1162 exclusionem
669 1104 833 1162 necessario
856 1104 987 1163 includit.
1031 1105 1077 1162 Ita
1091 1123 1179 1181 quum
1196 1105 1305 1163 Paulus
1324 1106 1366 1163 ait
1389 1106 1421 1163 in

212 1205 272 1242 ver.
283 1184 415 1260 praeced,
468 1185 486 1216 “
500 1185 561 1240 Viri
574 1183 687 1258 diligite
698 1203 803 1241 uxores
813 1185 953 1258 vestras,''
970 1184 1024 1242 etsi
1035 1185 1165 1242 exclusio
1175 1205 1233 1242 non
1248 1195 1421 1262 opponatur,

213 1343 322 1401 crimen
345 1363 428 1401 suum
443 1343 609 1419 tegendum,
625 1343 734 1412 dictum
756 1343 871 1420 quidem
887 1344 984 1418 luisse,
1006 1345 1182 1420 Viridilipitc
1195 1365 1300 1402 uaeorea
1312 1355 1424 1403 vestras

213 1422 337 1482 sednon
352 1424 436 1481 solas.
469 1427 497 1482 2.
509 1423 589 1481 Talis
602 1423 718 1480 traditio
737 1423 917 1500 intelligitur,
927 1443 991 1499 quse
1005 1442 1057 1501 pro
1075 1423 1132 1482 fine
1147 1425 1235 1482 habet
1258 1424 1422 1483 sanctifica·

213 1503 322 1561 tionem
332 1503 471 1561 Ecclesiae
485 1513 515 1562 et
528 1505 592 1581 ejus
615 1503 818 1560 adductionem
842 1504 880 1561 ad
894 1504 1026 1568 salutem.
1052 1503 1091 1561 id.
1111 1505 1332 1581 applicationem
1355 1524 1422 1562 curn

212 1582 421 1659 impetratione,
462 1583 540 1659 quod
571 1583 667 1656 nullis,
700 1602 785 1659 quam
812 1584 922 1642 Electis
954 1592 983 1642 et
1011 1583 1065 1641 soli
1093 1584 1232 1642 Ecclesia
1258 1593 1422 1662 competere

214 1663 323 1722 clarum
337 1671 391 1721 est.
449 1665 566 1722 Etcum
585 1681 637 1740 pro
661 1663 775 1720 nemine
798 1683 828 1721 se
850 1663 1000 1722 tradiderit
1013 1663 1069 1720 nisi
1094 1664 1123 1720 in
1148 1665 1225 1722 hunc
1249 1665 1345 1740 finem,
1369 1683 1425 1742 pro

213 1743 328 1800 nemine
344 1743 400 1801 dici
414 1752 510 1820 potest
526 1763 557 1800 se
572 1743 734 1816 tradidisse,
750 1743 799 1818 qui
821 1745 907 1801 istum
922 1743 1008 1801 finem
1022 1763 1080 1800 non
1096 1755 1274 1820 assequatur.

256 1822 364 1881 XVII.
386 1827 414 1880 4.
437 1823 486 1880 Ad
502 1823 607 1881 Matth.
623 1843 673 1880 xx.
689 1826 736 1897 28,
753 1832 781 1880 et
793 1823 874 1881 xxvi.
890 1825 937 1896 28,
954 1823 1030 1880 Heb.
1046 1823 1086 1881 ix.
1097 1825 1144 1898 28,
1157 1823 1262 1882 frustra
1276 1823 1424 1901 excipitur

217 1904 235 1934 “
246 1903 353 1960 Mallos
367 1904 423 1977 hio,
438 1923 496 1961 non
521 1903 644 1961 emathia
667 1903 781 1980 opponi,
798 1903 847 1961 sed
873 1904 928 1976 uni,
945 1910 974 1960 et
989 1904 1120 1978 paucis,’‘
1136 1912 1168 1962 ut
1183 1905 1267 1962 Rom.
1283 1923 1311 1962 v.
1329 1907 1375 1977 19,
1393 1913 1423 1964 et

217 1982 292 2041 Dan.
307 1984 358 2040 xii.
376 1986 402 2056 1,
419 1984 506 2040 “imo
520 2003 572 2059 pro
586 1983 709 2041 omnibus
723 2003 781 2040 non
796 2002 859 2040 raro
874 1983 969 2059 poni.”
1012 1983 1085 2057 Quia
1099 1984 1183 2042 multi
1197 1984 1249 2059 illi,
1264 1983 1300 2042 de
1315 1984 1425 2061 quibus

216 2063 320 2139 agitur,
335 2083 387 2139 per
400 2063 473 2120 tales
487 2071 571 2120 notas
590 2061 798 2136 describuntur,
815 2081 880 2138 quae
901 2062 1034 2120 omnibus
1049 2071 1078 2121 et
1092 2063 1215 2140 singulis
1228 2083 1286 2122 non
1301 2073 1426 2141 possunt

216 2161 280 2200 esse
295 2161 469 2215 communes,
486 2150 518 2199 ut
533 2140 610 2216 quod
634 2161 665 2200 se
687 2141 798 2199 dederit
820 2140 907 2223 airaga
931 2147 985 2200 ani
1009 2146 1110 2200 maaria
1130 2146 1189 2201 loco
1206 2147 1357 2202 maltorum
1370 2165 1426 2222 per

216 2223 358 2280 actualem
374 2221 616 2294 substitutionem,
629 2220 706 2296 quod
721 2223 891 2296 sanguinem
906 2221 1012 2280 firderit
1026 2223 1063 2281 ad
1077 2223 1274 2282 remissionem
1288 2233 1424 2301 peccato·

216 2319 279 2359 rum
295 2321 346 2377 pro
371 2301 479 2374 multis,
495 2299 574 2376 quod
595 2301 708 2358 oblatus
730 2300 768 2358 sit
789 2307 819 2367 aa
839 2307 868 2360 τὶ
881 2305 983 2360 sosatii
996 2307 1125 2373 ἇιιιιγιεῒι
1139 2305 1273 2381 hauseris,
1289 2304 1326 2361 ad
1340 2313 1424 2362 actu·

217 2381 291 2438 alem
307 2379 417 2457 peccati
431 2379 627 2438 abolitionem.
671 2381 701 2438 Si
722 2381 807 2439 multi
827 2382 982 2459 aliquando
1001 2383 1051 2440 uni
1076 2393 1105 2441 et
1118 2385 1218 2461 paucis
1231 2391 1425 2462 opponantur,

216 2459 275 2517 imo
290 2468 318 2517 et
332 2479 384 2536 pro
395 2459 528 2516 omuibus
539 2467 720 2537 usurpentur,
733 2479 790 2518 non
802 2463 898 2520 statim
909 2463 965 2520 hoc
976 2463 1082 2538 ubique
1096 2463 1190 2521 locum
1205 2464 1311 2522 habere
1326 2463 1424 2540 debet,

218 2538 276 2596 imo
298 2559 356 2596 non
378 2557 443 2596 raro
465 2539 506 2596 ita
528 2549 572 2598 est
594 2540 777 2598 extensivum
800 2542 837 2600 ad
859 2543 963 2619 pluma,
979 2551 1012 2600 ut
1035 2543 1072 2600 sit
1093 2544 1262 2620 negativum
1284 2544 1424 2602 omnium.

219 2617 305 2677 Unde
329 2617 449 2676 Hieron.
465 2617 502 2676 ad
527 2619 632 2678 Matth.
649 2641 699 2694 xx,
724 2620 817 2679 “Non
838 2621 914 2680 dixit
934 2622 1002 2680 dare
1023 2622 1147 2680 animam
1169 2643 1250 2682 suam
1264 2644 1317 2700 pro
1331 2623 1424 2681 omni·

217 2697 281 2772 bus,
298 2698 348 2756 sed
363 2717 414 2775 pro
428 2698 536 2772 multis,
549 2698 579 2756 id
593 2708 645 2774 est,
657 2701 766 2777 probis
777 2702 826 2778 qui
836 2702 951 2761 credere
965 2702 1139 2776 voluerint,’'
1154 2704 1206 2780 qui
1219 2703 1269 2762 alii
1282 2721 1341 2762 non
1356 2712 1426 2762 sunt

218 2797 306 2854 quam
321 2779 423 2853 Electi,
438 2777 589 2855 inquibus
604 2780 684 2838 Deus
705 2791 839 2857 operatur
859 2782 934 2840 velle
956 2789 985 2840 ct
1004 2782 1150 2858 perficere.
1193 2784 1300 2844 Glossa
1313 2783 1425 2841 interli-

217 2877 281 2934 nea,
299 2859 316 2892 “
325 2878 378 2936 pro
391 2859 500 2934 multis,
515 2878 573 2917 noa
588 2859 730 2933 omnibus,
746 2862 798 2919 sed
812 2861 1051 2939 praedestinatis.”

219 2977 240 3021 2.
255 2977 293 3022 Ex
304 2979 459 3023 restrictione
523 2939 648 2998 XVIII.
672 2939 813 3015 Secundo,
840 2941 915 3015 Quia
938 2960 989 3017 pro
1013 2942 1102 3000 nullis
1126 2942 1191 3000 aliis
1216 2941 1301 3002 datus
1322 2951 1374 3018 est,
1393 2951 1426 3002 et

233 3039 321 3081 morus
342 3038 372 3081 sd
388 3039 458 3082 datos
479 3026 610 3078 mortuus
625 3019 764 3094 Christus,
780 3041 867 3098 quam
881 3041 933 3099 pro
947 3021 983 3078 iis
1004 3022 1054 3098 qui
1069 3022 1122 3099 ipsi
1138 3022 1199 3081 dati
1214 3032 1281 3082 sunt
1294 3044 1312 3081 a
1327 3024 1425 3082 Patre.

231 3096 345 3150 *Patres
483 3099 526 3157 At
546 3119 605 3157 non
626 3118 725 3157 omnes
740 3110 769 3159 et
792 3101 899 3177 singuli
920 3100 981 3160 dati
1004 3111 1071 3160 suut
1094 3101 1216 3178 Christo,
1233 3104 1285 3162 scd
1307 3103 1426 3181 quidam

219 3187 340 3239 tantum.
384 3181 472 3257 Ergo,
489 3179 611 3256 Majoris
625 3179 733 3236 veritas
748 3201 803 3238 non
819 3189 915 3258 potest
929 3181 959 3238 in
974 3180 1093 3240 dubium
1108 3183 1215 3241 vocari.
1258 3185 1330 3241 Cum
1345 3183 1423 3242 enim

219 3259 250 3316 in
265 3260 385 3318 consilio
401 3259 495 3317 Patris
505 3259 592 3335 juxta
606 3258 684 3334 quod
699 3259 830 3318 Christus
852 3261 924 3318 mori
945 3260 1053 3336 debuit,
1069 3270 1098 3320 et
1111 3282 1213 3321 revera
1226 3272 1356 3322 mortuus
1371 3272 1425 3338 est,

220 3359 279 3396 non
292 3347 406 3396 tantum
421 3338 552 3397 Christus
565 3346 598 3396 ut
608 3337 784 3416 Redemptor
793 3340 961 3417 designatus
973 3341 1019 3417 sit,
1030 3342 1081 3400 sed
1092 3343 1178 3400 etiam
1189 3343 1240 3414 illi,
1252 3363 1305 3417 pro
1319 3343 1428 3419 quibus

221 3416 396 3476 redimendis
410 3425 439 3475 et
453 3417 600 3475 salvandis
611 3419 766 3476 moriturus
777 3429 857 3495 erat,
879 3420 971 3497 liquet
981 3441 1039 3479 non
1053 3421 1180 3498 proeliis
1193 3420 1327 3478 debuisse
1341 3424 1427 3500 mori,

221 3516 307 3574 quam
323 3517 374 3573 pro
384 3496 451 3570 illis,
464 3497 513 3572 qui
525 3496 568 3554 illi
578 3497 633 3554 hoo
645 3517 733 3556 sensu
741 3498 802 3558 dati
811 3499 932 3559 fuerant.
955 3499 1054 3577 Atque
1063 3501 1110 3558 hic
1120 3499 1228 3574 duplex
1239 3498 1319 3557 datio
1328 3509 1430 3576 potest

222 3576 378 3635 observari.
402 3576 471 3634 Alia
480 3577 586 3635 Christi
598 3577 781 3648 Hominibus,
795 3578 864 3636 Alia
880 3580 1039 3638 Hominum
1049 3579 1170 3638 Christo.
1193 3577 1325 3638 Christus
1340 3579 1429 3641 datus

223 3664 267 3714 est
282 3655 457 3714 Hominibus
472 3656 508 3714 ad
522 3675 573 3714 eos
595 3657 758 3733 salvandos,
781 3667 810 3717 et
832 3658 974 3718 Homines
988 3659 1047 3718 dati
1062 3665 1128 3716 sunt
1143 3657 1257 3717 Christo
1272 3661 1407 3720 salvandi
1421 3685 1429 3737 ;

222 3737 301 3814 prior
315 3735 394 3794 datio
417 3735 554 3810 innuitur,
571 3736 628 3795 Isa.
645 3737 684 3794 ix.
701 3740 728 3811 6,
744 3747 773 3797 et
793 3739 866 3798 xlix.
887 3743 914 3815 6,
930 3749 959 3799 et
983 3739 1012 3796 in
1033 3737 1261 3814 omnibuslociS,
1277 3739 1429 3818 inquibus

223 3815 355 3876 Christus
368 3815 445 3874 mitti
459 3825 488 3874 et
502 3815 565 3873 dari
578 3817 663 3874 uobis
674 3817 795 3894 dicitur3
818 3819 960 3895 posterior
970 3818 1000 3875 iu
1011 3817 1084 3890 aliis,
1097 3817 1147 3875 ubi
1159 3817 1197 3877 sit
1207 3821 1316 3879 mentio
1327 3841 1428 3880 eorum

223 3897 273 3974 qui
287 3895 348 3954 dati
370 3904 436 3954 sunt
452 3895 574 3971 Christo,
587 3905 620 3954 ut
636 3897 706 3955 Joh.
721 3897 793 3956 xvii.
809 3903 837 3972 2,
853 3901 880 3974 6,
899 3903 944 3973 12,
960 3905 989 3956 et
1003 3896 1041 3953 vi.
1057 3899 1105 3954 37.
1149 3899 1222 3956 Cum
1237 3909 1332 3959 autem
1348 3900 1428 3960 datio

224 3976 281 4035 ista
294 3975 404 4052 duplex
418 3975 456 4034 sit
470 3976 624 4052 reciproca,
640 3976 727 4035 debet
741 3978 827 4037 etiam
849 3997 911 4036 esse
929 3975 1057 4055 ejusdem
1071 3976 1241 4054 latitudinis,
1257 3988 1361 4040 utnon
1375 3999 1430 4057 pro

224 4056 288 4115 aliis
303 4055 388 4114 datus
403 4056 441 4114 sit
456 4056 596 4130 Christus,
612 4076 698 4132 quam
713 4077 765 4134 pro
779 4058 815 4116 iis
836 4059 886 4134 qui
900 4056 955 4133 ipsi
969 4054 1029 4114 dati
1044 4065 1130 4134 sunt;
1153 4069 1182 4118 et
1195 4059 1238 4117 illi
1253 4080 1353 4119 omnes
1366 4061 1429 4119 dati

225 4137 283 4195 sint
298 4135 421 4210 Christo,
437 4136 543 4212 quibus
559 4135 690 4195 Christus
705 4137 790 4196 datus
811 4147 863 4196 est.
907 4137 949 4194 At
969 4155 1026 4194 non
1048 4157 1148 4196 omnes
1170 4148 1200 4198 et
1223 4140 1361 4218 singulos,
1378 4141 1432 4198 sed

225 4216 365 4294 quosdam
386 4223 499 4274 tantum
520 4214 604 4274 datos
625 4235 688 4274 esso
710 4217 833 4290 Christo,
856 4215 934 4292 quod
948 4215 978 4273 in
991 4216 1095 4275 minori
1109 4219 1274 4296 assumitur,
1290 4221 1434 4298 scriptura

225 4315 284 4354 non
298 4315 355 4353 uno
369 4295 434 4353 loco
448 4295 570 4354 asserit:
592 4315 680 4372 quum
695 4317 745 4355 eos
758 4296 795 4354 ab
806 4295 870 4353 aliis
880 4295 1045 4356 hominibus
1056 4297 1216 4376 distinguit,
1229 4301 1251 4359 J
1252 4301 1298 4359 oh.
1314 4300 1385 4358 xvii.
1401 4303 1432 4376 2,

228 4377 246 4408 “
257 4376 338 4435 Sicut
352 4373 458 4434 dedisti
479 4375 535 4453 ipsi
554 4384 727 4452 potestatem
748 4377 778 4432 in
799 4395 912 4433 omnem
934 4396 1057 4453 emnem,
1072 4387 1105 4437 ut
1126 4379 1279 4439 detritam
1294 4388 1432 4439 aternam

225 4455 262 4513 iis
277 4455 418 4530 omnibus,
431 4475 504 4532 quos
513 4455 619 4514 dedisti
633 4456 717 4532 ipsi,'’
729 4464 758 4514 et
771 4475 831 4513 ver.
844 4458 872 4530 6,
890 4457 908 4488 “
919 4457 1106 4517 Manifestavi
1118 4459 1230 4518 Nomen
1241 4469 1322 4519 tuum
1336 4459 1432 4518 homi·

226 4535 321 4608 nibus,
337 4553 409 4611 quos
423 4535 495 4592 mihi
508 4535 615 4593 dedisti
623 4555 661 4593 ex
680 4534 798 4610 mundo,
814 4534 870 4594 tui
884 4545 974 4613 erant,
990 4546 1019 4596 et
1033 4538 1104 4596 mibi
1118 4559 1167 4597 eos
1182 4540 1288 4599 dedisti
1297 4541 1325 4615 ;'’
1341 4559 1433 4616 quum

227 4613 362 4690 designat
375 4633 425 4672 eos
439 4634 490 4691 per
503 4615 641 4692 populum
656 4633 742 4691 quem
759 4618 966 4694 praecognovit,
984 4618 1067 4677 Rom.
1083 4619 1123 4678 xl.
1139 4624 1166 4696 2,
1181 4639 1234 4698 per
1248 4619 1389 4679 Haeredes
1403 4630 1435 4680 et

228 4693 319 4750 Filios
330 4693 538 4769 promissionis,
555 4695 639 4753 Rom.
654 4694 694 4754 ix.
710 4697 738 4772 8,
754 4715 805 4772 per
824 4696 929 4756 Samen
944 4698 1080 4776 Abrahae,
1096 4719 1154 4757 non
1168 4699 1291 4777 carnale,
1307 4700 1358 4760 sed
1373 4699 1435 4777 spi-
