3192 5206
383 1196 556 1274 LOCUS
597 1197 848 1284 DECIMUS
889 1202 1161 1290 QUARTUS.

231 1515 303 1604 DE
346 1515 594 1610 OFFICIO
636 1517 890 1610 CHRISTI
933 1521 1324 1620 MEDIATORIO.

671 1829 887 1842 *mmm

593 2042 787 2118 QUAESTIO
809 2043 955 2104 PRIMA.

380 2204 443 2270 Quo
463 2223 544 2262 sensu
565 2223 664 2262 nomen
684 2204 853 2263 Mediatorio
876 2203 987 2262 Chresto
1008 2209 1169 2281 competat!

212 2364 237 2421 1.
260 2364 417 2440 Postquam
438 2362 474 2421 de
488 2364 616 2420 Persona
630 2369 659 2422 et
678 2363 761 2422 Statu
776 2361 883 2422 Christi
903 2361 1012 2422 dietum
1026 2371 1089 2440 est;
1113 2364 1182 2424 Jem
1197 2366 1232 2426 de
1247 2369 1310 2446 ojus
1328 2373 1377 2447 Os-

160 2446 232 2522 ficio
243 2444 423 2518 Mediatorio,
437 2450 554 2519 propter
568 2441 646 2518 quod
659 2441 752 2501 fectus
767 2451 811 2502 est
833 2443 995 2523 witgerus,
1012 2452 1041 2502 et
1060 2443 1203 2520 duplicem
1219 2449 1315 2508 subire
1330 2451 1379 2512 de-

170 2524 234 2583 buit
251 2524 372 2598 Statum,
388 2521 531 2599 egendum
546 2531 599 2580 est.
650 2521 817 2599 Ubiprimo
832 2523 956 2582 occurrit
976 2523 1167 2602 expendendo
1190 2527 1236 2586 vis
1254 2531 1379 2592 nominis

169 2604 347 2680 Medrhtorir,
363 2601 442 2680 quod
456 2602 529 2660 solet
544 2601 574 2658 in
588 2602 643 2659 hoc
658 2603 775 2679 negotio
789 2603 833 2660 illi
846 2603 943 2662 tribui.

470 2681 513 2740 II.
533 2681 686 2756 Mediator,
702 2682 752 2758 qui
761 2686 859 2758 μισίπις
871 2683 949 2759 apud
960 2683 1087 2758 Graecos,
1095 2704 1112 2741 a
1121 2686 1377 2748 mcdiodeducitur.

169 2749 408 2854 Mg‘ffgwffzodffi
428 2761 467 2820 Et
475 2761 500 2819 is
508 2761 599 2837 vulgo
610 2760 723 2836 dicitur,
734 2763 783 2838 qui
794 2763 907 2821 medius
918 2762 1042 2820 estinter
1050 2771 1146 2838 partes
1158 2764 1338 2844 dissidentes,
1349 2778 1379 2828 et

197 2825 263 2916 „uf
428 2841 478 2917 qui
517 2837 643 2916 remetire,
669 2840 811 2917 siquidem
841 2842 988 2900 Mediator
1021 2863 1077 2900 non
1101 2851 1142 2900 eet
1170 2845 1259 2919 unios,
1281 2855 1314 2905 ut
1338 2849 1379 2908 ait

430 2923 544 2997 Apost,
568 2921 635 2979 Gal.
656 2919 696 2978 iii.
728 2923 775 2996 20,
806 2921 858 2980 sed
891 2921 1017 2998 plurium
1046 2921 1121 2979 inter
1150 2941 1181 2981 sc
1202 2925 1377 2985 contendeu-

166 3001 247 3076 tium,
271 3001 308 3059 ed
329 3020 378 3059 eos
407 3001 517 3059 scilicet
540 2999 775 3060 reconciliandos.
820 3000 906 3060 Unde
938 3000 1043 3058 Suidos
1062 3003 1159 3075 punirer
1179 3003 1306 3080 explicet
1326 3026 1378 3082 per

166 3081 312 3161 hesternis.
355 3079 469 3138 Dicitur
483 3088 512 3138 et
534 3079 646 3138 Latinis
660 3079 814 3156 Sequesten
836 3100 894 3156 quo
910 3099 982 3138 voce
996 3080 1087 3138 utitur
1101 3081 1221 3140 Tertull.
1237 3084 1377 3146 adversus

167 3161 309 3220 Proxesm
324 3160 361 3218 ed
375 3158 587 3237 designandum
603 3158 757 3218 Christum.
780 3161 835 3219 Est
849 3167 945 3218 eutem
961 3159 1124 3235 Sequester‚
1140 3160 1191 3237 qui
1204 3162 1317 3223 medius
1331 3173 1376 3226 est

164 3242 240 3300 inter
261 3240 334 3300 duos
365 3240 545 3314 altercantes,
568 3247 598 3297 et
628 3238 705 3314 opud
736 3260 822 3316 quem
846 3259 893 3298 res
912 3239 1029 3316 ponitur
1049 3239 1086 3297 de
1107 3259 1165 3316 que
1186 3245 1374 3304 controverti·

164 3331 233 3395 tur;
256 3320 304 3378 Ito
324 3320 419 3379 dictus
440 3339 458 3377 o
478 3317 633 3396 sequendo,
656 3318 734 3395 quod
754 3319 841 3378 fidem
862 3319 925 3397 ejus
938 3327 1059 3396 uterque
1080 3320 1315 3382 contendentium
1330 3345 1374 3386 se-

181 3409 275 3460 netur.
1278 3411 1286 3428 ·

161 3423 181 3479 q
203 3481 265 3539 ΙΙΙ.
288 3479 331 3540 Ut
344 3487 440 3537 eutem
456 3477 563 3536 Christi
584 3479 731 3555 Mediotio,
758 3479 881 3556 spectari
905 3487 1008 3556 potest,
1032 3479 1080 3537 vel
1102 3479 1210 3540 ratione
1225 3480 1370 3561 Pcrsonoe,

161 3562 210 3621 vel
225 3560 336 3619 ratione
354 3559 451 3632 Officii,
467 3557 515 3614 vel
529 3566 671 3632 quatenus
695 3559 801 3618 medius
815 3567 867 3634 est,
883 3558 932 3636 rel
945 3557 1014 3635 quio
1023 3561 1129 3618 mediol
1137 3585 1150 3631 ;
1171 3560 1249 3620 Hine
1263 3562 1370 3624 factum

160 3650 194 3702 ut
215 3661 233 3699 e
255 3638 428 3718 quibusdam
453 3635 594 3696 Medietio
618 3638 649 3695 in
673 3639 744 3697 duas
766 3639 876 3716 speeies
891 3638 1027 3698 distincta
1041 3638 1087 3715 sit,
1103 3659 1224 3718 quarum
1237 3643 1367 3722 primam,

159 3721 368 3781 substantialem
378 3718 523 3792 dixerunt,
538 3737 590 3795 per
603 3737 689 3794 quom
705 3712 837 3778 Christus
850 3717 963 3777 medius
977 3727 1022 3777 est
1036 3718 1110 3778 inter
1125 3720 1218 3778 Deum
1234 3730 1262 3781 et
1277 3723 1368 3783 homi-

160 3821 236 3874 nem,
252 3801 371 3858 alteram
385 3818 455 3858 vero
469 3797 607 3870 efficacem
629 3806 658 3856 et
680 3798 861 3873 operueram,
877 3817 929 3874 per
949 3817 1034 3875 quem
1057 3799 1166 3857 Munus
1181 3800 1236 3858 sibi
1250 3822 1268 3859 a
1282 3803 1368 3864 Patre

161 3879 365 3937 demandatum
379 3877 541 3954 exequitur.
564 3877 622 3935 Illa
635 3885 716 3936 notet
730 3886 836 3937 statum
851 3877 995 3953 Perseum,
1011 3878 1073 3936 Ista
1087 3881 1149 3956 ejus
1164 3881 1366 3955 operationem.

161 3958 219 4016 Ille
240 3958 375 4016 unionem
396 3965 571 4033 naturarum,
598 3956 661 4015 Isto
682 3956 776 4016 Officii
800 3957 999 4016 executionem
1020 3958 1052 4015 in
1076 3957 1203 4016 Persona
1224 3957 1366 4036 designat.

163 4036 222 4096 Sed
249 4037 327 4113 prior
347 4036 406 4110 illu,
422 4044 454 4095 ut
476 4037 571 4096 miuus
585 4036 709 4115 proprie,
734 4057 752 4094 a
773 4037 857 4096 uobis
873 4037 921 4096 hic
935 4057 993 4097 nou
1007 4037 1171 4112 attenditur,
1185 4036 1236 4094 sed
1250 4037 1366 4100 demum

160 4117 311 4195 posterior,
326 4135 390 4192 quoe
404 4123 449 4174 est
462 4117 550 4194 hujus
564 4115 630 4175 loci.

461 4195 516 4254 IV.
540 4195 684 4256 Mediator
708 4215 776 4273 ergo
802 4195 933 4256 Christus
946 4194 1060 4274 proprie
1081 4193 1186 4254 dicitur
1199 4204 1303 4256 octoet
1317 4218 1365 4258 ee·

420 4276 524 4350 ercitio,
540 4275 609 4353 quie
623 4275 754 4336 Officium
778 4276 948 4334 Mediaton's
969 4282 1092 4348 exercet,
1108 4273 1146 4332 ad
1159 4275 1294 4334 unionem
1310 4277 1366 4338 Dei

421 4363 452 4413 et
465 4355 624 4414 Hominum
638 4375 657 4414 a
680 4375 711 4414 se
733 4356 857 4414 invicem
871 4364 988 4433 propter
1007 4362 1156 4431 peccatum
1171 4364 1366 4430 separatorum

158 4431 374 4492 instituendam.
397 4433 440 4492 Ut
453 4453 522 4492 vero
537 4434 682 4495 Mediator
695 4435 770 4494 inter
792 4435 923 4495 homines
945 4433 1098 4510 multiplex
1111 4441 1163 4508 est,
1179 4433 1227 4492 vel
1240 4454 1292 4512 per
1305 4456 1366 4497 mo-

158 4513 227 4571 dum
243 4512 315 4570 meri
327 4513 507 4588 Internuncr'i,
523 4515 573 4590 qui
586 4515 726 4592 interpres
748 4524 793 4574 est
813 4515 963 4592 utriusque
984 4513 1082 4591 pertis,
1108 4513 1253 4590 quomodo
1268 4515 1367 4578 Moses

159 4591 305 4652 Mediator
326 4591 431 4652 dicitur
453 4593 483 4650 in
507 4593 608 4653 Veteri
629 4595 822 4670 Testamenti),
839 4595 907 4672 quis
931 4595 1026 4654 stabat
1048 4593 1160 4652 medius
1182 4593 1257 4653 inter
1271 4594 1367 4656 Deum

158 4681 187 4732 et
201 4673 350 4750 populum,
362 4672 449 4731 Deut.
465 4692 494 4730 v.
510 4675 536 4748 5,
547 4673 594 4732 vel
608 4695 659 4752 pcr
672 4673 789 4734 modum
804 4674 921 4750 Arbitri,
932 4675 983 4752 qui
996 4695 1014 4734 a
1026 4673 1209 4751 litigantibus
1223 4675 1364 4754 seligitur,

160 4255 230 4307 Quot
243 4256 321 4299 modis
336 4255 400 4301 dics·

254 4311 315 4357 turi
