3108 5198
252 371 292 427 44
684 381 776 424 rocus
790 379 971 422 oraremus.
1253 353 1382 437 [ounsr.
1397 375 1484 418 vm.

250 533 296 586 ret
308 521 506 598 venerandum
521 521 646 582 Goeoiliae
671 522 805 600 corpus.”
847 521 993 598 Vasquen.
1017 516 1068 577 lib.
1093 515 1134 576 iii.
1159 515 1196 575 de
1221 513 1300 576 Ado.
1324 515 1406 595 Disp.
1423 517 1482 576 iv.

251 627 276 668 c.
302 608 328 680 1,
353 609 380 680 2,
405 607 423 638 “
438 602 586 680 Imagines
610 611 640 663 et
660 602 798 680 reliquias
821 601 924 660 eodem
948 597 1034 658 modo
1057 596 1328 688 adorandam&
1349 597 1480 674 prohat.

252 683 368 744 Catech.
384 682 514 742 Trident.
528 683 559 740 in
573 686 591 743 3
606 703 727 762 praecep.
742 682 846 761 probat
856 682 1052 759 juramentum
1066 697 1118 754 per
1131 676 1278 754 reliquras,
1300 676 1380 754 quod
1398 697 1481 736 esse

251 764 400 841 religionis
414 769 510 822 actum
524 783 610 822 nemo
624 783 730 840 negare
744 771 849 840 potest
893 760 952 820 Sed
968 757 1162 837 qualicunque
1175 755 1380 850 nomine,·sive
1393 757 1479 816 ado·

250 843 372 904 rationis
395 842 458 903 sive
485 843 689 920 venerationis,
713 843 809 903 cultus
830 842 881 901 ille
905 840 1082 918 designetur,
1106 844 1216 896 certum
1238 844 1284 895 est
1307 837 1378 914 rpsis
1398 856 1478 896 esse

251 923 429 1002 religiosum.

293 1003 335 1061 II.
358 1003 419 1061 Noe
444 1021 522 1079 vero,
547 1003 616 1062 licet
639 1002 802 1080 abjicienda
825 1019 884 1060 non
907 1017 971 1058 cese
996 1006 1026 1058 et
1047 995 1172 1056 ludibrio
1195 994 1332 1054 habende
1344 1015 1478 1074 corpora

254 1083 424 1142 Sanctorum
438 1102 505 1141 oum
526 1101 625 1142 corum
649 1082 779 1160 reliquiis
802 1099 978 1154 censeamus,
1004 1077 1057 1138 sed
1078 1077 1198 1135 honeste
1222 1074 1382 1151 condenda,
1403 1095 1477 1134 non

251 1162 338 1222 modo
352 1162 421 1239 quia
434 1170 503 1222 sunt
516 1162 665 1222 hominum
678 1163 816 1239 reliquiae,
828 1161 879 1238 qui
893 1159 1019 1236 quodam
1032 1164 1143 1216 naturae
1156 1154 1312 1233 privilegio
1325 1155 1475 1214 honorem

252 1242 407 1320 sepulturae
422 1243 518 1301 sortiri
532 1241 656 1317 debent;
678 1242 731 1301 sed
755 1241 841 1302 etiam
866 1240 935 1318 quie
947 1238 1078 1297 fidelium
1092 1245 1122 1296 et
1137 1236 1318 1328 Sanctorum,
1340 1255 1475 1312 qnorum

251 1322 389 1381 memoria
398 1322 552 1380 benedicta
565 1322 652 1381 debet
666 1341 729 1382 esse
744 1322 774 1379 in
785 1320 934 1396 Ecclesia;
957 1318 985 1377 N
986 1319 1106 1395 egemus
1119 1325 1217 1374 temen
1230 1315 1368 1392 rehgnoeo
1383 1315 1474 1375 cultu

251 1401 381 1477 colenda,
397 1409 426 1461 ot
439 1402 542 1461 merito
556 1420 723 1461 aversemur
737 1400 978 1479 superstitionem,
990 1417 1048 1476 qua
1061 1416 1113 1475 per
1122 1396 1267 1473 insignem
1280 1395 1413 1454 fraudem
1427 1394 1475 1453 ed

249 1481 458 1541 ludificandum
472 1480 828 1560 populumjApostolorurn
849 1487 1031 1540 ostententur
1049 1476 1188 1553 reliquis,
1203 1475 1273 1534 dum
1294 1493 1394 1534 eorum
1415 1493 1473 1534 oc-

251 1560 399 1622 cultantur
413 1562 528 1639 scripta,
554 1561 623 1638 quie
645 1560 775 1639 reliquiae
797 1567 975 1634 mutassent,
1000 1577 1055 1617 nec
1067 1556 1229 1635 periculum
1242 1562 1288 1614 est
1300 1573 1338 1613 ne
1352 1554 1472 1632 aliquid

250 1642 366 1780 liqiscant
387 1641 612 1779 innss'qqtificem,
628 1641 681 1700 sed
701 1641 807 1720 scripte
822 1639 993 1718 Apostolioa
1004 1638 1146 1715 Papatum
1156 1635 1304 1715 jugulant,
1320 1642 1351 1694 et
1364 1633 1471 1694 Idolo·

281 1721 366 1782 triam
379 1741 413 1780 co
446 1741 463 1779 o
486 1721 556 1780 'unt

305 1855 310 1866 .
554 1801 614 1860 111.
637 1801 776 1861 Rationes
790 1807 896 1860 nostre
911 1805 987 1874 sunt,
1001 1800 1028 1856 1.
1043 1795 1118 1872 Quia
1134 1794 1282 1874 Scriptura
1295 1793 1408 1853 cultum
1421 1801 1469 1852 ta-

252 1851 493 1970 Rssssi‘fgssifflfgnciff
512 1881 571 1941 lem
581 1881 714 1958 nuspiam
722 1882 770 1941 vel
782 1879 926 1956 mandato,
933 1879 983 1936 vel
992 1875 1190 1954 promissione,
1199 1875 1248 1934 vel
1258 1873 1395 1950 exemplo
1405 1873 1472 1932 ullo

266 1973 328 2014 tum·
382 1969 404 2014 1.
435 1969 499 2020 Quis
520 1961 660 2036 sancivit3
683 1961 748 2020 Imo
766 1961 880 2038 quotics
894 1960 925 2016 in
935 1957 1037 2018 Veteri
1056 1957 1105 2015 vel
1119 1955 1204 2014 Novo
1218 1955 1298 2013 Test
1312 1953 1469 2013 defuncto-

266 2041 320 2098 Μ.
340 2028 445 2074 habetur
469 2028 495 2072 ³¹¹
516 2059 579 2098 rum
594 2049 788 2100 memorantur
802 2038 944 2116 exempla,
959 2037 1074 2096 illorum
1089 2054 1209 2112 corpora
1222 2041 1306 2093 terrae
1326 2033 1470 2093 mandate

268 2085 401 2142 eruptura
515 2119 651 2178 dicuntur
664 2119 727 2178 sine
748 2119 809 2177 ulle
832 2117 1024 2178 ostentatione
1039 2116 1087 2175 vel
1110 2114 1247 2192 religiose
1266 2113 1468 2174 veneratione.

256 2195 305 2254 Sic
318 2195 340 2255 J
342 2196 450 2254 acobus
470 2205 500 2255 et
514 2197 662 2275 Josephus
686 2199 842 2257 morientes
858 2199 1009 2274 jusserunt
1022 2215 1089 2255 ossa
1103 2214 1155 2254 sua
1169 2213 1206 2253 ex
1221 2193 1356 2272 AEgypto
1369 2201 1469 2252 trans-

253 2273 322 2334 ferri
335 2275 366 2332 in
381 2275 515 2350 Cannam,
531 2285 564 2336 ut
578 2285 819 2354 componerentur
832 2297 897 2336 cnm
913 2277 1067 2352 Patribns;
1090 2274 1142 2334 eed
1161 2293 1305 2350 nusquam
1325 2273 1470 2350 leguntur

254 2353 381 2429 adorata,
397 2362 447 2412 eut
456 2356 556 2415 osculo
570 2365 701 2435 excepte,
716 2377 770 2416 nec
783 2357 865 2416 illata
878 2356 994 2416 fuerunt
1015 2355 1210 2429 tabernaculo,
1225 2353 1273 2412 vel
1287 2353 1468 2429 circumges-

253 2441 315 2494 tata
328 2453 379 2510 per
394 2433 541 2510 Pompam,
567 2436 617 2495 vel
630 2437 778 2514 supposita
800 2436 957 2513 alteribus3
979 2455 1045 2513 quse
1065 2435 1162 2494 omnia
1174 2434 1342 2493 factitantur
1355 2433 1387 2490 in
1409 2431 1468 2491 Ec-

254 2513 342 2572 clesia
357 2513 497 2573 Romana.
540 2513 579 2575 Et
598 2516 743 2594 quomodo
764 2517 906 2576 laertes
925 2517 1087 2595 potuissent
1107 2514 1213 2574 adduci
1233 2513 1271 2572 ad
1289 2512 1468 2572 osculandos
1540 2513 1541 2542 ³

255 2593 304 2651 vel
318 2592 474 2669 gestandas
488 2593 633 2672 reliquias,
648 2616 766 2656 eumer
781 2595 861 2673 Lege
876 2597 968 2656 Moeis
981 2596 1111 2673 pollutus
1125 2601 1297 2670 censeretur,
1313 2593 1364 2670 qni
1377 2592 1467 2652 cada·

254 2689 306 2730 ver
320 2673 461 2749 tantisper
474 2675 635 2752 attigisset3
652 2676 729 2751 Quin
743 2685 772 2736 et
787 2677 867 2735 Deus
881 2677 943 2754 ipse
958 2675 1126 2754 sepelivisse
1141 2683 1170 2734 et
1184 2674 1344 2733 occultasse
1357 2672 1469 2731 dicitur
1540 2709 1541 2742 ,

255 2770 359 2828 corpus
374 2752 475 2828 Mosis,
493 2754 580 2814 Deut.
594 2757 698 2815 xxxiv.
715 2759 742 2832 6,
758 2777 794 2815 ne
810 2756 951 2816 remetire
964 2756 1038 2815 tanti
1052 2755 1117 2815 Viri
1131 2754 1262 2831 reliquiis
1283 2752 1322 2811 ad
1341 2751 1467 2811 idolola·
1540 2797 1541 2802 κ

254 2830 339 2890 tn'sm
354 2831 558 2911 abuterentur;
582 2835 621 2894 Et
641 2835 727 2895 valde
749 2844 972 2896 consentaneum
987 2844 1040 2910 est,
1062 2855 1121 2894 non
1141 2835 1227 2892 aliem
1242 2832 1331 2892 fuisse
1346 2852 1467 2892 causam
1540 2895 1541 2908 ,

231 2909 344 2989 ‚jurgii
367 2911 443 2972 inter
457 2913 631 2975 Michoiilem
655 2925 685 2976 et
711 2917 856 2992 Satanam,
880 2915 916 2975 de
939 2935 997 2993 quo
1011 2915 1082 2974 Jud.
1105 2917 1133 2989 9,
1158 2933 1246 2992 quem
1268 2912 1347 2990 qnod
1373 2912 1468 2971 Satan

253 2992 343 3052 vellet
357 2992 450 3069 promi
463 2993 588 3054 cadaver
602 2996 703 3073 Mosie,
727 2997 853 3056 Michaoi
873 3015 942 3054 vero
963 2995 1053 3053 vellet
1072 2994 1163 3072 premi
1177 3002 1206 3053 et
1219 2993 1355 3070 ignorari.
1399 2991 1467 3051 Ste·
1540 3023 1541 3026 ¹

253 3071 343 3150 phani
357 3073 582 3153 Protomartyris
596 3096 699 3154 corpus
714 3083 936 3155 composuerunt
950 3073 1094 3151 discipuli,
1110 3082 1139 3132 et
1158 3073 1250 3132 multo
1263 3073 1384 3150 planctu
1397 3081 1468 3132 sunt

254 3152 407 3228 prosecuti,
432 3153 500 3211 Act.
523 3155 594 3229 viii,
610 3155 662 3214 sed
684 3175 769 3216 nemo
793 3155 831 3214 ed
856 3155 920 3233 ejus
942 3155 1056 3214 thecam
1076 3173 1107 3212 se
1122 3153 1263 3231 abjecisse
1276 3152 1393 3229 legitur,
1415 3153 1467 3214 vel

253 3232 317 3306 ejus
331 3250 397 3289 osea
411 3230 534 3291 coluisse
548 3233 684 3310 religioso
699 3235 788 3294 cultu.

342 3373 347 3384 ¹
558 3311 613 3370 IV.
635 3317 663 3371 2.
687 3314 827 3388 Christus,
851 3313 937 3372 Matr.
952 3313 1035 3372 xxiii.
1051 3315 1099 3388 29,
1121 3312 1305 3391 reprehendit
1326 3313 1344 3344 “
1360 3311 1465 3370 Phari·

268 3371 490 3476 &RQ-¹23⁰&
517 3409 590 3449 saeos
604 3399 634 3450 et
649 3391 764 3450 Scribas
778 3392 953 3469 hypocritae,
968 3393 1019 3470 qui
1040 3393 1249 3469 Prophetarum
1270 3399 1302 3451 et
1317 3391 1467 3469 justorum

516 3470 668 3546 sepulchra
679 3471 868 3546 aedificabant,
879 3481 909 3530 et
919 3471 970 3530 illa
979 3472 1148 3547 ornabant‚”
1161 3492 1260 3531 eorum
1271 3471 1385 3530 interim
1394 3471 1465 3530 doc-

253 3549 360 3609 trinam
383 3557 617 3609 contemnentee:
640 3569 698 3609 non
719 3551 815 3610 minus
839 3551 883 3609 illi
907 3552 1056 3629 arguendi,
1082 3553 1132 3629 qui
1152 3553 1255 3610 horum
1270 3551 1412 3610 cadavera
1432 3552 1466 3612 in
1540 3591 1541 3604 η

257 3627 417 3706 sepulchris
436 3629 564 3706 jacentia
585 3630 684 3689 colunt
697 3639 727 3690 et
747 3640 930 3690 venerantur.
963 3632 1080 3707 Paulus,
1096 3636 1114 3690 2
1130 3631 1195 3690 Cor.
1210 3651 1239 3690 v.
1257 3634 1303 3708 16,
1327 3634 1345 3665 “
1362 3631 1399 3690 Se
1412 3651 1466 3690 ne·

255 3707 362 3768 minem
376 3708 550 3785 ampliusne
565 3708 711 3769 Christum
734 3710 851 3788 quidem
872 3731 1046 3788 cognoscere
1068 3711 1226 3771 secundum
1240 3711 1375 3770 earnem’'
1397 3731 1466 3788 pro-

255 3797 386 3865 testatur,
402 3796 435 3847 ut
449 3787 559 3847 scilicet
572 3788 603 3846 in
617 3809 651 3849 eo
660 3791 818 3850 secundum
833 3792 965 3868 spiritum
978 3790 1134 3869 quaerendo
1148 3800 1177 3851 et
1190 3790 1365 3869 possidendo
1379 3811 1467 3852 omne

256 3868 384 3928 studium
399 3887 482 3927 suum
497 3877 526 3928 et
540 3888 656 3946 operam
680 3870 819 3930 collocet:
841 3871 912 3946 Quis
926 3889 996 3930 vero
1010 3872 1169 3948 negaverit,
1194 3891 1245 3931 eos
1263 3872 1314 3949 qui
1327 3872 1466 3948 reliquias

257 3948 365 4007 Christi
379 3957 409 4008 et
432 3949 604 4008 Sanctorum
628 3957 761 4026 quaerunt
784 3959 814 4008 et
828 3951 935 4027 colunt,
960 3951 1037 4010 velle
1051 3950 1146 4010 adhuc
1160 3971 1210 4010 eos
1224 3970 1397 4028 cognoscere
1419 3971 1466 4011 ee-

257 4026 384 4164 pundurp
398 4031 538 4166 olaqrnem?
562 4029 610 4088 Ita
625 4031 643 4062 “
656 4049 709 4107 pro
722 4029 891 4090 viventibus
904 4031 946 4090 ire
960 4030 998 4090 cd
1011 4031 1159 4090 mortuos”
1182 4049 1318 4109 expresse
1339 4038 1464 4109 vetatur,

273 4125 314 4166 sa.
329 4126 390 4165 vm.
447 4151 454 4166 .
517 4135 519 4139 ·

557 4188 597 4247 V.
619 4191 647 4248 3.
671 4189 774 4250 Cultus
800 4190 868 4250 talis
895 4210 954 4250 non
981 4189 1068 4250 modo
1096 4197 1141 4250 est
1167 4189 1287 4266 inutilis,
1316 4190 1465 4252 exhibitus

257 4249 280 4296 ³·
290 4249 463 4354 ,fflofflss
473 4254 498 4296 ⁰*
518 4267 624 4346 quippe
638 4270 725 4329 rebus
739 4269 912 4346 inanimatis,
927 4279 957 4331 et
971 4289 1059 4330 sensu
1072 4271 1151 4329 omni
1165 4270 1349 4330 carentibus:
1370 4269 1466 4332 sedet

519 4347 717 4409 idololatricue
730 4357 761 4409 et
775 4351 1010 4428 superstitiosus;
1032 4351 1083 4428 qui
1104 4349 1166 4410 sine
1187 4350 1339 4428 sacrilegio
1360 4349 1466 4412 deferri

258 4449 317 4488 non
330 4436 426 4506 potest
440 4429 507 4504 illis,
523 4429 578 4487 soli
591 4429 697 4507 qnippe
713 4430 777 4489 Deo
791 4429 915 4490 debitus.
957 4431 1019 4489 Nec
1029 4431 1117 4507 juvat
1129 4430 1300 4490 incrustatio
1315 4429 1465 4492 Adversa·

257 4510 373 4586 riorum,
388 4510 558 4587 negantium
572 4529 603 4568 se
617 4509 746 4586 reliquiis
760 4511 870 4570 cultum
884 4509 1051 4588 religiosum
1065 4512 1230 4585 motatore,
1246 4511 1385 4569 stricte'et
1397 4530 1464 4587 pro-

257 4590 319 4667 prie
334 4590 375 4648 sie
389 4589 507 4666 dictum,
524 4609 575 4649 seu
588 4591 784 4650 adoroooaem
798 4591 982 4666 moereant
1004 4609 1069 4668 quae
1090 4591 1181 4650 solius
1195 4590 1252 4650 Dei
1266 4590 1312 4666 sit,
1328 4588 1380 4648 sed
1399 4599 1464 4652 ten·
1540 4641 1541 4644 ,

257 4677 318 4728 tum
332 4671 479 4728 relativum
493 4677 523 4729 et
536 4671 710 4746 dulcatieum,
723 4669 842 4730 deferre.
864 4671 939 4744 Quia
952 4669 1099 4747 Scriptura
1108 4668 1284 4729 adorationis
1295 4669 1464 4750 latmntiem,
