3150 5206
239 348 299 404 252
643 362 734 403 cocus
749 363 879 403 nacrnus
894 363 1028 423 enarr-us.
1280 341 1405 422 [unser.
1420 362 1439 403 1.

237 505 325 563 fanda
346 503 448 578 caedes,
464 509 493 560 ct
515 521 616 561 avara
642 503 699 562 fide
723 503 875 581 apostasia,
890 505 921 562 in
935 525 993 581 qna
1017 502 1054 562 ad
1068 503 1238 562 hodiernum
1259 521 1351 579 usque
1367 501 1440 560 diem

236 591 410 662 perseverat.
446 583 507 641 Nec
515 583 563 641 hic
572 583 707 640 audiendi
718 584 739 643 J
741 583 824 658 udsei,
835 583 885 660 qui
894 584 1083 642 communiter
1088 583 1237 662 excipiunt
1246 583 1324 640 hunc
1335 582 1439 640 adven·

237 671 298 721 turn
313 661 421 721 differri
434 671 551 740 propter
563 672 689 740 peccata,
705 671 766 722 tum
781 683 841 738 sua,
853 671 914 721 tum
929 672 1051 740 patrum,
1066 683 1131 740 qua
1145 663 1199 721 sub
1218 671 1340 738 utraque
1359 662 1441 720 domo

238 743 450 801 commiserunt.
493 742 567 817 Quia
581 762 646 800 cum
661 743 707 800 hic
722 751 826 818 agatur
835 739 893 800 non
904 742 940 801 de
954 762 1012 800 uno
1026 743 1074 801 vel
1088 743 1178 801 altero
1193 741 1325 815 Oraculo,
1342 740 1393 800 sed
1407 739 1441 799 de

238 821 383 881 constanti
408 818 616 898 Prophetarum
637 829 666 880 et
695 822 914 898 Prophetiarum
928 822 994 896 fide,
1009 821 1090 880 nulla
1110 823 1173 900 ejus
1187 821 1330 880 certitudo
1345 841 1440 897 super·

238 910 323 972 esset,
344 901 417 958 siin
440 901 495 958 hoc
521 901 622 977 capite,
646 921 664 959 a
688 920 745 977 quo
770 901 881 978 reliqua
903 902 1000 960 omnia
1021 901 1193 979 dependent,
1208 920 1267 959 non
1281 909 1441 978 praestetur.

240 980 361 1054 Deinde,
377 980 401 1038 si
423 981 493 1057 quid
507 980 576 1038 olim
597 981 728 1057 promisit
748 981 855 1058 populo
877 1001 938 1056 suo,
961 1001 1019 1038 non
1039 980 1147 1057 legitur
1167 981 1205 1040 ob
1225 989 1345 1056 peccata
1365 979 1442 1038 illius

237 1079 364 1136 unquam
388 1058 584 1134 intermisisse,
600 1067 633 1118 nt
656 1080 693 1118 ex
707 1059 877 1118 liberatione
892 1081 930 1119 ex
944 1061 1079 1137 AEgypto
1100 1069 1130 1118 et
1154 1060 1306 1136 Babylone
1320 1067 1441 1134 constat,

238 1159 324 1216 quam
341 1139 420 1198 Deus
435 1139 553 1215 praecise
567 1147 695 1216 tempore
716 1141 878 1216 praestituto
892 1140 1034 1216 implevit,
1049 1139 1117 1198 licet
1138 1139 1262 1218 populus
1275 1158 1335 1196 non
1349 1139 1444 1197 minus

237 1219 364 1296 peccatis
389 1227 465 1276 asset
486 1227 607 1278 onustus
621 1239 654 1276 ac
678 1238 763 1278 nunc.
808 1219 866 1278 Cur
880 1239 950 1295 ergo
971 1219 1048 1277 idem
1063 1219 1092 1276 in
1105 1219 1244 1296 palmaria
1253 1219 1309 1276 ista
1322 1218 1443 1294 promis-

238 1299 327 1372 sione,
344 1298 445 1375 inqua
469 1299 559 1356 totius
581 1298 677 1375 gentis
699 1299 807 1357 bonum
823 1299 909 1357 situm
924 1299 987 1373 fuit,
1012 1319 1071 1356 nou
1095 1299 1201 1357 facturn
1217 1297 1348 1372 dicetur,
1371 1297 1444 1355 Cum

237 1387 334 1436 temen
348 1377 424 1435 ultra
441 1379 476 1435 16
492 1377 589 1436 secula
605 1378 666 1454 jam
688 1377 779 1436 dilata
793 1378 830 1436 sit
851 1378 924 1438 tanti
938 1378 1072 1454 promissi
1086 1377 1224 1454 impletio,
1239 1397 1293 1435 nec
1308 1376 1369 1434 ulla
1381 1378 1444 1454 ejus

237 1455 375 1532 implendi
391 1477 456 1533 spes
468 1457 613 1533 supersit?
634 1457 740 1532 Tertio,
757 1458 782 1516 si
795 1465 912 1534 propter
925 1465 1043 1534 peccata
1055 1457 1155 1534 populi
1171 1456 1286 1514 Massia
1300 1455 1445 1515 adventus

237 1535 376 1611 differtur,
393 1537 473 1613 Ergo
483 1556 631 1613 nunquam
644 1545 784 1595 venturus
799 1545 851 1609 est,
868 1556 933 1594 curn
947 1556 1093 1612 nunqnam
1109 1537 1146 1594 ab
1160 1535 1238 1594 omni
1249 1535 1357 1594 scelere
1371 1535 1446 1594 liber

237 1616 275 1674 sit
289 1615 411 1690 futurus,
427 1616 479 1674 sed
492 1624 604 1674 tantum
625 1617 715 1691 abest,
731 1625 765 1676 ut
777 1625 895 1693 peccata
909 1616 987 1674 illins
1007 1615 1164 1674 adventum
1184 1615 1289 1673 morari
1310 1623 1340 1673 et
1354 1615 1443 1692 impe-

237 1695 299 1754 dire
313 1696 445 1771 debeant,
461 1705 494 1754 ut
507 1696 604 1773 potius
618 1696 742 1754 debeant
753 1695 836 1754 illum
844 1695 1012 1769 accelerare,
1023 1715 1087 1754 cum
1100 1695 1137 1752 ad
1145 1715 1180 1753 ea
1193 1694 1322 1754 tollenda
1336 1695 1444 1753 veniat

237 1813 259 1857 2.
354 1815 468 1858 sumundi
540 1775 669 1833 XXXI.
692 1779 719 1833 2.
743 1775 888 1852 Respecto
909 1775 1021 1849 Mundi,
1043 1773 1231 1834 Oraculorum
1254 1773 1401 1848 falsonrm,
1417 1783 1445 1832 et

267 1871 415 1917 Idoolasria
436 1845 477 1916 de'
498 1856 675 1913 Idololatria
711 1857 841 1930 Papauer
874 1855 1031 1928 monnone,
1068 1874 1132 1930 quae
1166 1853 1342 1912 destruenda
1382 1873 1445 1912 esse

266 1931 379 1974 semotio.
499 1935 615 1992 Messiae
629 1943 757 2011 tempore
780 1934 931 2012 Prophetas
945 1953 1003 1992 non
1018 1933 1107 1992 semel
1120 1933 1321 2010 praedixerant,
1340 1933 1399 1990 Isa.
1415 1933 1444 1990 ii.

240 2015 286 2090 18,
302 2017 350 2090 20,
367 2015 455 2072 Zach.
476 2014 538 2070 xiii.
554 2018 581 2070 2.
624 2013 748 2072 Oracnla
762 2033 890 2072 cessasse
904 2013 1032 2072 adventu
1046 2013 1161 2086 Christi,
1177 2012 1304 2070 historiae
1317 2012 1445 2088 profanes

237 2112 296 2152 non
311 2093 503 2152 dissimulant.
546 2093 625 2150 Hinc
639 2091 883 2170 'l'iberiitempora
894 2101 970 2151 natae
980 2093 1153 2169 questiones,
1167 2092 1447 2150 Corobmutuissent

238 2171 370 2244 Oracula,
387 2173 445 2229 Cur
460 2171 613 2228 Daemoues
626 2179 659 2230 ut
673 2180 757 2230 antea
777 2191 836 2229 non
850 2181 1043 2249 operarentur,
1060 2179 1089 2230 et
1103 2171 1175 2230 adeo
1189 2171 1338 2247 repentina
1349 2179 1378 2230 et
1392 2172 1444 2228 mi-

238 2252 337 2308 rabilis
352 2251 406 2308 fuit
419 2251 470 2307 illa
483 2251 613 2324 mutatio,
629 2259 661 2308 ut
675 2250 849 2309 adversariis
867 2251 938 2328 ipsis
960 2251 1115 2310 Christiani
1134 2250 1259 2310 nominis
1280 2251 1368 2308 fuerit
1389 2251 1445 2308 fcr-

238 2329 383 2386 midabilis
405 2339 434 2387 et
455 2329 606 2404 stupenda
649 2329 827 2405 Porphyrius
848 2331 979 2407 queritur
1001 2331 1079 2388 Deos
1103 2331 1192 2388 iratos
1214 2349 1251 2387 ex
1273 2349 1331 2406 quo
1355 2330 1446 2389 Jesus

238 2408 320 2466 venit
344 2407 416 2465 nihil
441 2409 624 2483 respondere.
667 2408 767 2467 Cicero
785 2409 804 2466 l.
827 2414 854 2482 2,
876 2409 912 2467 de
927 2409 1027 2468 Dirin.
1042 2417 1164 2468 testatur
1186 2409 1365 2485 temporibus
1387 2409 1447 2467 suia

239 2487 363 2546 Oracnla
384 2485 532 2562 defecisse,
548 2495 577 2546 et
591 2507 706 2546 causam
727 2486 851 2546 absurde
872 2488 960 2546 refert
981 2489 1012 2546 in
1036 2489 1092 2548 loci
1116 2497 1298 2560 venustatem,
1325 2507 1363 2546 ex
1388 2507 1446 2566 qno

239 2565 384 2625 anhelitus
406 2566 502 2640 fiebat,
524 2586 583 2644 quo
599 2567 705 2644 Pythia
727 2577 822 2626 mente
842 2567 961 2626 incitata
974 2568 1078 2627 edebat
1093 2569 1217 2627 oracula.
1260 2567 1445 2642 Plutarchus,

239 2645 387 2723 quivixit
411 2646 528 2722 Trajani
552 2653 689 2724 ternpore,
715 2646 753 2705 id.
779 2657 894 2706 centurn
916 2655 982 2723 post
1005 2648 1150 2706 Christum
1172 2645 1264 2722 annis,
1290 2639 1445 2706 uariatum

239 2724 330 2784 edidit
344 2725 380 2784 de
398 2728 586 2786 oraculorum
600 2729 715 2802 defectas,
738 2727 825 2786 refert
840 2727 1012 2804 Epithersen
1027 2726 1190 2785 Echinades
1204 2727 1314 2784 iusrrlas
1328 2736 1446 2804 praster-

237 2807 423 2882 navigantem
433 2805 578 2864 audivisse
589 2826 691 2864 vocem
701 2807 895 2882 nuntiantem,
903 2809 1041 2882 Magnum
1049 2808 1134 2865 Pana
1144 2816 1284 2864 mortem
1296 2827 1360 2881 ease,
1373 2817 1444 2865 tem·

237 2905 307 2963 pore
322 2886 432 2945 scilicet
440 2885 548 2944 Tiberii
559 2905 617 2963 quo
632 2887 763 2946 Christus
774 2886 929 2946 crucifixus
944 2895 996 2945 est.
1030 2887 1069 2945 Et
1079 2887 1133 2945 sub
1144 2886 1279 2962 Augusto
1291 2886 1446 2946 Oraculum

240 2965 387 3043 Apollinis
400 2967 445 3024 illi
458 2967 628 3043 consulenti,
641 2968 706 3044 quis
719 2976 786 3044 post
800 2987 865 3026 curn
879 2974 1052 3042 regnaturus
1075 2973 1160 3040 esset,
1181 2965 1366 3042 respondisse
1391 2966 1445 3024 fer·

177 3097 181 3106 .
237 3042 293 3120 tur,
311 3048 328 3078 “
341 3045 390 3104 Me
404 3067 476 3123 puer
490 3046 633 3105 Hebraeus
647 3046 703 3106 diis
713 3047 806 3106 beatis
820 3047 972 3124 imperans,
985 3045 1070 3121 jubet
1084 3045 1136 3102 has
1151 3045 1227 3104 aedes
1241 3047 1403 3121 relinquere
1419 3055 1446 3104 et

239 3126 337 3184 statim
351 3126 380 3182 in
395 3145 493 3185 orcum
507 3125 615 3184 abire.'’

541 3205 688 3266 XXXII.
711 3205 849 3280 Quintum
875 3205 1088 3283 Argumentum
1117 3203 1303 3280 suppeditant
1331 3203 1445 3278 Confes-

241 3241 355 3344 Qiiiiiio
370 3243 479 3346 pepp:
499 3285 588 3342 aiones
602 3287 671 3360 ipsae
683 3285 862 3343 Judaeonrm.
892 3287 972 3344 Inter
982 3303 1063 3360 quas,
1081 3287 1106 3342 1.
1123 3282 1251 3342 Celebris
1260 3293 1304 3342 est
1317 3285 1446 3342 Ibaditio

267 3357 409 3425 sessionibus
430 3358 480 3402 Ad·
501 3365 610 3419 Domus
632 3365 717 3437 Elios,
743 3363 779 3421 de
801 3383 859 3440 qua
883 3364 954 3422 Cod.
982 3363 1106 3422 Sanhed.
1138 3363 1213 3422 Dist.
1238 3363 1357 3439 Chelelr,
1381 3383 1444 3440 qua·

267 3426 281 3455 v
405 3428 436 3458 ¹¹¹·
499 3441 598 3498 mundi
614 3448 742 3516 tempora
755 3443 785 3499 in
799 3449 858 3500 tres
871 3442 1005 3518 periodos
1019 3443 1173 3516 distribuit,
1197 3461 1369 3519 omnemque
1383 3445 1446 3520 ejus

237 3517 418 3576 durationem
434 3537 485 3576 sex
500 3538 637 3576 annorum
661 3519 788 3578 millibus
810 3521 963 3596 concludit,
980 3541 1013 3580 ac
1027 3531 1187 3599 postremos
1200 3520 1247 3580 bis
1261 3522 1340 3582 mille
1355 3543 1445 3581 annos

240 3597 357 3654 Messias
371 3616 461 3672 regno
476 3597 585 3672 tribuit,
601 3600 654 3656 Bis
667 3601 743 3658 milla
762 3601 901 3676 Inunitus,
924 3602 964 3659 tis
983 3603 1057 3660 mille
1078 3605 1149 3676 Lex,
1166 3602 1206 3660 hia
1219 3601 1294 3660 mille
1315 3603 1444 3660 Messias.

239 3676 301 3733 Nec
311 3677 398 3752 juvat
412 3677 490 3752 ipsos
504 3695 650 3753 reponere,
664 3678 721 3737 Vel
734 3679 861 3758 Tempus
872 3681 1015 3739 adventus
1020 3683 1081 3758 jam
1094 3683 1222 3758 elapsum
1235 3701 1307 3757 esse,
1324 3682 1376 3740 sed
1391 3681 1443 3740 dif-

237 3755 304 3813 ferri
318 3765 435 3832 propter
449 3764 566 3832 peccata
579 3759 687 3834 populi,
710 3759 792 3834 Quia,
814 3779 879 3818 cum
900 3761 1052 3838 promissio
1066 3781 1124 3819 non
1139 3761 1335 3820 conditionata
1350 3763 1396 3835 sit,
1412 3769 1443 3820 ut

233 3835 296 3912 jam
321 3835 438 3910 dioturn,
455 3836 506 3894 sed
520 3835 661 3914 absoluta,
684 3848 796 3898 tantum
816 3839 899 3899 abest
919 3849 952 3899 nt
971 3849 1089 3917 propter
1101 3848 1220 3918 peccata
1233 3841 1332 3918 populi
1348 3840 1444 3900 differ·
1552 3909 1553 3912 Ἴ

236 3916 336 3992 andus,
353 3926 385 3975 ut
399 3917 495 3994 potius
509 3916 712 3976 accelerandus
734 3920 827 3996 magis
851 3929 929 3979 esset
942 3919 979 3977 ad
994 3940 1027 3978 ea
1042 3919 1187 3996 tollenda,
1210 3920 1266 3978 Vel
1288 3929 1442 3979 venturum

235 3996 351 4072 quidem
366 3997 454 4056 fuisse
468 3998 497 4054 in
512 3993 865 4074 >transcucurrerunt
888 4018 924 4058 an
950 4001 980 4056 in
1003 3999 1085 4058 initio
1099 4010 1239 4060 venturus
1254 4007 1339 4075 esset,
1356 4021 1393 4058 an
1414 4001 1442 4056 in
1539 4057 1544 4072 ,

235 4077 300 4150 fine,
324 4077 398 4151 Quia
419 4098 453 4136 eo
474 4077 560 4136 ruodo
575 4078 760 4156 assignantur
774 4079 816 4137 illi
837 4079 882 4137 bis
896 4079 975 4136 milla
989 4079 1065 4154 anni,
1082 4079 1227 4156 quomodo
1241 4080 1291 4137 alii
1301 4079 1348 4138 bis
1363 4080 1441 4138 mille

232 4155 365 4216 inanitati
387 4164 417 4215 et
440 4157 520 4234 Legi,
544 4157 583 4216 id.
609 4168 642 4217 ut
665 4157 778 4217 duratio
794 4159 883 4235 Legis
897 4159 1023 4235 excipiat
1037 4160 1214 4234 inanitatem,
1241 4169 1270 4218 et
1291 4159 1337 4218 bis
1362 4159 1440 4218 mille

231 4255 322 4294 annos
343 4237 460 4314 explere
481 4237 621 4296 debuerit.
664 4238 711 4296 Ita
734 4237 877 4297 adventus
899 4239 1015 4296 Messias
1035 4239 1135 4299 debuit
1146 4239 1279 4316 excipere
1294 4239 1380 4298 finem
1397 4239 1441 4298 bis

230 4315 310 4374 mille
321 4336 460 4374 annorum
477 4317 572 4393 Legis,
589 4325 621 4376 ut
635 4337 686 4394 per
699 4318 772 4376 alios
786 4319 831 4376 bis
850 4318 929 4376 inille
950 4338 1041 4376 annos
1065 4319 1158 4378 duret.
1201 4323 1228 4377 2.
1251 4319 1359 4395 Opinio
1372 4338 1440 4378 con-

230 4404 310 4454 stans
324 4396 401 4473 apud
415 4396 436 4454 J
439 4395 536 4455 ndaeos
545 4397 706 4456 invaluerat
715 4406 842 4474 tempore
853 4398 959 4456 Christi
973 4407 1126 4457 venturum
1142 4399 1289 4473 Messinm,
1302 4399 1340 4457 ad
1354 4417 1441 4476 quern

230 4474 358 4534 fidelium
372 4475 460 4533 animi
475 4477 578 4536 arrecti
594 4485 692 4554 erant3
717 4477 802 4537 Unde
819 4479 934 4537 SImeon
956 4487 984 4537 et
1006 4477 1094 4536 Anna
1114 4479 1250 4538 dicuntur
1269 4488 1439 4556 expectasse

229 4555 452 4614 consolationem
470 4556 594 4630 Israelis,
619 4557 689 4616 Luc.
704 4557 733 4616 ii.
750 4566 778 4616 et
792 4558 895 4617 mulier
921 4559 1101 4618 Samaritana
1122 4567 1243 4618 testatur
1265 4578 1296 4618 se
1321 4559 1437 4618 credere

228 4633 365 4692 Messinm
380 4633 461 4691 brari
477 4643 638 4710 venturum,
651 4637 672 4696 J
674 4637 720 4696 oh.
731 4637 770 4696 iv.
783 4641 830 4706 25,
844 4647 872 4697 et
883 4638 956 4698 varii
969 4637 1205 4698 Pseudo-Christi
1215 4647 1285 4697 tunc
1299 4636 1435 4716 temporIs
