3192 5206
133 407 244 459 eumer.
261 384 317 467 rra]
485 404 524 444 ns
538 405 653 447 orrrcro
667 408 785 449 rrrmsrr
801 411 995 451 uaorsrosro.
1279 398 1335 454 361

133 559 162 609 et
175 546 379 620 ammaim,
403 565 463 606 ver.
489 547 516 619 3,
541 565 599 604 norr
622 546 753 608 absolute
776 559 805 609 et
830 551 1006 628 simpliciter,
1031 552 1114 628 quasi
1129 551 1253 628 positive
1268 554 1336 611 talis

131 639 218 702 esset,
242 627 321 705 quod
345 625 453 701 respuit
477 627 636 684 communis
662 628 817 704 hominum,
844 650 881 688 ex
895 651 1016 707 quorum
1031 651 1135 708 genere
1150 631 1237 690 fuisse
1253 641 1337 690 antea

132 709 244 767 dietum
266 715 318 780 est,
343 704 488 780 conditio;
515 704 566 762 sed
587 711 737 765 secundam
760 711 830 785 quid
846 710 956 768 ratione
971 711 1172 787 descriptionis
1188 711 1334 784 Mosatcae,

131 787 251 864 quiade
266 783 480 843 Melchisedeco
494 783 593 842 Moses
606 786 742 863 loquitur,
758 809 791 846 ac
806 789 830 846 si
845 789 880 847 de
895 791 968 848 coelo
983 790 1118 867 delapsus
1131 789 1241 864 fuisset,
1257 791 1337 848 nulla

130 867 208 926 facta
229 865 373 923 mentione
393 871 473 921 ortus
496 863 542 920 vel
566 863 698 924 interitus
719 868 767 925 rel
789 877 939 944 parentum
962 871 1034 946 ejus,
1057 877 1090 928 ut
1111 889 1162 945 per
1181 870 1335 928 talesilen-

131 947 203 1006 tium
219 954 365 1020 utcunque
380 941 598 1002 adumbraretur
612 965 680 1002 vera
695 947 802 1006 Christi
817 948 970 1006 eternitas.
1013 948 1127 1006 Dicitur
1146 969 1215 1026 ergo
1226 949 1334 1030 ἀπείπας

129 1034 159 1084 et
172 1026 282 1104 ἆμιίτυς,
299 1022 401 1080 nonin
425 1031 539 1096 natura,
565 1031 597 1081 ut
619 1025 705 1082 homo
719 1028 866 1102 naturalis,
882 1037 912 1085 et
925 1027 1002 1085 filius
1017 1027 1100 1102 Adae,
1117 1029 1211 1086 sedin
1227 1049 1332 1088 caecae·
1414 1045 1419 1052 ·

129 1106 195 1180 mia,
212 1115 245 1163 ut
271 1105 358 1160 homo
382 1101 530 1176 mysticus,
554 1112 583 1160 ot
604 1103 697 1180 ligura
720 1107 838 1164 secundi
863 1106 946 1180 Ades,
969 1115 1053 1183 prout
1067 1107 1114 1166 hic
1128 1107 1333 1184 consideratur,

130 1204 189 1242 non
222 1182 333 1241 ratione
368 1181 570 1257 generationis
602 1183 653 1240 sed
688 1185 973 1260 commemorationis,
1003 1187 1071 1262 quia
1098 1186 1134 1244 de
1169 1189 1335 1264 parentibus

130 1265 193 1340 ejus
213 1262 287 1320 nihil
307 1260 430 1318 babetur
443 1259 473 1316 in
490 1261 644 1337 Scriptura.
688 1264 761 1322 Item
777 1265 853 1342 quod
874 1267 950 1323 initio
965 1275 992 1324 et
999 1269 1056 1340 fiae
1069 1267 1132 1324 vitre
1146 1277 1251 1342 careat,
1267 1269 1335 1344 quia

130 1343 166 1400 de
188 1344 251 1419 ejus
271 1339 424 1399 nativitate
438 1339 486 1397 vel
500 1349 591 1398 morte
606 1342 695 1400 altum
710 1353 754 1402 est
775 1345 804 1401 in
819 1365 853 1402 ea
876 1346 1030 1403 silentium.
1074 1345 1158 1419 Quod
1173 1346 1211 1405 sit
1232 1352 1332 1418 apane-

130 1421 242 1496 ao'ysm,
287 1419 355 1496 quia
389 1437 481 1494 genus
516 1419 605 1496 ipsius
644 1442 798 1500 nusquam·
825 1424 1006 1498 describitur,
1038 1428 1116 1500 cujus
1149 1445 1200 1483 aec
1236 1437 1332 1503 pater,

129 1522 179 1560 nec
199 1509 290 1559 crater
310 1499 409 1573 scripti
426 1507 491 1555 sunt
517 1500 546 1556 ia
571 1503 748 1578 peneatopr'is,
771 1512 803 1561 ut
826 1503 917 1580 Syrus
937 1513 1015 1562 recte
1036 1504 1163 1581 exponit,
1190 1505 1229 1564 id.
1251 1507 1334 1584 cujus

129 1601 183 1640 nec
204 1581 335 1657 majores,
360 1597 413 1635 nec
445 1578 552 1653 posteri
577 1591 762 1641 recensentur
788 1583 818 1640 in
843 1583 999 1659 Scriptura,
1029 1591 1061 1641 ut
1085 1583 1199 1642 dicatur
1226 1605 1242 1642 a
1270 1586 1333 1663 qui-

130 1661 185 1718 bus
214 1661 251 1718 sit
282 1667 370 1731 ortus,
401 1657 449 1714 vel
480 1659 597 1734 quinam
628 1661 664 1718 ab
696 1681 730 1718 eo
762 1661 820 1720 sint
848 1662 971 1720 oriundi.
1015 1662 1089 1720 Nam
1117 1669 1269 1735 γιηαλιγιῒι
1289 1673 1334 1723 est

130 1759 222 1815 genus
243 1749 273 1798 et
292 1735 454 1814 prosapiam
476 1737 598 1813 alicujus
619 1759 775 1814 recensere,
796 1747 829 1798 ut
849 1741 927 1818 apud
938 1740 1047 1800 Justin.
1064 1741 1168 1802 Matth.
1183 1750 1334 1816 γιηιλογιῒι

129 1817 198 1884 Sosis
213 1827 257 1877 est
272 1820 396 1875 Deorum
414 1818 608 1892 peaealopr'am
628 1828 730 1878 texere.
775 1819 832 1877 Sed
851 1840 916 1896 quae
938 1821 1097 1879 umbratice
1111 1829 1223 1881 tantum
1237 1833 1267 1883 et
1280 1825 1333 1881 im·

130 1899 256 1976 perfecte
277 1897 307 1954 irr
321 1896 370 1952 illo
385 1905 545 1970 occurmnt,
561 1897 591 1954 in
606 1897 721 1956 Christo
735 1919 803 1957 vere
825 1907 854 1957 et
874 1899 998 1976 perfecte
1012 1900 1176 1977 implentur,
1192 1902 1254 1960 sive
1268 1923 1332 1980 per-

131 1997 219 2052 sonae,
242 1977 304 2036 sire
329 1974 413 2034 officii
437 1985 577 2052 respectu.
621 1978 695 2036 Nam
720 1978 816 2054 quoad
830 1981 986 2037 Personam
1000 1999 1067 2037 vere
1082 1979 1136 2039 fuit
1153 1983 1260 2063 ἀπάτας
1275 2003 1333 2058 qua

129 2058 225 2130 bomo,
242 2075 308 2114 vere
322 2055 488 2134 dpalrngqua
501 2055 598 2132 Deus;
615 2056 716 2131 Quoad
733 2059 859 2129 Officium
868 2079 921 2117 nec
936 2078 953 2116 a
968 2059 1053 2117 Patre
1070 2058 1223 2120 Sacerdote
1238 2072 1332 2138 natus,

128 2156 182 2195 nec
196 2157 213 2194 a
229 2137 330 2208 Matre,
346 2154 411 2210 quoe
426 2153 443 2190 a
459 2135 662 2195 Sacerdotibus
676 2138 817 2214 originem
831 2137 954 2212 duxerit,
969 2158 1023 2196 nec
1037 2139 1128 2197 ullum
1142 2139 1249 2217 legitur
1262 2142 1333 2199 bab-

128 2217 205 2275 uisse
217 2216 265 2274 vel
274 2216 461 2286 decessorem,
474 2214 522 2272 vel
533 2235 726 2274 successorem
742 2217 772 2274 in
780 2218 835 2275 hoc
849 2237 976 2292 munere,
988 2217 1132 2294 quomodo
1141 2239 1209 2278 vera
1219 2230 1262 2279 est
1272 2227 1333 2293 etpr-

296 2355 301 2368 ,
391 2293 541 2361 mairran-
583 2298 611 2353 3.
635 2296 736 2370 Quoad
761 2298 945 2371 durationem,
966 2297 1034 2374 quia
1051 2299 1221 2374 proponitur
1234 2311 1267 2360 ut
1280 2302 1333 2359 im-

142 2355 165 2400 3.
181 2355 211 2400 ¹¹¹
222 2356 363 2409 duracmum
391 2375 528 2448 mortalis,
536 2383 634 2450 utpote
646 2377 729 2453 cujus
738 2376 838 2434 mortis
849 2377 929 2434 nulla
938 2377 1045 2435 mentio
1055 2377 1105 2435 fiet
1118 2379 1195 2454 apud
1210 2380 1332 2456 Mosam,

130 2452 208 2512 Heb.
222 2453 272 2510 vii.
288 2454 316 2510 8.
360 2451 417 2511 Sed
441 2454 496 2510 hoo
520 2454 555 2512 de
581 2455 695 2513 Christo
709 2455 858 2514 verissime
872 2455 986 2531 dicitur,
1001 2457 1070 2533 quia
1085 2457 1225 2517 Sacerdos
1246 2469 1290 2519 est
1304 2462 1334 2518 in

129 2541 268 2592 aeteruum
285 2531 373 2608 juxta
386 2531 445 2588 vim
462 2532 550 2609 Legis
564 2534 780 2608 indissolubilis,
798 2534 874 2594 Heb.
888 2535 939 2595 vii.
957 2539 1003 2594 16.

158 2663 348 2716 ⁴·1110ffi010=
389 2612 520 2766 mulii·
534 2613 702 2768 tgtttt
719 2615 1262 2771 ‘stiludtttltlttldt
1275 2617 1332 2755 lt?

129 2769 230 2829 cardos
255 2769 308 2827 fuit
332 2769 388 2827 Dei
409 2770 561 2846 Altissimi,
578 2772 656 2848 quod
680 2772 709 2829 in
733 2773 800 2832 Vet.
826 2773 1010 2832 Testamento
1024 2773 1135 2832 licitum
1150 2795 1207 2832 non
1222 2775 1285 2849 fuit,
1302 2778 1332 2834 in

129 2869 187 2926 quo
203 2850 283 2907 Deus
296 2849 412 2925 utrique
426 2850 468 2907 illi
483 2851 576 2909 officio
590 2850 697 2909 limites
720 2871 787 2910 suos
810 2852 850 2910 ita
868 2853 1099 2930 circumscripsit,
1115 2865 1146 2911 ut
1162 2873 1219 2911 uon
1234 2865 1334 2932 posset

127 2949 185 2987 una
209 2927 366 3004 eademque
386 2949 508 3006 persona
531 2939 684 3007 utrumque
712 2951 816 2989 munus
840 2932 982 2991 ordinarie
1007 2951 1115 3008 gerere.
1159 2933 1217 2990 Sed
1231 2935 1287 2992 hoc
1302 2936 1332 2993 in

128 3009 242 3067 Christo
256 3027 324 3066 vere
338 3008 496 3086 impletum,
512 3009 561 3085 qui
576 3019 609 3068 ut
624 3011 689 3068 llcx
703 3019 732 3069 ct
743 3011 883 3070 Sacerdos
896 3011 980 3069 nobis
995 3010 1174 3085 describitur,
1192 3011 1269 3070 Psal.
1285 3034 1331 3074 cx.

85 3191 94 3200 -
142 3088 1331 3247 erasas..,go,33332,123225ag,p,{pppppgpgpgssppss2333

127 3251 252 3310 dictione
277 3251 387 3308 scilicet
410 3248 521 3305 solenni
543 3257 573 3307 et
594 3249 772 3324 sacerdotali,
799 3248 956 3307 secundum
980 3269 1066 3324 quam
1081 3249 1205 3308 minora
1229 3252 1331 3328 majori

125 3330 312 3405 benedicitur,
330 3329 406 3388 Heb.
421 3327 471 3384 vii.
487 3331 514 3400 7,
530 3328 608 3404 quod
623 3328 807 3388 Abrahamus
822 3330 883 3406 ipse
902 3329 1015 3404 publice
1027 3328 1174 3386 confessus
1189 3338 1241 3403 est,
1254 3332 1331 3390 solu·

126 3411 163 3469 tis
189 3409 402 3468 Melchisedcco
426 3406 553 3481 decimis,
574 3427 647 3484 quus
668 3409 731 3466 Deo
752 3417 864 3467 tantum
887 3417 916 3466 et
940 3408 1030 3484 ipsius
1054 3408 1196 3467 Ministris
1218 3411 1332 3470 debitas

124 3491 213 3550 fuisso
228 3498 349 3564 constat,
366 3489 440 3547 Gen.
465 3487 570 3546 xxviii.
593 3491 641 3546 22.
685 3489 731 3546 lta
755 3489 886 3546 Christus
907 3507 1013 3546 munus
1031 3488 1118 3564 longe
1146 3491 1330 3565 praestantius

125 3570 249 3629 obtinuit
264 3589 350 3646 supra
365 3565 537 3626 Leviticum.
569 3567 629 3624 Nee
644 3566 668 3624 si
678 3567 809 3626 Christus
823 3567 877 3626 fuit
891 3587 928 3625 ex
944 3567 1112 3626 Abralramo
1135 3569 1281 3645 oriundus,
1298 3581 1331 3630 ut

126 3651 207 3724 Levi,
232 3657 329 3727 potest
353 3647 410 3706 dici
435 3645 594 3704 decimatus
618 3646 733 3723 inipso,
750 3657 782 3705 ut
797 3647 878 3720 Levi,
895 3647 963 3723 quia
976 3647 1016 3705 ibi
1032 3647 1086 3706 fuit
1100 3655 1212 3706 tantum
1227 3669 1329 3709 sccun-

124 3729 192 3788 dum
207 3749 321 3788 earnem
336 3737 365 3787 et
378 3727 533 3786 humanam
547 3733 687 3798 naturam,
702 3744 761 3783 non
774 3746 844 3784 vero
856 3726 1011 3784 secundum
1027 3747 1187 3804 personam,
1203 3736 1232 3788 et
1246 3739 1329 3789 natu-

386 3825 446 3863 ram
460 3805 597 3878 divinam,
610 3825 674 3881 quae
683 3805 730 3863 hic
742 3805 883 3882 praecipue
895 3805 1078 3865 attendenda.
1100 3811 1128 3866 6.
1141 3806 1243 3881 Quoad
1261 3811 1325 3868 Uni-

387 3895 478 3960 tatem,
494 3885 562 3960 quia
577 3884 807 3943 Melchisedecus
821 3885 924 3943 urricus
942 3886 1118 3962 proponitur,
1139 3887 1188 3962 qui
1211 3905 1264 3944 nec
1278 3886 1328 3945 de·

126 3983 269 4024 cessorem
294 3963 434 4039 habuerit,
454 3983 507 4022 nce
530 3983 734 4022 successorem.
788 3964 834 4022 Ita
857 3964 988 4023 Christus
1012 3965 1114 4022 unicus
1129 3973 1172 4022 est
1186 3965 1327 4024 Sacerdos

125 4043 203 4103 Novi
217 4043 401 4117 Testamenti,
416 4043 465 4120 qui
479 4063 533 4102 nec
546 4043 680 4118 Vicariis,
696 4062 748 4101 nec
770 4044 983 4103 successoribus
998 4052 1072 4120 eget,
1088 4051 1186 4118 utpote
1201 4043 1230 4099 in
1245 4055 1326 4103 aeter-

122 4143 193 4183 num
208 4123 319 4196 vivens,
329 4119 529 4196 {sacerdotium
553 4123 663 4181 habens
680 4128 737 4182 ἄπα
753 4123 847 4190 ἄβατοι
866 4123 995 4200 opposite
1010 4122 1047 4179 ad
1061 4120 1224 4180 sacerdotes
1240 4123 1325 4181 Levi-

123 4202 291 4338 ticos,3q121i8
306 4201 375 4277 quia
396 4201 500 4259 infirmi
510 4209 591 4261 erant
605 4211 634 4261 et
648 4149 791 4278 mortales,
807 4203 904 4280 plures
919 4221 982 4260 esse
997 4199 1165 4276 debuerunt,
1183 4201 1259 4259 ch.
1275 4203 1324 4262 vii.

164 4326 237 4419 'XVi
260 4361 333 4417 Haec
345 4367 411 4417 sunt
425 4360 572 4436 potissima
594 4361 789 4419 similitudinis
803 4361 886 4420 istius
898 4359 1008 4437 Capita,
1023 4379 1088 4437 quse
1102 4357 1257 4418 ostendunt
1274 4361 1324 4419 Sa-

123 4441 282 4501 cerdotium
307 4438 511 4498 Melchisedcei
535 4459 597 4498 esse
623 4441 753 4498 Levitico
772 4441 858 4517 longe
873 4441 1064 4516 praestantius.
1108 4439 1166 4497 Sed
1181 4438 1325 4498 Pontificii

122 4529 231 4597 negant
245 4520 275 4576 in
286 4519 332 4576 lris
346 4517 484 4576 rationem
506 4519 589 4578 istius
613 4519 722 4578 ordinis
744 4539 807 4578 esse
822 4520 1060 4594 constituendam,
1076 4517 1127 4576 sed
1141 4519 1324 4596 quaerendam

123 4603 152 4659 in
177 4601 325 4679 Sacrificio
347 4599 489 4657 iumento
508 4599 595 4676 pana
616 4608 643 4657 et
665 4601 730 4674 viai,
745 4601 823 4675 quod
846 4598 981 4658 offeratur
995 4598 1123 4676 quotidie
1137 4598 1166 4656 in
1182 4597 1273 4656 Missa
1287 4600 1325 4659 ad

122 4682 213 4739 instar
226 4677 382 4738 oblationis
407 4677 610 4737 Melchisedcei
635 4697 686 4755 per
709 4678 898 4737 ministerium
926 4679 1113 4738 Sacerdotum
1133 4677 1209 4736 Novi
1224 4677 1323 4738 Testa·

138 3857 162 3904 6.
186 3861 216 3906 In
242 3861 351 3906 Uuttste.
