3150 5206
266 387 326 443 218
712 395 802 437 Locus
817 395 1017 436 nuonneruus.
1303 373 1422 454 [cussa.
1440 395 1464 434 n

309 541 434 601 XVIII.
457 541 553 615 Quum
568 537 700 597 Christus
714 545 836 596 vocatur
847 535 935 608 ἔγγυος
949 536 1080 595 Foederis
1091 535 1177 610 Novi,
1195 535 1271 593 Heb.
1284 536 1334 594 vii.
1347 539 1393 609 2⁸2,
1412 556 1466 594 non

268 620 469 698 restringenda
482 626 526 679 est
540 619 605 696 ejus
624 618 747 694 Sponsio
768 617 805 675 ad
827 618 917 676 solam
938 615 1173 693 fidejussionem
1196 635 1262 672 nam
1283 623 1466 692 praeterquam

267 702 346 780 quod
361 701 450 759 verba
465 699 549 757 Pauli
562 717 620 756 non
634 698 730 756 minus
751 697 788 754 ad
805 705 919 773 tempus
940 695 1018 754 Novi
1032 694 1209 754 Testamenti
1224 694 1393 769 referuntur,
1413 715 1467 771 quo

267 802 353 841 nemo
361 789 450 858 negat
459 799 524 839 eum
534 777 784 854 Expromissorem
794 776 883 834 hrism
895 799 902 850 ;
918 796 976 834 vox
986 775 1049 853 ipsa
1058 795 1096 833 ex
1106 794 1160 833 usu
1169 782 1285 851 recepto
1293 793 1352 832 non
1362 783 1467 833 tantum

266 862 465 939 fidejussorem
488 878 607 931 merum,
632 857 683 916 sed
705 857 792 915 etiam
814 856 1056 932 expromissorem
1083 854 1210 926 denotat,
1235 853 1329 930 Hesy.
1348 853 1465 925 Ἐγμις,

266 939 396 1018 dvalona,
413 949 442 999 nt
456 936 615 1015 ἱιῦίχισθιι
630 945 674 995 est
688 945 770 995 aetus
780 935 913 1013 proprius
927 934 1156 1012 expromissoris,
1168 933 1218 1010 qui
1232 933 1263 990 in
1277 953 1309 992 se
1323 935 1430 1011 recipit,
1442 947 1469 992 et

267 1043 351 1083 suum
362 1021 494 1098 agnoseit
500 1019 638 1089 debitum,
655 1015 765 1075 Budaeo
776 1023 858 1089 teste,
871 1015 989 1073 Martin.
998 1015 1029 1072 in
1044 1014 1117 1072 Lex.
1130 1012 1224 1070 Philo.
1233 1012 1271 1070 ad
1280 1027 1383 1072 vocem
1397 1015 1467 1085 ’mis

266 1103 386 1178 sponsio,
402 1099 585 1176 expromissio
599 1093 717 1172 dialexi.

264 1215 266 1218 -
309 1180 403 1238 XIX.
427 1181 492 1236 Non
511 1177 611 1236 eadem
627 1186 671 1234 est
685 1175 758 1234 ratio
772 1173 954 1232 victimarum
976 1173 1113 1250 legalium
1128 1181 1157 1230 et
1170 1173 1278 1246 ὶλόγυι,
1295 1181 1325 1230 et
1340 1173 1468 1232 Victimae

267 1259 394 1318 coelestis
408 1267 437 1316 et
451 1257 577 1315 divina:
601 1256 665 1314 Illis
678 1274 736 1313 non
751 1254 845 1332 potuit
865 1253 974 1330 imponi
995 1261 1100 1326 reatus,
1122 1260 1276 1328 antequam
1294 1251 1467 1325 offerrentur,

267 1340 336 1416 quia
350 1335 602 1397 translatio'fiebat
615 1353 633 1391 a
646 1333 847 1410 peccatoribus
860 1353 897 1391 ex
915 1333 969 1390 Dei
985 1332 1173 1405 ordinatione,
1185 1331 1266 1390 nullo
1278 1331 1468 1391 intercedente

267 1437 366 1477 earum
381 1435 532 1488 consensu,
548 1414 585 1472 ad
599 1412 794 1490 expiationem
808 1412 919 1489 peccati
933 1413 997 1470 sui:
1022 1411 1080 1470 Sed
1100 1411 1172 1468 nihil
1194 1409 1290 1469 obstat
1311 1411 1468 1470 translatio·

267 1517 333 1556 nem
348 1495 453 1560 factam
468 1513 531 1551 esse
547 1493 576 1550 in
592 1491 747 1566 Christum,
763 1500 917 1569 antequam
931 1501 997 1550 actu
1012 1490 1169 1565 offerretur,
1182 1510 1271 1566 quum
1285 1510 1391 1550 munus
1402 1491 1469 1549 illud

267 1583 370 1654 sponte
385 1572 544 1650 susceperit
557 1593 594 1631 ex
610 1571 666 1629 Dei
680 1571 805 1630 decreto.
848 1573 912 1630 Imo
927 1591 1043 1629 necesse
1058 1569 1113 1628 init
1127 1571 1190 1646 ejus
1211 1570 1430 1646 promissionem
1444 1581 1469 1628 et

267 1657 451 1732 sponsionem
466 1651 657 1711 voluntariam
672 1651 840 1710 antecedere
855 1651 1038 1725 oblationem,
1053 1658 1087 1707 ut
1097 1649 1206 1708 fructus
1220 1651 1285 1726 ejus
1296 1659 1426 1709 manaret
1436 1649 1468 1708 ad

265 1737 366 1795 fideles
377 1734 415 1792 V.
428 1733 461 1791 T.
477 1732 527 1809 qui
540 1753 592 1809 per
605 1731 691 1790 fidem
704 1731 759 1789 sihi
772 1729 917 1808 applicare
928 1729 1090 1788 debuerunt
1100 1729 1160 1787 vim
1175 1729 1270 1788 meriti
1285 1729 1401 1803 Christi,
1411 1730 1467 1807 jam

265 1826 327 1876 tum
342 1814 465 1874 efficacis
479 1811 516 1870 ad
531 1813 575 1871 sui
588 1811 798 1876 liberationem.

307 1896 384 1953 XX.
407 1893 489 1951 Licet
504 1893 568 1951 Lex
582 1890 789 1949 caeremonialis
805 1909 870 1948 eum
887 1887 1042 1948 Sacrifieiis
1055 1889 1086 1946 in
1106 1888 1188 1964 σχίσει
1200 1907 1252 1946 sua
1268 1888 1371 1964 Legali
1387 1888 1468 1948 fuerit

266 1977 356 2034 instar
370 1973 562 2049 chirographi,
578 1971 657 2047 quod
670 1969 828 2028 inculcavit
845 1970 894 2045 jus
908 1968 1010 2026 violati
1027 1968 1143 2026 foederis
1158 1971 1303 2044 Operum3
1326 1988 1386 2026 non
1407 1969 1469 2026 ideo

266 2063 362 2113 tamen
376 2052 544 2129 importavit
560 2051 748 2127 Sponsionem
762 2048 869 2107 Christi
879 2047 966 2107 fuisse
980 2066 1088 2105 meram
1099 2047 1324 2125 fidejussionem,
1334 2056 1364 2105 et
1372 2047 1469 2106 fideles

265 2153 379 2192 inanere
395 2131 489 2190 adhuc
499 2130 643 2207 obligatos
658 2130 711 2187 sub
726 2135 806 2186 reatu
818 2149 824 2204 ;
841 2128 916 2202 Quia
929 2127 960 2184 in
970 2127 1049 2203 σχίσει
1063 2147 1114 2185 sna
1129 2126 1316 2203 Euangeliou,
1327 2134 1468 2203 quatenus

262 2222 324 2272 erat
338 2221 426 2289 typus
441 2210 557 2286 Christi,
573 2207 764 2267 adumbrabat
778 2207 977 2267 liberationem
992 2227 1009 2266 a
1022 2216 1113 2280 reatu,
1132 2215 1161 2266 et
1178 2204 1417 2282 justificationem
1439 2209 1465 2264 in

267 2293 381 2352 Christo
398 2291 542 2367 Sponsore
558 2289 664 2347 datam.
701 2287 787 2347 Unde
799 2287 985 2346 Circumcisio
1001 2286 1106 2345 dicitur
1120 2285 1248 2362 sigillum
1259 2285 1383 2363 justitiae
1393 2286 1467 2360 fidei,

266 2373 352 2430 Rom.
367 2371 406 2430 iv.
424 2374 470 2442 ll,
486 2379 515 2427 et
531 2370 617 2426 Petra
631 2367 771 2439 Christus,
793 2369 807 2422 l
825 2367 889 2426 Cor.
904 2387 934 2423 x.
950 2369 978 2424 4.
1021 2365 1076 2440 Qui
1098 2366 1180 2442 plura
1194 2365 1318 2424 voluerit
1339 2367 1469 2424 consulat

267 2451 395 2510 Celeber.
411 2451 610 2508 Leideclcernm
626 2446 807 2521 Theologum
830 2453 859 2503 et
878 2445 1073 2504 I'rofessorem
1090 2445 1322 2521 Ultrajectinum,
1345 2445 1396 2521 qui
1416 2445 1469 2504 hoc

264 2539 466 2608 argumentum
481 2528 544 2586 fuse
559 2535 588 2585 et
603 2525 694 2584 solide
709 2525 870 2601 exequitur,
888 2525 952 2583 Lib.
968 2526 997 2583 ii.
1019 2527 1066 2584 Vis
1080 2525 1212 2598 ueritatis,
1229 2525 1312 2583 Cont.
1331 2528 1356 2582 l.
1369 2533 1398 2583 et
1412 2530 1441 2583 2.
1549 2574 1550 2585 ,

737 2763 932 2839 QUAESTIO
953 2763 995 2821 x.

599 2944 638 2982 DE
654 2943 747 2984 S'l'h'l'U
763 2942 884 2982 Parnon
899 2941 953 2982 SUB
968 2941 1035 2982 VET.
1050 2941 1131 2982 TEST·

265 3093 311 3150 An
327 3093 428 3150 Patres
442 3089 491 3147 sub
511 3088 569 3145 Vet.
587 3087 658 3144 Test.
674 3085 730 3144 diei
746 3084 855 3161 possint
865 3083 959 3157 fuisse
972 3084 1064 3140 adhue
1083 3081 1192 3140 anchira
1207 3082 1272 3153 Dei,
1292 3091 1319 3139 et
1339 3085 1468 3141 catalectic-

305 3172 377 3229 tione
398 3169 490 3243 Lepis,
514 3175 539 3223 et
554 3167 743 3240 permansisse
764 3166 792 3222 in
813 3172 895 3222 reatu
911 3164 1029 3238 peceati,
1052 3181 1137 3237 usque
1151 3163 1192 3219 ad
1210 3169 1327 3218 mortem
1343 3161 1468 3234 Chmlsti5

304 3251 367 3306 Nec
375 3247 501 3305 nabutae
511 3250 605 3318 nosen,
615 3265 662 3302 seu
672 3247 789 3318 plenam
801 3252 827 3300 et
835 3243 956 3318 proprie
967 3243 1069 3300 distem
1080 3241 1268 3300 remissionem
1277 3250 1467 3316 peccatorum,

304 3329 355 3383 secl
367 3335 474 3382 tantum
488 3324 608 3402 erigens?
651 3323 687 3378 l).

306 3481 331 3536 Ι.
354 3479 396 3538 Ut
410 3477 575 3555 praecedens
590 3476 718 3552 Quaestio
732 3475 768 3532 de
785 3476 929 3552 Sponsore
944 3475 1075 3536 Foederis
1090 3478 1199 3537 Gratiae
1214 3479 1268 3536 sub
1283 3479 1384 3537 Veteri
1400 3480 1467 3538 Tes-

263 3567 391 3618 tamento
416 3565 484 3614 nata
497 3564 541 3614 est
555 3575 592 3614 ex
613 3555 763 3614 occasione
777 3553 935 3632 praesentis,
956 3575 1020 3632 qnae
1034 3566 1166 3616 versatur
1186 3557 1262 3616 circa
1284 3558 1399 3616 Statum
1415 3560 1468 3618 Pa·

263 3648 340 3697 trum
362 3636 416 3700 snb
431 3635 533 3692 Veteri
553 3636 747 3709 Testamento,
770 3653 829 3694 non
849 3653 949 3712 parurn
972 3635 1059 3694 etiam
1080 3637 1208 3695 conferet
1229 3639 1292 3715 ejus
1306 3637 1415 3697 decisio
1429 3639 1464 3696 ad

263 3717 348 3776 istius
362 3714 592 3775 elucidationem.

565 3793 608 3852 II.
628 3793 673 3851 Ne
687 3801 782 3852 autem
798 3793 962 3853 aberremus
976 3815 993 3852 a
1009 3795 1093 3854 Statu
1107 3796 1290 3872 Quaestionis,
1301 3805 1330 3855 et
1344 3817 1363 3854 a
1377 3797 1467 3856 Nobis

295 3859 470 3966 ⁸i¹¹it¹i¹gniss¹f⁸³³¹
525 3873 572 3932 hic
587 3882 729 3951 peccetur,
744 3874 792 3931 vel
807 3874 836 3931 in
851 3877 959 3949 deffectu
972 3875 1058 3933 nimis
1078 3874 1266 3951 deprimendo
1289 3897 1388 3935 eorum
1409 3877 1465 3953 pri-

525 3953 641 4031 vilegia,
657 3953 705 4011 vel
725 3953 755 4010 in
776 3973 889 4012 excessu
911 3953 996 4012 nimis
1017 3973 1052 4012 ea
1071 3955 1247 4029 extollendo,
1269 3963 1301 4014 ut
1323 3975 1381 4014 non
1404 3975 1465 4013 raro

261 4033 325 4092 fieri
339 4034 421 4110 solet,
442 4031 672 4108 Observandum,
690 4036 716 4090 l.
733 4033 798 4090 Non
813 4034 903 4110 quaeri
918 4034 962 4092 De
976 4033 1081 4092 actuah
1091 4035 1290 4111 impetratione
1299 4035 1464 4094 reconcilia·

263 4114 350 4172 tionis
373 4121 402 4172 et
425 4113 603 4172 remissionis
627 4120 809 4189 peccatorum
833 4133 885 4190 per
907 4113 1077 4171 solutionem
1093 4110 1183 4193 ningen
1198 4113 1301 4173 factam
1322 4114 1353 4171 in
1374 4121 1464 4172 morto

263 4193 380 4252 Christi.
422 4193 543 4252 Constat
566 4193 643 4251 enim
667 4191 801 4268 utrinqne
824 4212 887 4250 earn
912 4191 1028 4251 demum
1052 4192 1114 4250 fieri
1137 4194 1281 4268 debuisse,
1305 4202 1335 4251 et
1359 4192 1463 4268 saetam

262 4272 350 4331 fuisse
365 4271 419 4330 sub
440 4271 476 4329 N.
492 4272 525 4330 T.
547 4273 577 4331 in
599 4292 662 4331 com
682 4272 808 4330 lemento
823 4279 992 4348 temporum.
1037 4271 1094 4330 Sed
1109 4271 1144 4330 de
1159 4272 1349 4349 applicatione
1365 4271 1463 4331 morali

261 4351 414 4411 solutionis
428 4350 512 4410 istius
526 4292 696 4428 praestandis
709 4358 837 4427 tempore
861 4371 879 4408 a
893 4351 956 4409 Deo
978 4351 1147 4427 prestituto,
1163 4351 1194 4408 in
1214 4352 1382 4410 remissione
1396 4370 1464 4409 vera
1550 4417 1551 4428 ἶ

260 4440 291 4490 et
304 4431 389 4507 plena
403 4432 531 4491 omnium
545 4440 728 4509 peccatorum
741 4429 880 4504 fidelium,
895 4429 936 4487 ita
957 4438 990 4487 ut
1010 4429 1138 4489 debitum
1161 4432 1197 4489 ab
1218 4431 1289 4507 ipsis
1310 4432 1391 4508 exigi
1404 4450 1461 4488 am·
1550 4447 1551 4494 t

260 4511 336 4588 plius
350 4529 406 4567 non
422 4511 555 4587 potuerit.

301 4589 361 4646 III.
383 4593 411 4647 2.
427 4589 492 4647 Non
502 4591 591 4666 quaeri
606 4591 649 4648 Do
661 4590 766 4647 virtute
779 4598 807 4648 et
818 4587 944 4647 efficacia
954 4588 1042 4665 Legis
1051 4588 1080 4646 in
1093 4609 1123 4647 se
1136 4597 1278 4666 spectatae,
1292 4589 1388 4666 quoad
1399 4591 1459 4666 jus·

257 4668 452 4741 tifieationem,
470 4669 517 4726 An
534 4669 664 4728 remissio
681 4669 815 4728 Patribus
831 4667 967 4744 obtigerit
981 4689 1032 4745 per
1046 4667 1178 4726 victimae
1193 4669 1302 4745 legales
1317 4677 1459 4745 spectatas
