3150 5206
157 356 273 408 eumer.
289 335 337 419 ιι]
527 357 566 397 oe
581 357 714 400 ransom
729 359 766 401 er
781 359 876 400 sraru
890 359 1016 402 cumam.
1314 347 1373 404 263

157 521 288 579 corpora,
299 499 352 559 sed
362 498 474 558 animos
488 499 518 558 in
533 501 710 579 triumphum
724 502 829 561 ducere
845 503 908 561 Deo
923 511 952 562 et
964 502 1078 562 Christo
1089 501 1209 580 dignum
1221 503 1371 580 putabant.

159 582 191 641 Si
204 583 267 640 vim
290 580 500 656 adhibuissent,
527 581 552 640 si
575 583 662 640 armis
676 591 727 641 aut
747 583 921 660 legionibus,
937 584 962 642 si
987 583 1065 642 caede
1085 590 1136 642 aut
1156 584 1297 660 sanguiue
1313 586 1370 645 Re·

155 663 296 740 ligionem
321 661 484 720 voluissent
507 660 636 739 fundare,
653 663 798 740 quomodo
822 664 962 741 impostor
983 663 1166 722 Mahumetes
1186 665 1370 740 tyrannidem

155 763 239 802 suam
254 741 349 802 erexit
365 749 395 800 et
409 749 569 817 conservat,
586 762 645 802 non
664 744 769 802 mirum
783 743 876 802 videri
898 743 1024 819 deberet,
1040 745 1065 802 si
1079 744 1141 802 voti
1162 753 1309 822 compotes
1324 754 1369 805 ut·

155 843 272 901 cunque
286 822 356 882 iacti
367 821 509 882 luissent:
526 823 584 882 Sed
598 831 740 883 arrnatum
754 832 847 884 totum
858 823 957 883 orbem
972 825 1008 883 ab
1020 825 1186 899 inermibus,
1199 835 1228 884 et
1238 825 1368 901 infirmis,

154 905 295 982 nullaque
310 903 440 981 potentia
453 903 502 960 vel
516 903 669 962 autoritate
683 905 841 978 instructis,
858 905 920 964 sola
933 905 1120 982 persuasione
1132 905 1237 982 subigi,
1255 905 1286 964 id
1300 927 1370 966 vero

155 993 186 1042 et
201 983 353 1059 Authoris,
370 991 399 1041 et
413 981 560 1058 doctrinae,
576 1003 634 1060 qua
648 983 679 1041 id
692 984 733 1061 fit,
749 985 933 1043 divinitatem
947 985 1099 1044 manifeste
1113 987 1219 1062 arguit.
1243 986 1369 1046 Diabolo

153 1065 233 1122 enim
242 1064 322 1124 istud
336 1082 409 1140 opus
424 1063 549 1122 tribuere
558 1065 629 1141 quid
638 1073 714 1124 esset
723 1085 809 1142 quam
819 1065 975 1125 Diabolum
984 1066 1060 1125 velle
1071 1067 1179 1143 proprii
1190 1067 1272 1126 exitii
1286 1073 1369 1126 auto·

154 1163 304 1219 temesae,
321 1144 394 1204 etin
409 1143 453 1202 sui
467 1144 549 1220 regni
564 1144 709 1203 excidium
724 1146 912 1222 conspirare?
932 1146 1010 1223 quod
1023 1165 1108 1204 nemo
1123 1165 1211 1205 sanus
1225 1147 1341 1206 dixerit.

196 1225 324 1284 XXVI.
347 1223 432 1298 Quod
453 1224 478 1282 si
493 1233 603 1282 certum
617 1224 672 1284 fuit
696 1226 828 1284 veritatis
856 1225 973 1285 Moesiae
998 1235 1199 1304 argumentum
1217 1227 1368 1288 Conversio

153 1307 263 1382 mundi,
279 1314 308 1365 et
321 1303 530 1364 Christianismi
544 1306 689 1381 fiandotio,
719 1306 794 1364 inter
820 1315 864 1366 tot
892 1306 1042 1366 obstacula
1056 1307 1278 1384 intercedentia;
1301 1309 1368 1367 Non

153 1387 253 1444 minus
268 1386 376 1444 clarum
389 1393 434 1443 est
448 1385 578 1461 ejusdem
593 1385 725 1445 veritatis
738 1386 945 1463 testimonium,
961 1389 1025 1465 ejus
1052 1387 1233 1446 Concor-catio
1248 1397 1278 1447 et
1291 1390 1367 1448 Pro·

148 1465 282 1543 perpetio,
295 1465 365 1524 dum
376 1472 446 1523 etot
460 1465 574 1540 seculis,
589 1485 648 1524 non
658 1467 745 1525 modo
760 1487 818 1525 non
832 1466 945 1527 deletus
956 1478 1008 1541 est,
1023 1467 1092 1526 lieet
1106 1468 1178 1526 nihil
1188 1468 1367 1528 intentatum

153 1547 306 1623 reliquerit
321 1545 411 1605 Satan
425 1553 454 1604 et
470 1546 599 1604 Mundus
613 1547 651 1604 ad
665 1547 747 1606 illurn
767 1546 897 1607 funditus
912 1547 1108 1622 evertendum,
1125 1548 1176 1606 sed
1190 1549 1284 1624 inagis
1299 1569 1366 1607 con-

153 1627 289 1686 firmatus
302 1635 347 1686 est
361 1633 390 1684 et
404 1633 516 1701 auctus,
532 1635 562 1685 et
576 1627 693 1685 altiores
721 1646 833 1704 semper
860 1627 972 1686 radices
1000 1627 1080 1703 egit:
1103 1628 1174 1685 Cum
1189 1638 1287 1686 tamen
1302 1629 1367 1686 aliae

153 1706 326 1784 Religionee
341 1715 370 1765 et
386 1705 488 1780 Seotae,
505 1727 569 1784 quae
579 1707 753 1766 authoritate
770 1707 945 1784 Principum,
957 1715 987 1765 et
998 1706 1158 1766 subtilitate
1174 1706 1365 1784 Philosopho-

151 1807 229 1863 rum,
245 1785 456 1864 aceloquentia
470 1787 622 1846 Oratorum
646 1786 890 1862 sustentabantur,
913 1786 1031 1845 tandem
1054 1787 1113 1844 sint
1126 1787 1251 1846 abolitae.
1294 1788 1366 1862 Quis

152 1888 214 1926 non
225 1867 338 1944 judicet
352 1885 424 1944 opus
438 1886 496 1924 non
511 1887 574 1926 csse
587 1869 755 1942 humanum,
780 1867 831 1926 sed
846 1867 976 1924 divinum
989 1889 996 1944 ;
1018 1876 1104 1943 atque
1129 1865 1201 1926 adeo
1224 1867 1288 1945 ejus
1302 1869 1365 1928 Au-

151 1949 269 2007 tborem
283 1966 385 2007 revera
398 1945 486 2006 fuisse
501 1948 580 2024 quod
593 1947 789 2026 profitebatur,
806 1947 952 2006 Christum
965 1947 1107 2006 Domini?

151 2043 251 2093 Quarta
259 2041 414 2088 Demonstra-
468 2027 611 2086 XXVII.
639 2027 748 2102 Quarta
763 2027 977 2087 Demonstratio
988 2027 1103 2086 ducitur
1116 2027 1154 2085 ab
1164 2027 1322 2086 Absterdt's:
1338 2031 1365 2088 1.

182 2104 220 2147 tto
236 2103 401 2148 obseruatis.
425 2107 455 2166 Si
478 2107 568 2168 Jesus
590 2128 649 2168 non
677 2108 779 2168 luisset
802 2109 943 2183 Christus,
971 2108 1088 2185 qualem
1110 2127 1141 2166 se
1169 2107 1364 2185 profitebatur,

150 2207 304 2266 nunquam
337 2207 485 2264 emergere
519 2189 661 2265 potuisset
689 2190 753 2266 ejus
786 2209 892 2247 nomen
913 2197 943 2247 et
965 2188 1097 2248 doctrina
1115 2188 1192 2247 inter
1213 2189 1311 2266 Reges
1336 2198 1366 2248 et

151 2269 314 2346 Principes,
335 2269 386 2344 qui
408 2267 548 2328 suffocare
569 2289 632 2327 eam
654 2270 827 2344 nitebantur,
851 2269 902 2328 sed
923 2269 1037 2347 sepulta
1052 2268 1155 2328 fuisset
1175 2268 1239 2346 ejus
1260 2268 1362 2347 gloria,

151 2369 221 2407 curn
235 2347 401 2407 nominibus
415 2348 546 2424 aliorum,
562 2349 611 2427 qui
628 2349 865 2409 Pseudo-Christi
884 2349 1008 2424 luerunt,
1024 2349 1150 2408 maxime
1165 2369 1231 2408 cum
1245 2369 1300 2408 nec
1313 2370 1363 2427 po-

151 2428 246 2488 tentia
260 2449 294 2488 ac
319 2429 493 2488 authoritate
513 2429 622 2505 mundi,
645 2450 698 2490 neo
718 2430 860 2508 sapientia
880 2430 970 2489 seculi
994 2430 1153 2489 fulciretur.
1176 2435 1203 2488 2.
1227 2429 1260 2490 Si
1272 2430 1364 2490 Jesue

152 2529 215 2568 non
228 2509 282 2568 fuit
297 2509 437 2586 Christus,
454 2510 582 2569 omnium
596 2511 646 2588 qui
660 2511 806 2586 vixerunt,
823 2510 899 2569 absit
920 2510 1101 2588 blasphemia
1111 2510 1201 2586 dicto,
1217 2517 1364 2570 contume-

151 2589 328 2649 liosissimae
342 2588 405 2664 fuit,
421 2591 471 2666 qui
485 2591 571 2649 toties
585 2610 620 2648 ea
634 2590 670 2650 de
686 2592 758 2668 Deo,
775 2589 810 2650 de
826 2611 865 2667 se,
887 2591 923 2649 de
940 2591 1033 2665 nohis,
1050 2611 1114 2669 quae
1128 2588 1283 2649 falsissima
1298 2599 1365 2652 sunt

152 2671 287 2746 asseruit,
303 2679 333 2728 et
343 2670 510 2747 juramento
525 2671 611 2729 etiam
626 2671 816 2745 confirmavit,
832 2691 890 2749 quo
904 2671 1055 2729 mendacio
1074 2671 1186 2728 nullum
1204 2671 1300 2747 majus
1314 2680 1365 2730 aut

151 2750 347 2829 periculosius
361 2750 424 2808 dari
438 2759 543 2828 potest.
585 2750 628 2810 At
638 2751 668 2808 in
683 2751 815 2810 confesso
830 2759 883 2826 est,
898 2750 1055 2809 latentibus
1067 2749 1137 2827 ipsis
1151 2749 1172 2808 J
1175 2749 1274 2826 udaeis,
1290 2751 1363 2808 Eth-

151 2831 238 2907 nicis,
259 2839 288 2892 et
303 2829 534 2907 Mahumedanis,
557 2851 697 2890 summam
718 2832 787 2892 ritae
808 2831 962 2909 puritatem
984 2830 1165 2907 conjunctam
1188 2848 1254 2886 cum
1275 2829 1364 2888 animi

152 2911 321 2989 integritate
335 2910 365 2968 in
381 2931 415 2969 eo
434 2911 559 2986 fulsisse,
574 2932 639 2989 quae
654 2911 783 2989 ejusdem
808 2910 1000 2988 suspicionem
1025 2909 1110 2986 plane
1124 2907 1239 2966 tollunt.
1271 2912 1299 2968 3.
1332 2909 1363 2968 Si

151 2993 176 3051 J
177 3012 246 3050 esus
260 3011 318 3050 non
332 2989 387 3049 fuit
400 2991 507 3050 missus
521 3011 538 3050 a
553 2993 625 3066 Deo,
643 2993 723 3050 Deus
748 2991 849 3068 glorias
862 3010 922 3048 sua
944 2989 1054 3046 vindex
1069 2987 1233 3063 acerrimus,
1249 2987 1297 3046 vel
1312 3008 1364 3065 per

154 3072 330 3149 Prophetam
345 3070 401 3129 boo
411 3072 602 3148 praedixisset,
617 3080 678 3131 uta
692 3071 744 3130 tali
758 3071 917 3148 impostura
926 3068 1058 3127 homines
1072 3075 1216 3144 caverent,
1229 3068 1277 3126 vel
1292 3068 1362 3127 Pro-

150 3153 250 3230 phctis
264 3151 398 3211 excitatis
413 3153 599 3229 coarguisset,
614 3151 663 3210 vel
672 3150 758 3210 rebus
769 3150 840 3228 ipsis
850 3157 880 3208 et
889 3155 1051 3226 temporum
1070 3147 1194 3206 decursu
1216 3167 1361 3207 common·

150 3241 281 3308 strasset,
297 3231 377 3309 quod
391 3230 505 3292 dicebat
520 3231 672 3308 Gamaliel,
688 3231 722 3290 si
734 3250 804 3307 opus
817 3250 873 3290 non
888 3238 928 3288 cet
937 3250 956 3287 a
970 3231 1043 3303 Deo,
1060 3230 1227 3286 destrueter.
1256 3228 1300 3287 At
1313 3249 1357 3288 se-

151 3313 285 3373 culorum
306 3313 438 3387 decursu,
460 3333 519 3371 non
539 3311 626 3372 modo
647 3330 706 3371 non
727 3311 857 3370 extincta
877 3319 922 3370 est
942 3317 971 3369 et
993 3309 1088 3367 deleta
1109 3307 1172 3385 ejus
1196 3307 1280 3385 ieme,
1310 3309 1363 3370 sed

149 3394 246 3453 crevit
260 3402 290 3454 et
302 3400 395 3452 totum
419 3392 518 3452 orbem
539 3393 664 3471 replevit
691 3393 755 3470 ejus
769 3391 909 3464 doctrina,
933 3398 968 3449 ut
981 3409 997 3448 e
1011 3390 1090 3448 fonte
1109 3387 1262 3466 prosiliens
1276 3409 1360 3468 equa,

150 3473 226 3532 rivis
240 3472 461 3548 confluentibus,
472 3493 537 3550 quaa
551 3481 618 3532 ante
631 3473 707 3532 telos
717 3480 829 3532 tautum
843 3471 1036 3550 pertingebat,
1048 3469 1085 3529 ad
1099 3489 1196 3548 genua
1209 3470 1360 3548 attollitur,

149 3561 182 3614 et
194 3561 297 3632 pectus
311 3560 454 3630 caputque
465 3554 548 3630 tegit.

184 3647 352 3696 Formosam.
435 3633 595 3692 XXVIII.
617 3633 712 3710 Quum
727 3632 859 3693 Christus
878 3633 919 3692 ait
933 3653 964 3692 se
977 3651 1037 3691 non
1054 3630 1170 3692 venisse
1180 3651 1280 3708 pacem
1294 3631 1360 3692 mit-

216 3708 322 3756 tionum.
393 3721 454 3773 tere
474 3715 631 3788 interram,
653 3714 704 3773 sed
722 3713 860 3791 gladium,
876 3713 983 3773 Matth.
998 3733 1028 3771 x.
1043 3715 1091 3785 34,
1109 3713 1218 3772 Sensus
1236 3732 1295 3771 non
1316 3721 1361 3772 est

151 3794 301 3854 Christum
310 3796 371 3856 fore
380 3815 497 3856 causam
506 3795 576 3854 belli
586 3794 755 3854 efficientem
765 3814 816 3872 per
824 3813 863 3870 se,
872 3793 923 3852 sed
933 3811 985 3872 per
993 3792 1127 3852 accidens
1135 3801 1252 3870 propter
1259 3792 1361 3851 mundi

148 3875 300 3950 malitiam,
311 3877 362 3954 qui
372 3895 429 3936 nou
439 3875 534 3935 serens
543 3875 736 3952 Evangelium
746 3874 871 3934 debebat
879 3874 923 3932 illi
931 3874 1074 3949 resistere,
1086 3880 1116 3930 ot
1129 3872 1207 3930 bella
1220 3870 1361 3932 adversus

149 3955 216 4034 ejus
229 3957 407 4034 professores
418 3956 554 4016 excitare.
596 3954 679 4030 Quod
694 3975 752 4013 non
776 3955 930 4032 opponitur
954 3954 1032 4027 Paci,
1048 3971 1135 4028 quam
1150 3950 1274 4008 Messias
1289 3949 1359 4008 alla-

149 4047 235 4096 turus
247 4037 304 4097 fuit
317 4037 348 4095 in
358 4036 498 4097 mundum
510 4056 548 4095 ex
560 4035 691 4096 Oraculis
706 4035 895 4112 Propheticis,
911 4035 969 4094 Isa
983 4034 1014 4092 ii.
1030 4035 1058 4105 4,
1074 4040 1103 4089 et
1117 4029 1159 4090 xi.
1174 4031 1202 4104 6,
1215 4033 1243 4104 7,
1266 4029 1358 4090 Mioh.

148 4118 190 4177 iv.
207 4120 225 4178 3
237 4140 245 4193 ;
270 4121 296 4176 l.
312 4117 381 4196 quia
394 4137 453 4196 pax
467 4133 526 4175 nou
540 4124 585 4176 est
595 4115 749 4190 mundana,
765 4115 817 4174 sed
831 4115 954 4192 mystica
968 4122 997 4173 et
1011 4109 1153 4178 coelestis;
1176 4113 1204 4167 2.
1219 4127 1277 4166 non
1291 4129 1358 4168 cunr

147 4197 259 4258 mundo
273 4199 437 4276 impiorum,
453 4205 482 4258 et
493 4197 601 4256 semine
615 4196 772 4274 Serpentis,
787 4215 853 4254 cum
868 4215 925 4272 quo
939 4193 1048 4252 bellum
1059 4186 1355 4264 imaviordehetease,

150 4279 227 4338 Gen.
243 4279 284 4338 iii.
302 4281 349 4354 15,
362 4279 415 4338 aed
429 4297 494 4337 cum
508 4277 643 4336 fidelibus
653 4276 729 4335 inter
743 4295 782 4352 se,
805 4275 856 4352 qui
870 4275 972 4353 positis
995 4271 1069 4331 odiis
1091 4278 1121 4329 et
1134 4267 1293 4328 inimicitiis
1307 4267 1357 4328 de·

148 4359 276 4418 buerunt
291 4359 321 4417 in
333 4359 449 4418 Christo
462 4357 642 4416 reconciliari
656 4365 685 4415 et
702 4375 791 4415 unum
805 4355 887 4432 fieri;
910 4357 938 4413 3.
950 4355 976 4412 si
988 4351 1066 4411 bella
1083 4349 1160 4409 inter
1178 4347 1358 4410 Christianos

147 4438 295 4514 videntur,
311 4440 368 4498 hoc
378 4455 438 4496 non
452 4438 542 4497 oritur
562 4457 599 4496 ex
611 4435 741 4496 doctrina
752 4435 868 4511 Christi,
883 4434 935 4493 sed
949 4455 985 4492 ex
1000 4431 1072 4490 vitio
1082 4429 1241 4488 bominum.

189 4519 323 4578 XXIX.
346 4519 512 4578 Dastruotio
527 4516 712 4591 Idololatriae,
724 4537 789 4594 quae
802 4514 967 4593 predicitur
976 4512 1073 4572 futura
1085 4517 1214 4588 tempore
1228 4507 1355 4582 Moesiae,

144 4620 208 4660 non
219 4599 322 4660 debuit
335 4599 399 4658 fieri
408 4617 467 4658 uno
488 4606 642 4674 momento,
666 4597 718 4657 sed
731 4598 879 4676 paulatim,
908 4601 938 4654 et
959 4611 1012 4672 per
1034 4589 1132 4650 varios
1145 4588 1262 4668 gradus,
1276 4588 1357 4664 quod

145 4681 236 4742 etiam
252 4678 411 4757 contigisse
426 4678 588 4739 corruimus:
612 4681 638 4738 1.
653 4677 722 4756 quia
736 4677 852 4755 Religio
877 4674 983 4736 Christi
1005 4677 1103 4751 aperte
1126 4691 1161 4731 ac
1175 4690 1212 4731 ex
1226 4667 1356 4748 professo
