3202 5194
200 303 262 362 144
645 317 736 362 nonus
751 315 931 360 uunumuus.
1187 291 1316 375 [ounsn.
1332 314 1406 356 xxv.

203 462 222 493 “
233 479 291 518 non
306 457 402 518 omnia
419 455 569 518 hominum
587 459 665 518 mala
677 459 818 519 fallaciter
831 457 953 536 agendo,
974 455 1028 516 scd
1041 455 1162 515 aliorum
1180 457 1306 514 omnium
1322 457 1405 515 malis

202 540 344 614 omnibus,
365 548 502 615 tanquam
518 539 542 596 si
567 559 619 598 sua
633 550 737 617 essent,
760 538 954 598 misericordis
974 537 1124 596 medicina
1138 536 1318 614 diligentiam
1339 556 1404 614 pro-

202 619 360 694 curando,''
376 628 409 677 ut
423 619 463 677 sit
477 618 671 696 Augustinus.

244 699 339 756 XIX.
362 697 455 756 Aliud
468 707 513 757 est
527 699 589 757 dari
603 709 739 758 externos
753 698 865 776 aliquos
882 697 955 757 ritus
968 697 999 756 in
1014 696 1154 771 Ecclesia,
1170 695 1263 754 Aliud
1277 716 1346 755 vero
1360 715 1405 755 ra-

202 779 294 840 tinerc
316 779 425 856 Legem
447 779 684 837 caeremonialem.
718 779 804 838 Ritus
824 778 938 838 externi
959 785 1026 837 sunt
1046 777 1202 836 necessarii
1222 776 1253 833 in
1274 776 1408 835 Ecclesia

202 859 273 919 boni
287 858 395 917 ordinis
410 877 504 933 causa,
515 859 583 935 quia
597 859 693 917 omnia
706 859 827 918 honeste
841 868 870 917 et
879 857 1015 917 decenter
1027 857 1057 915 in
1072 877 1106 915 ea
1114 857 1177 914 lieri
1186 855 1300 931 debent,
1313 859 1328 913 1
1341 856 1406 916 Gor.

203 941 266 998 xiv.
281 941 339 1014 403
363 937 415 996 sed
434 938 521 1014 longe
541 938 677 998 differunt
700 959 718 996 a
733 938 812 1014 Lege
835 937 1035 1012 ceremoniali,
1058 937 1127 1014 quia
1147 937 1203 994 ista
1224 935 1407 1013 significahat
1480 943 1482 946 ’

204 1019 351 1078 Christum
365 1025 527 1093 venturum,
550 1018 599 1077 isti
623 1037 814 1095 nequaquam.
856 1018 913 1075 Illa
925 1017 981 1076 fuit
1001 1037 1068 1094 pars
1087 1016 1182 1075 cultus
1196 1015 1289 1073 divini
1307 1036 1406 1074 neces-

204 1099 279 1158 saria
291 1121 297 1174 ;
322 1097 376 1156 Isti
390 1105 457 1156 sunt
468 1105 579 1156 tantum
590 1098 765 1156 adminicula
775 1105 805 1156 et
815 1097 952 1175 adjuncta
963 1096 1066 1156 cultus.
1098 1097 1134 1154 In
1142 1096 1248 1173 quibus
1259 1097 1407 1154 cautiones

203 1179 267 1238 istae
282 1197 394 1256 semper
408 1177 605 1236 observanda.
649 1181 676 1236 l.
698 1177 742 1235 Ne
757 1177 829 1236 ritus
840 1177 893 1235 ulli
903 1177 1125 1254 praescribantur
1134 1196 1200 1234 cum
1212 1175 1345 1252 opinione
1357 1195 1406 1234 ne-

205 1258 349 1318 cessitatis
363 1265 393 1316 et
405 1256 509 1316 meriti.
552 1261 580 1316 2.
603 1257 647 1316 Ne
661 1277 759 1334 parem
774 1256 981 1335 obligationem
1002 1256 1184 1315 conscientiae
1200 1257 1326 1316 habeant
1340 1277 1407 1316 cum

203 1337 319 1415 legibus
333 1336 448 1410 divinis,
471 1337 554 1413 quasi
574 1346 670 1397 reatus
687 1337 860 1396 damnabilis
879 1337 1042 1395 incurratur
1055 1357 1092 1394 ax
1106 1336 1221 1395 illorum
1234 1355 1406 1413 quacunque

204 1418 369 1492 violatione,
395 1415 464 1476 licet
487 1417 517 1474 id
541 1417 653 1475 accidat
677 1417 785 1494 absque
809 1425 976 1494 contemptu
996 1416 1198 1493 praecipientis,
1221 1424 1249 1474 et
1270 1416 1406 1474 scandalo

205 1498 336 1556 aliorum.
380 1499 408 1555 3.
430 1496 474 1555 Ne
489 1496 530 1554 sie
544 1496 772 1574 multiplicentur
785 1497 858 1554 ritus
872 1495 930 1570 isti,
945 1503 978 1554 ut
991 1495 1058 1554 inde
1073 1497 1172 1554 servili
1187 1497 1260 1574 jugo
1274 1515 1405 1573 preman-

203 1587 250 1638 tur
264 1575 428 1651 Christiani,
444 1585 473 1634 et
487 1576 569 1652 quasi
583 1577 613 1633 in
628 1577 797 1635 servitutem
811 1575 832 1635 J
834 1575 967 1634 udaicam
982 1575 1165 1634 reducantur.

246 1656 324 1714 XX.
348 1655 522 1714 Constitutio
537 1655 716 1733 Apostoliea,
732 1657 800 1714 Act.
815 1675 867 1715 xv.
882 1657 930 1730 20,
943 1655 979 1714 de
993 1654 1168 1715 abstinentia
1185 1676 1204 1714 a
1224 1654 1362 1715 suffocato
1377 1664 1407 1715 11

206 1736 355 1815 sanguine,
371 1754 430 1793 non
445 1735 499 1793 fuit
517 1735 593 1812 juris
614 1735 754 1813 perpetui,
770 1734 822 1794 sed
844 1735 1029 1812 temporarii:
1051 1736 1196 1813 probatur,
1221 1740 1247 1794 1.
1263 1736 1291 1793 A
1305 1737 1366 1816 fine
1380 1745 1408 1794 et

204 1837 296 1894 scopo,
312 1815 362 1893 qui
376 1815 431 1874 fuit
444 1833 532 1874 causa
545 1815 743 1888 institutionis,
755 1815 805 1893 qui
819 1813 874 1874 tuit
887 1815 1084 1893 temporariae,
1100 1836 1158 1894 pax
1172 1817 1240 1874 nim.
1257 1817 1405 1892 Ecclesiae,

206 1917 258 1976 per
272 1896 453 1956 tolerantiam
467 1895 645 1956 infirmorum
659 1916 697 1955 ex
715 1895 838 1969 Judaeis,
860 1895 911 1972 qui
931 1896 1110 1954 caeremoniis
1130 1895 1247 1970 assueti,
1268 1897 1407 1974 paulatim

207 1977 369 2037 debuerunt
383 1976 419 2035 ab
434 1975 469 2034 iis
484 1976 618 2050 avocari,
641 1980 669 2034 2.
686 1976 733 2033 Ex
747 1977 829 2033 modo
851 1975 1003 2050 dacaaionis,
1019 1995 1077 2054 quo
1092 1984 1120 2034 st
1134 1975 1279 2035 Gentibus
1300 1976 1407 2054 gratifi-

208 2066 317 2132 cantur,
334 2053 512 2114 absolvendo
526 2073 575 2112 eas
589 2075 607 2112 a
621 2056 798 2114 caeremoniis
813 2055 910 2132 Legis,
926 2063 955 2113 et
968 2054 990 2114 J
992 2055 1083 2114 udaeis
1103 2055 1267 2114 satisfacere
1282 2057 1406 2131 student,

207 2136 348 2214 quasdam
372 2134 557 2193 caeremonias
576 2134 720 2194 Gentibus
744 2135 925 2212 imperantes,
951 2143 984 2193 ut
1007 2135 1168 2194 concordia
1190 2155 1278 2195 causa
1299 2135 1409 2214 aliquid

207 2216 266 2274 illis
280 2214 472 2290 indulgerent,
492 2213 584 2271 donec
604 2214 718 2290 plenius
739 2213 931 2274 innotesceret
951 2214 1115 2273 Christiana
1133 2216 1261 2293 libertas,
1284 2216 1409 2274 maxime

209 2295 278 2373 quia
290 2293 390 2353 Judaei
403 2313 438 2352 eo
461 2293 642 2370 potissimum
657 2313 687 2352 se
709 2314 726 2351 a
741 2294 884 2354 Gentibus
905 2313 1023 2354 aversos
1044 2295 1270 2372 profitebantur,
1293 2299 1321 2355 3.
1336 2295 1411 2369 Quia

209 2374 364 2433 discrimen
378 2393 462 2431 omns
476 2372 605 2432 ciborum
620 2374 675 2432 sub
695 2374 779 2432 Novo
800 2374 986 2434 Testamenta
1006 2375 1091 2452 plane
1113 2375 1284 2452 abrogatum
1305 2386 1357 2448 est,
1379 2383 1412 2434 ut

210 2463 291 2532 patet
305 2473 342 2512 ex
355 2453 436 2527 locis,
453 2453 537 2511 Rom.
552 2453 614 2511 xiv.
631 2457 676 2530 14,
695 2458 709 2512 1
727 2453 791 2512 Gor.
805 2454 867 2513 viii.
888 2457 915 2529 8,
931 2463 960 2513 et
975 2474 1004 2513 x.
1026 2459 1074 2530 27,
1097 2454 1158 2513 Col.
1180 2457 1211 2514 ii.
1233 2461 1280 2531 21,
1305 2459 1320 2514 1
1337 2455 1410 2514 Tim.

211 2535 252 2593 iv.
268 2537 296 2593 3.
339 2533 438 2609 Atque
453 2553 486 2591 eo
501 2532 603 2592 fortius
620 2535 737 2611 stringit
759 2543 970 2610 argumentum,
994 2537 1021 2592 1.
1037 2535 1121 2608 Quod
1147 2535 1257 2594 Paulus
1275 2536 1346 2613 ipse,
1362 2534 1413 2611 qui

214 2613 332 2690 Synodo
347 2611 484 2689 interfuit,
500 2622 681 2692 mentemque
696 2616 758 2691 ejus
772 2614 880 2690 optime
893 2614 986 2674 tenant
999 2623 1029 2672 et
1043 2614 1208 2691 explicavit,
1224 2616 1281 2673 ista
1300 2616 1415 2690 scripsit

213 2703 280 2772 post
295 2693 454 2770 Synodum.
497 2693 647 2767 Quomodo
660 2714 731 2753 vero
746 2693 907 2770 Apostolus
920 2703 980 2754 tam
994 2693 1069 2752 clare
1085 2701 1114 2752 et
1127 2713 1264 2770 expresse
1284 2695 1341 2752 tale
1356 2695 1414 2753 dis-

213 2774 321 2833 crimen
344 2773 405 2832 sine
420 2772 481 2832 ulla
493 2774 662 2850 exceptione
676 2774 777 2834 tollere
802 2774 904 2850 potuit,
928 2773 953 2832 si
975 2774 1085 2852 sanctio
1100 2771 1271 2849 Apostolica
1293 2775 1329 2833 ab
1351 2774 1415 2851 ipso

214 2853 380 2913 existimata
394 2853 496 2912 luisset
506 2854 582 2930 juris
596 2855 752 2932 perpetui?
773 2853 837 2912 Into
852 2873 918 2913 cum
933 2853 997 2912 Lex
1015 2853 1157 2930 posterior
1177 2853 1298 2931 deroget
1317 2854 1415 2931 priori,

213 2933 345 2994 dubitare
359 2953 417 2992 non
431 2933 570 2992 debemus
585 2934 693 3012 Legem
713 2934 797 2994 istam
812 2934 849 2993 ab
873 2934 936 3011 ipso
952 2942 1109 3010 spectatam
1130 2933 1218 2994 fnisse
1239 2943 1273 2994 ut
1293 2935 1415 3012 abrogo-

213 3021 281 3088 tam,
296 3013 344 3072 vel
359 3023 393 3073 ut
406 3012 612 3091 abrogandam.
655 3014 745 3090 Cujus
760 3013 870 3072 sanctio
885 3014 910 3073 si
923 3020 1087 3087 renovatur,
1109 3013 1176 3072 Act.
1198 3015 1260 3072 xxi.
1283 3017 1331 3090 25,
1353 3021 1418 3093 post

213 3095 349 3171 scriptam
364 3094 515 3171 epistolam
530 3093 567 3152 ad
582 3093 754 3168 Corinthios,
770 3113 829 3152 non
843 3093 927 3152 aliter
941 3093 1131 3171 intelligenda
1145 3103 1197 3168 est,
1213 3115 1300 3172 quam
1321 3117 1359 3154 ex
1372 3095 1416 3153 in·

213 3174 314 3233 stituto
329 3183 357 3232 11
378 3173 557 3233 ordinatione
572 3173 743 3251 Apostolica
766 3193 818 3250 pro
840 3182 918 3234 certo
940 3182 1078 3252 tempora,
1104 3193 1162 3232 non
1186 3174 1216 3232 in
1238 3184 1416 3253 perpetuum.

213 3257 242 3311 4.
264 3252 414 3312 Judicium
429 3261 458 3311 et
472 3253 630 3312 authoritas
652 3253 799 3328 Ecclesiae,
814 3273 880 3330 quae
900 3253 1035 3311 libertate
1056 3253 1220 3312 Christiana
1239 3256 1353 3332 plenius
1373 3273 1416 3313 re·

213 3339 299 3406 tecta,
315 3331 423 3408 Legem
439 3331 519 3389 illam
544 3332 650 3391 sensim
667 3332 793 3392 mutavit
812 3341 842 3391 et
862 3331 1023 3408 abrogavit,
1047 3331 1083 3390 de
1104 3350 1162 3408 quo
1176 3333 1243 3390 vide
1265 3332 1344 3410 Aug.
1365 3333 1416 3392 lib.

213 3411 308 3468 xxxii.
323 3419 399 3469 cont.
415 3411 565 3486 Faustum,
581 3433 606 3471 c.
623 3415 669 3472 13.

255 3489 351 3548 XXI.
373 3490 594 3551 constitutionis
617 3493 701 3552 istius
721 3491 942 3571 perpetuitatem
955 3510 1015 3548 non
1028 3489 1143 3564 evincit,
1169 3493 1194 3548 l.
1211 3490 1295 3564 Quod
1309 3491 1416 3550 11111νὶ-

214 3578 270 3628 tote
283 3571 446 3646 Apostolica
459 3570 535 3629 sacta
549 3572 602 3648 sit;
626 3572 701 3646 Quia
715 3573 801 3631 etiam
815 3591 849 3630 ea
873 3589 938 3647 quae
960 3569 998 3628 ad
1022 3572 1133 3641 ιῦτιξώιι
1152 3570 1297 3646 pertinent
1321 3569 1357 3628 ab
1381 3569 1417 3628 iis

213 3650 324 3708 sancita
344 3658 419 3724 sunt,
444 3653 458 3707 l
483 3651 546 3709 Gor.
569 3653 629 3711 xiv.
652 3656 700 3712 33.
747 3655 776 3710 2.
797 3649 881 3726 Quod
902 3649 956 3709 sub
976 3649 1062 3708 titulo
1082 3649 1249 3708 necessitatis
1270 3649 1416 3726 sancitur;

215 3729 290 3804 Quia
303 3749 361 3789 non
382 3738 426 3789 est
439 3731 597 3790 necessitas
615 3732 749 3790 absoluta
769 3740 798 3790 et
819 3730 951 3808 simplex,
977 3728 1028 3788 sed
1051 3729 1208 3788 secundnm
1231 3728 1302 3805 quid
1326 3739 1356 3788 et
1379 3749 1418 3787 ex

213 3809 377 3886 hypothesi,
392 3829 445 3888 pro
459 3811 596 3888 temporis
610 3812 729 3884 ratione,
745 3819 774 3869 et
789 3809 917 3869 scandali
932 3808 1042 3868 vitandi
1058 3809 1159 3887 gratia.
1207 3811 1235 3868 3.
1251 3807 1336 3882 Quod
1349 3829 1417 3867 con-

209 3889 352 3967 jungatur
366 3909 430 3948 cum
450 3891 633 3950 scortationis
656 3889 859 3969 prohibitione,
882 3909 948 3966 qua
970 3890 1086 3948 omnino
1107 3888 1182 3965 juris
1203 3896 1248 3947 est
1269 3889 1417 3966 perpetui,

215 3969 289 4043 Quia
303 3977 398 4046 potest
411 3969 535 4046 intelligi
549 3990 607 4028 non
621 3970 685 4047 ipsa
699 3969 844 4043 scortatio,
860 3969 911 4028 sed
926 3969 1008 4028 cibus
1026 3968 1213 4042 meretricius,
1229 3989 1281 4028 seu
1295 3971 1420 4046 pretium

214 4049 310 4122 scorti,
326 4058 359 4107 ut
372 4069 431 4107 vox
445 4051 620 4124 ἅλισγέμιτος
642 4049 679 4108 sit
700 4049 856 4126 repetenda
869 4053 921 4106 ἐπὶ
934 4055 1019 4122 aurat,
1040 4067 1104 4125 quae
1128 4057 1210 4107 notat
1230 4049 1419 4126 pollutionem

215 4126 273 4186 cibi
287 4136 316 4185 st
330 4137 423 4204 potus,
439 4149 477 4187 ex
493 4131 567 4187 Dan.
584 4129 602 4188 i.
618 4132 647 4188 8.
690 4128 769 4187 Etsi
792 4128 831 4186 ad
854 4129 1056 4188 scortationem
1081 4128 1173 4205 ipsam
1191 4127 1340 4204 reseratur,
1363 4149 1421 4187 non

215 4207 313 4266 statim
328 4208 459 4283 sequitur
472 4208 603 4284 ejusdcm
618 4227 681 4267 esse
696 4207 820 4285 generis,
836 4208 905 4286 quia
925 4227 1001 4285 saepe
1016 4207 1141 4284 disparia
1155 4209 1372 4286 conjunguntur
1393 4215 1422 4266 et

215 4286 336 4346 moralia
345 4305 410 4344 cum
425 4288 680 4364 caeremonialibus,
692 4298 725 4347 ut
736 4287 842 4346 Ezeoh.
858 4287 940 4346 xviii.
953 4291 980 4364 6,
997 4287 1069 4347 Luc.
1084 4287 1103 4346 i.
1116 4291 1143 4362 6,
1161 4291 1176 4345 1
1190 4288 1317 4347 Timoth.
1332 4288 1420 4362 1112,

216 4365 307 4425 11111
321 4366 418 4443 agitur
432 4364 467 4424 de
481 4367 655 4444 Idolothytic,
671 4386 793 4444 quorum
808 4367 983 4426 abstinentia
1001 4387 1060 4426 non
1082 4366 1212 4444 ejusdem
1234 4376 1278 4426 cst
1298 4366 1422 4426 necessi-

215 4447 284 4505 tatis
299 4465 363 4504 eum
385 4446 568 4521 scortatione,
583 4449 651 4524 quia
671 4445 842 4523 idolothytis
863 4445 1018 4523 aliquando
1032 4447 1112 4504 vesci
1132 4446 1209 4522 licet,
1232 4447 1284 4505 sed
1304 4444 1424 4504 scortari

216 4543 362 4602 nunquam
382 4525 467 4599 licet;
491 4525 616 4585 Possunt
640 4545 711 4602 ergo
735 4524 856 4583 moralia
878 4545 943 4584 cum
968 4525 1102 4601 positivis
1126 4527 1273 4602 conjungi,
1299 4525 1423 4581 maxime

217 4623 282 4663 curn
297 4603 367 4662 talia
381 4605 510 4680 ejusdem
524 4605 639 4682 generis
659 4625 722 4664 esse
737 4625 775 4663 ex
790 4623 876 4664 sensu
890 4603 1038 4664 hominum
1054 4603 1264 4680 existimantur,
1281 4600 1425 4680 quomodo
