<?xml version="1.0" encoding="UTF-8"?>
<!DOCTYPE html PUBLIC "-//W3C//DTD XHTML 1.0 Transitional//EN"
    "http://www.w3.org/TR/xhtml1/DTD/xhtml1-transitional.dtd">
<html xmlns="http://www.w3.org/1999/xhtml" xml:lang="en" lang="en">
 <head>
  <title>
</title>
<meta http-equiv="Content-Type" content="text/html;charset=utf-8" />
  <meta name='ocr-system' content='tesseract 3.04.00' />
  <meta name='ocr-capabilities' content='ocr_page ocr_carea ocr_par ocr_line ocrx_word'/>
</head>
<body>
  <div class='ocr_page' id='page_1' title='image "./francisciturret00pictgoog_0450.png"; bbox 0 0 3146 5210; ppageno 0'>
   <div class='ocr_carea' id='block_1_1' title="bbox 145 385 1359 468">
    <p class='ocr_par' dir='ltr' id='par_1_1' title="bbox 145 385 1359 468">
     <span class='ocr_line' id='line_1_1' title="bbox 145 385 1359 468; baseline -0.006 -19"><span class='ocrx_word' id='word_1_1' title='bbox 145 407 262 458; x_wconf 72' lang='lat' dir='ltr'><strong>curaer.</strong></span> <span class='ocrx_word' id='word_1_2' title='bbox 280 385 357 468; x_wconf 68' lang='lat' dir='ltr'><strong>rua]</strong></span> <span class='ocrx_word' id='word_1_3' title='bbox 500 405 539 444; x_wconf 83' lang='lat' dir='ltr'><strong>oe</strong></span> <span class='ocrx_word' id='word_1_4' title='bbox 554 405 669 446; x_wconf 78' lang='lat' dir='ltr'><strong>cerreto</strong></span> <span class='ocrx_word' id='word_1_5' title='bbox 681 403 798 446; x_wconf 83' lang='lat' dir='ltr'><strong>cunrsrr</strong></span> <span class='ocrx_word' id='word_1_6' title='bbox 814 403 1007 445; x_wconf 81' lang='lat' dir='ltr'><strong>uanrnrosro.</strong></span> <span class='ocrx_word' id='word_1_7' title='bbox 1300 392 1359 450; x_wconf 81' lang='lat'><strong>419</strong></span> 
     </span>
    </p>
   </div>
   <div class='ocr_carea' id='block_1_2' title="bbox 148 545 1357 627">
    <p class='ocr_par' dir='ltr' id='par_1_2' title="bbox 148 545 1357 627">
     <span class='ocr_line' id='line_1_2' title="bbox 148 545 1357 627; baseline -0.002 -21"><span class='ocrx_word' id='word_1_8' title='bbox 148 547 201 624; x_wconf 86' lang='lat' dir='ltr'><strong>qui</strong></span> <span class='ocrx_word' id='word_1_9' title='bbox 212 546 338 606; x_wconf 83' lang='lat' dir='ltr'><strong>reflexus</strong></span> <span class='ocrx_word' id='word_1_10' title='bbox 348 555 399 618; x_wconf 89' lang='lat' dir='ltr'><strong>cst,</strong></span> <span class='ocrx_word' id='word_1_11' title='bbox 412 547 462 622; x_wconf 92' lang='lat' dir='ltr'><strong>qui</strong></span> <span class='ocrx_word' id='word_1_12' title='bbox 472 547 633 605; x_wconf 86' lang='lat' dir='ltr'><strong>necessario</strong></span> <span class='ocrx_word' id='word_1_13' title='bbox 644 545 718 605; x_wconf 90' lang='lat' dir='ltr'><strong>dnos</strong></span> <span class='ocrx_word' id='word_1_14' title='bbox 727 545 837 623; x_wconf 77' lang='lat' dir='ltr'>priores</span> <span class='ocrx_word' id='word_1_15' title='bbox 849 547 992 622; x_wconf 85' lang='lat' dir='ltr'>supponit,</span> <span class='ocrx_word' id='word_1_16' title='bbox 1008 545 1200 627; x_wconf 90' lang='lat' dir='ltr'><strong>utnondetur</strong></span> <span class='ocrx_word' id='word_1_17' title='bbox 1209 547 1291 606; x_wconf 89' lang='lat' dir='ltr'><strong>locus</strong></span> <span class='ocrx_word' id='word_1_18' title='bbox 1300 547 1357 622; x_wconf 79' lang='lat' dir='ltr'><strong>isti,</strong></span> 
     </span>
    </p>
   </div>
   <div class='ocr_carea' id='block_1_3' title="bbox 148 625 1368 4750">
    <p class='ocr_par' dir='ltr' id='par_1_3' title="bbox 148 625 1360 2530">
     <span class='ocr_line' id='line_1_3' title="bbox 149 625 1358 703; baseline 0.001 -19"><span class='ocrx_word' id='word_1_19' title='bbox 149 627 208 685; x_wconf 89' lang='lat' dir='ltr'><strong>rrisi</strong></span> <span class='ocrx_word' id='word_1_20' title='bbox 232 627 335 703; x_wconf 87' lang='lat' dir='ltr'><strong>positis</strong></span> <span class='ocrx_word' id='word_1_21' title='bbox 359 626 426 683; x_wconf 89' lang='lat' dir='ltr'><strong>iliis.</strong></span> <span class='ocrx_word' id='word_1_22' title='bbox 469 625 554 684; x_wconf 90' lang='lat' dir='ltr'><strong>Unda</strong></span> <span class='ocrx_word' id='word_1_23' title='bbox 579 625 726 703; x_wconf 77' lang='lat' dir='ltr'>colligitur</span> <span class='ocrx_word' id='word_1_24' title='bbox 749 625 780 682; x_wconf 91' lang='lat' dir='ltr'><strong>irr</strong></span> <span class='ocrx_word' id='word_1_25' title='bbox 794 633 964 700; x_wconf 85' lang='lat' dir='ltr'><strong>argumento</strong></span> <span class='ocrx_word' id='word_1_26' title='bbox 985 625 1123 702; x_wconf 73' lang='lat' dir='ltr'><strong>predicto</strong></span> <span class='ocrx_word' id='word_1_27' title='bbox 1147 634 1271 702; x_wconf 90' lang='lat' dir='ltr'><strong>quatuor</strong></span> <span class='ocrx_word' id='word_1_28' title='bbox 1294 645 1358 685; x_wconf 87' lang='lat' dir='ltr'><strong>esse</strong></span> 
     </span>
     <span class='ocr_line' id='line_1_4' title="bbox 148 703 1357 783; baseline 0 -19"><span class='ocrx_word' id='word_1_29' title='bbox 148 705 297 780; x_wconf 87' lang='lat' dir='ltr'><strong>terminos,</strong></span> <span class='ocrx_word' id='word_1_30' title='bbox 323 705 461 783; x_wconf 86' lang='lat' dir='ltr'><strong>majorem</strong></span> <span class='ocrx_word' id='word_1_31' title='bbox 482 705 563 781; x_wconf 90' lang='lat' dir='ltr'><strong>loqui</strong></span> <span class='ocrx_word' id='word_1_32' title='bbox 577 703 613 764; x_wconf 89' lang='lat' dir='ltr'><strong>de</strong></span> <span class='ocrx_word' id='word_1_33' title='bbox 639 705 708 764; x_wconf 88' lang='lat' dir='ltr'><strong>fidei</strong></span> <span class='ocrx_word' id='word_1_34' title='bbox 734 713 801 763; x_wconf 90' lang='lat' dir='ltr'><strong>actu</strong></span> <span class='ocrx_word' id='word_1_35' title='bbox 822 705 939 780; x_wconf 88' lang='lat' dir='ltr'><strong>directo,</strong></span> <span class='ocrx_word' id='word_1_36' title='bbox 955 705 1005 782; x_wconf 93' lang='lat' dir='ltr'><strong>qui</strong></span> <span class='ocrx_word' id='word_1_37' title='bbox 1026 705 1190 782; x_wconf 87' lang='lat' dir='ltr'><strong>praecipitur</strong></span> <span class='ocrx_word' id='word_1_38' title='bbox 1212 706 1243 764; x_wconf 93' lang='lat' dir='ltr'><strong>in</strong></span> <span class='ocrx_word' id='word_1_39' title='bbox 1257 706 1357 766; x_wconf 85' lang='lat' dir='ltr'><strong>Verbo</strong></span> 
     </span>
     <span class='ocr_line' id='line_1_5' title="bbox 148 783 1356 862; baseline 0.002 -19"><span class='ocrx_word' id='word_1_40' title='bbox 148 785 247 862; x_wconf 90' lang='lat' dir='ltr'><strong>quoad</strong></span> <span class='ocrx_word' id='word_1_41' title='bbox 261 805 410 844; x_wconf 77' lang='lat' dir='ltr'><strong>assensum</strong></span> <span class='ocrx_word' id='word_1_42' title='bbox 435 784 545 843; x_wconf 88' lang='lat' dir='ltr'><strong>scilicet</strong></span> <span class='ocrx_word' id='word_1_43' title='bbox 568 793 597 843; x_wconf 90' lang='lat' dir='ltr'><strong>ct</strong></span> <span class='ocrx_word' id='word_1_44' title='bbox 621 785 773 862; x_wconf 82' lang='lat' dir='ltr'><strong>refugium,</strong></span> <span class='ocrx_word' id='word_1_45' title='bbox 794 785 934 842; x_wconf 82' lang='lat' dir='ltr'><strong>minorem</strong></span> <span class='ocrx_word' id='word_1_46' title='bbox 948 804 1017 844; x_wconf 83' lang='lat' dir='ltr'><strong>vero</strong></span> <span class='ocrx_word' id='word_1_47' title='bbox 1032 783 1069 843; x_wconf 88' lang='lat' dir='ltr'><strong>de</strong></span> <span class='ocrx_word' id='word_1_48' title='bbox 1089 785 1153 862; x_wconf 89' lang='lat' dir='ltr'><strong>ejus</strong></span> <span class='ocrx_word' id='word_1_49' title='bbox 1167 793 1234 844; x_wconf 87' lang='lat' dir='ltr'><strong>actu</strong></span> <span class='ocrx_word' id='word_1_50' title='bbox 1247 786 1356 845; x_wconf 85' lang='lat' dir='ltr'><strong>reflexo</strong></span> 
     </span>
     <span class='ocr_line' id='line_1_6' title="bbox 148 863 1354 943; baseline 0.002 -21"><span class='ocrx_word' id='word_1_51' title='bbox 148 865 247 941; x_wconf 90' lang='lat' dir='ltr'><strong>quoad</strong></span> <span class='ocrx_word' id='word_1_52' title='bbox 262 885 377 922; x_wconf 88' lang='lat' dir='ltr'><strong>sensum</strong></span> <span class='ocrx_word' id='word_1_53' title='bbox 396 872 426 922; x_wconf 91' lang='lat' dir='ltr'><strong>et</strong></span> <span class='ocrx_word' id='word_1_54' title='bbox 439 865 576 928; x_wconf 68' lang='grc' dir='ltr'>ππιίιισιι</span> <span class='ocrx_word' id='word_1_55' title='bbox 589 863 666 924; x_wconf 88' lang='lat' dir='ltr'><strong>fidei.</strong></span> <span class='ocrx_word' id='word_1_56' title='bbox 709 865 781 923; x_wconf 89' lang='lat' dir='ltr'><strong>Nam</strong></span> <span class='ocrx_word' id='word_1_57' title='bbox 799 863 931 922; x_wconf 88' lang='lat' dir='ltr'><strong>Christus</strong></span> <span class='ocrx_word' id='word_1_58' title='bbox 951 883 1010 923; x_wconf 89' lang='lat' dir='ltr'><strong>non</strong></span> <span class='ocrx_word' id='word_1_59' title='bbox 1026 864 1172 923; x_wconf 85' lang='lat' dir='ltr'><strong>revelatur</strong></span> <span class='ocrx_word' id='word_1_60' title='bbox 1185 873 1215 924; x_wconf 87' lang='lat' dir='ltr'><strong>et</strong></span> <span class='ocrx_word' id='word_1_61' title='bbox 1236 866 1354 943; x_wconf 90' lang='lat' dir='ltr'><strong>promit·</strong></span> 
     </span>
     <span class='ocr_line' id='line_1_7' title="bbox 149 943 1355 1022; baseline 0.002 -20"><span class='ocrx_word' id='word_1_62' title='bbox 149 945 221 1003; x_wconf 91' lang='lat' dir='ltr'><strong>titur</strong></span> <span class='ocrx_word' id='word_1_63' title='bbox 234 943 265 1001; x_wconf 90' lang='lat' dir='ltr'><strong>in</strong></span> <span class='ocrx_word' id='word_1_64' title='bbox 281 944 451 1020; x_wconf 85' lang='lat' dir='ltr'><strong>Evangelio,</strong></span> <span class='ocrx_word' id='word_1_65' title='bbox 466 954 499 1004; x_wconf 90' lang='lat' dir='ltr'><strong>ut</strong></span> <span class='ocrx_word' id='word_1_66' title='bbox 513 964 563 1020; x_wconf 92' lang='lat' dir='ltr'><strong>pro</strong></span> <span class='ocrx_word' id='word_1_67' title='bbox 575 964 620 1002; x_wconf 93' lang='lat' dir='ltr'><strong>me</strong></span> <span class='ocrx_word' id='word_1_68' title='bbox 635 945 664 1002; x_wconf 92' lang='lat' dir='ltr'><strong>in</strong></span> <span class='ocrx_word' id='word_1_69' title='bbox 679 943 845 1020; x_wconf 87' lang='lat' dir='ltr'><strong>particulari</strong></span> <span class='ocrx_word' id='word_1_70' title='bbox 858 951 997 1018; x_wconf 89' lang='lat' dir='ltr'><strong>mortuus,</strong></span> <span class='ocrx_word' id='word_1_71' title='bbox 1013 943 1065 1002; x_wconf 90' lang='lat' dir='ltr'><strong>sed</strong></span> <span class='ocrx_word' id='word_1_72' title='bbox 1078 951 1190 1002; x_wconf 90' lang='lat' dir='ltr'><strong>tantum</strong></span> <span class='ocrx_word' id='word_1_73' title='bbox 1204 944 1235 1002; x_wconf 92' lang='lat' dir='ltr'><strong>in</strong></span> <span class='ocrx_word' id='word_1_74' title='bbox 1249 965 1355 1022; x_wconf 88' lang='lat' dir='ltr'><strong>genere</strong></span> 
     </span>
     <span class='ocr_line' id='line_1_8' title="bbox 149 1022 1354 1102; baseline 0.002 -22"><span class='ocrx_word' id='word_1_75' title='bbox 149 1043 202 1100; x_wconf 92' lang='lat' dir='ltr'><strong>pro</strong></span> <span class='ocrx_word' id='word_1_76' title='bbox 228 1022 419 1082; x_wconf 74' lang='lat' dir='ltr'><strong>credentibus</strong></span> <span class='ocrx_word' id='word_1_77' title='bbox 446 1032 476 1082; x_wconf 89' lang='lat' dir='ltr'><strong>et</strong></span> <span class='ocrx_word' id='word_1_78' title='bbox 501 1023 766 1101; x_wconf 83' lang='lat' dir='ltr'><strong>Resipiscantibus:</strong></span> <span class='ocrx_word' id='word_1_79' title='bbox 811 1023 888 1082; x_wconf 88' lang='lat' dir='ltr'><strong>uude</strong></span> <span class='ocrx_word' id='word_1_80' title='bbox 915 1043 967 1100; x_wconf 90' lang='lat' dir='ltr'><strong>pcr</strong></span> <span class='ocrx_word' id='word_1_81' title='bbox 994 1023 1229 1099; x_wconf 73' lang='lat' dir='ltr'><strong>consequentiam</strong></span> <span class='ocrx_word' id='word_1_82' title='bbox 1259 1026 1354 1102; x_wconf 88' lang='lat' dir='ltr'><strong>posito</strong></span> 
     </span>
     <span class='ocr_line' id='line_1_9' title="bbox 148 1102 1355 1180; baseline 0.002 -18"><span class='ocrx_word' id='word_1_83' title='bbox 148 1111 217 1162; x_wconf 90' lang='lat' dir='ltr'><strong>actu</strong></span> <span class='ocrx_word' id='word_1_84' title='bbox 230 1102 359 1162; x_wconf 87' lang='lat' dir='ltr'><strong>fiduciali</strong></span> <span class='ocrx_word' id='word_1_85' title='bbox 380 1103 411 1160; x_wconf 92' lang='lat' dir='ltr'><strong>in</strong></span> <span class='ocrx_word' id='word_1_86' title='bbox 436 1103 590 1176; x_wconf 89' lang='lat' dir='ltr'><strong>Christum,</strong></span> <span class='ocrx_word' id='word_1_87' title='bbox 616 1123 733 1180; x_wconf 90' lang='lat' dir='ltr'><strong>possum</strong></span> <span class='ocrx_word' id='word_1_88' title='bbox 754 1111 784 1162; x_wconf 91' lang='lat' dir='ltr'><strong>et</strong></span> <span class='ocrx_word' id='word_1_89' title='bbox 804 1102 897 1161; x_wconf 85' lang='lat' dir='ltr'><strong>debeo</strong></span> <span class='ocrx_word' id='word_1_90' title='bbox 913 1103 1051 1180; x_wconf 78' lang='lat' dir='ltr'><strong>colligere</strong></span> <span class='ocrx_word' id='word_1_91' title='bbox 1072 1122 1137 1162; x_wconf 91' lang='lat' dir='ltr'><strong>eum</strong></span> <span class='ocrx_word' id='word_1_92' title='bbox 1158 1123 1210 1180; x_wconf 91' lang='lat' dir='ltr'><strong>pro</strong></span> <span class='ocrx_word' id='word_1_93' title='bbox 1230 1123 1355 1164; x_wconf 87' lang='lat' dir='ltr'><strong>maesse</strong></span> 
     </span>
     <span class='ocr_line' id='line_1_10' title="bbox 148 1183 1353 1260; baseline 0.002 -20"><span class='ocrx_word' id='word_1_94' title='bbox 148 1191 304 1256; x_wconf 87' lang='lat' dir='ltr'><strong>mortuum,</strong></span> <span class='ocrx_word' id='word_1_95' title='bbox 319 1201 410 1258; x_wconf 91' lang='lat' dir='ltr'><strong>quum</strong></span> <span class='ocrx_word' id='word_1_96' title='bbox 422 1191 583 1260; x_wconf 86' lang='lat' dir='ltr'><strong>peractum</strong></span> <span class='ocrx_word' id='word_1_97' title='bbox 597 1183 737 1242; x_wconf 85' lang='lat' dir='ltr'><strong>reflexum</strong></span> <span class='ocrx_word' id='word_1_98' title='bbox 751 1201 895 1259; x_wconf 87' lang='lat' dir='ltr'><strong>cognosco</strong></span> <span class='ocrx_word' id='word_1_99' title='bbox 909 1189 939 1242; x_wconf 87' lang='lat' dir='ltr'><strong>et</strong></span> <span class='ocrx_word' id='word_1_100' title='bbox 963 1183 1056 1241; x_wconf 87' lang='lat' dir='ltr'><strong>santio</strong></span> <span class='ocrx_word' id='word_1_101' title='bbox 1077 1201 1115 1240; x_wconf 86' lang='lat' dir='ltr'><strong>ex</strong></span> <span class='ocrx_word' id='word_1_102' title='bbox 1129 1191 1196 1242; x_wconf 90' lang='lat' dir='ltr'><strong>actu</strong></span> <span class='ocrx_word' id='word_1_103' title='bbox 1216 1184 1353 1260; x_wconf 89' lang='lat' dir='ltr'><strong>fiduciali,</strong></span> 
     </span>
     <span class='ocr_line' id='line_1_11' title="bbox 150 1260 1354 1341; baseline 0.003 -22"><span class='ocrx_word' id='word_1_104' title='bbox 150 1281 196 1320; x_wconf 89' lang='lat' dir='ltr'><strong>ma</strong></span> <span class='ocrx_word' id='word_1_105' title='bbox 219 1281 287 1320; x_wconf 86' lang='lat' dir='ltr'><strong>vere</strong></span> <span class='ocrx_word' id='word_1_106' title='bbox 301 1270 331 1322; x_wconf 92' lang='lat' dir='ltr'><strong>ct</strong></span> <span class='ocrx_word' id='word_1_107' title='bbox 345 1262 455 1320; x_wconf 90' lang='lat' dir='ltr'><strong>sineere</strong></span> <span class='ocrx_word' id='word_1_108' title='bbox 479 1261 517 1320; x_wconf 90' lang='lat' dir='ltr'><strong>ad</strong></span> <span class='ocrx_word' id='word_1_109' title='bbox 537 1263 631 1340; x_wconf 92' lang='lat' dir='ltr'><strong>ipsum</strong></span> <span class='ocrx_word' id='word_1_110' title='bbox 645 1265 809 1339; x_wconf 81' lang='lat' dir='ltr'><strong>confugere.</strong></span> <span class='ocrx_word' id='word_1_111' title='bbox 852 1260 955 1320; x_wconf 84' lang='lat' dir='ltr'><strong>Fidem</strong></span> <span class='ocrx_word' id='word_1_112' title='bbox 976 1270 1162 1338; x_wconf 71' lang='lat' dir='ltr'><strong>cutemque</strong></span> <span class='ocrx_word' id='word_1_113' title='bbox 1183 1262 1268 1322; x_wconf 86' lang='lat' dir='ltr'><strong>uobis</strong></span> <span class='ocrx_word' id='word_1_114' title='bbox 1281 1283 1354 1341; x_wconf 83' lang='lat' dir='ltr'><strong>prae-</strong></span> 
     </span>
     <span class='ocr_line' id='line_1_12' title="bbox 148 1341 1355 1420; baseline 0.003 -21"><span class='ocrx_word' id='word_1_115' title='bbox 148 1341 255 1418; x_wconf 79' lang='lat' dir='ltr'><strong>cipitur</strong></span> <span class='ocrx_word' id='word_1_116' title='bbox 275 1341 306 1398; x_wconf 91' lang='lat' dir='ltr'><strong>in</strong></span> <span class='ocrx_word' id='word_1_117' title='bbox 327 1341 498 1418; x_wconf 84' lang='lat' dir='ltr'><strong>Evangelio,</strong></span> <span class='ocrx_word' id='word_1_118' title='bbox 513 1361 572 1400; x_wconf 92' lang='lat' dir='ltr'><strong>non</strong></span> <span class='ocrx_word' id='word_1_119' title='bbox 593 1343 689 1400; x_wconf 88' lang='lat' dir='ltr'><strong>statim</strong></span> <span class='ocrx_word' id='word_1_120' title='bbox 713 1341 781 1399; x_wconf 90' lang='lat' dir='ltr'><strong>farri</strong></span> <span class='ocrx_word' id='word_1_121' title='bbox 801 1341 906 1400; x_wconf 86' lang='lat' dir='ltr'><strong>debere</strong></span> <span class='ocrx_word' id='word_1_122' title='bbox 928 1341 958 1398; x_wconf 90' lang='lat' dir='ltr'><strong>in</strong></span> <span class='ocrx_word' id='word_1_123' title='bbox 973 1341 1128 1417; x_wconf 83' lang='lat' dir='ltr'><strong>Christum,</strong></span> <span class='ocrx_word' id='word_1_124' title='bbox 1151 1351 1184 1402; x_wconf 92' lang='lat' dir='ltr'><strong>ut</strong></span> <span class='ocrx_word' id='word_1_125' title='bbox 1197 1362 1250 1420; x_wconf 89' lang='lat' dir='ltr'><strong>pro</strong></span> <span class='ocrx_word' id='word_1_126' title='bbox 1271 1343 1355 1403; x_wconf 90' lang='lat' dir='ltr'><strong>nobis</strong></span> 
     </span>
     <span class='ocr_line' id='line_1_13' title="bbox 149 1419 1355 1498; baseline 0.002 -20"><span class='ocrx_word' id='word_1_127' title='bbox 149 1429 295 1479; x_wconf 90' lang='lat' dir='ltr'><strong>mortuum</strong></span> <span class='ocrx_word' id='word_1_128' title='bbox 309 1419 340 1477; x_wconf 92' lang='lat' dir='ltr'><strong>in</strong></span> <span class='ocrx_word' id='word_1_129' title='bbox 353 1419 528 1497; x_wconf 80' lang='lat' dir='ltr'><strong>particulari,</strong></span> <span class='ocrx_word' id='word_1_130' title='bbox 543 1422 592 1480; x_wconf 85' lang='lat' dir='ltr'><strong>vel</strong></span> <span class='ocrx_word' id='word_1_131' title='bbox 606 1439 644 1480; x_wconf 85' lang='lat' dir='ltr'><strong>err</strong></span> <span class='ocrx_word' id='word_1_132' title='bbox 662 1441 697 1480; x_wconf 90' lang='lat' dir='ltr'><strong>eo</strong></span> <span class='ocrx_word' id='word_1_133' title='bbox 718 1421 788 1479; x_wconf 88' lang='lat' dir='ltr'><strong>satis</strong></span> <span class='ocrx_word' id='word_1_134' title='bbox 803 1429 900 1498; x_wconf 87' lang='lat' dir='ltr'><strong>aperte</strong></span> <span class='ocrx_word' id='word_1_135' title='bbox 916 1420 1070 1497; x_wconf 84' lang='lat' dir='ltr'><strong>colligitur,</strong></span> <span class='ocrx_word' id='word_1_136' title='bbox 1086 1421 1165 1498; x_wconf 94' lang='lat' dir='ltr'><strong>quod</strong></span> <span class='ocrx_word' id='word_1_137' title='bbox 1181 1422 1231 1480; x_wconf 91' lang='lat' dir='ltr'><strong>nbi</strong></span> <span class='ocrx_word' id='word_1_138' title='bbox 1245 1441 1280 1481; x_wconf 89' lang='lat' dir='ltr'><strong>ea</strong></span> <span class='ocrx_word' id='word_1_139' title='bbox 1293 1423 1355 1482; x_wconf 83' lang='lat' dir='ltr'><strong>exi·</strong></span> 
     </span>
     <span class='ocr_line' id='line_1_14' title="bbox 150 1499 1356 1578; baseline 0.001 -19"><span class='ocrx_word' id='word_1_140' title='bbox 150 1500 239 1577; x_wconf 81' lang='lat' dir='ltr'><strong>gitur,</strong></span> <span class='ocrx_word' id='word_1_141' title='bbox 254 1499 303 1558; x_wconf 82' lang='lat' dir='ltr'><strong>vel</strong></span> <span class='ocrx_word' id='word_1_142' title='bbox 327 1519 345 1557; x_wconf 92' lang='lat' dir='ltr'><strong>a</strong></span> <span class='ocrx_word' id='word_1_143' title='bbox 370 1499 484 1559; x_wconf 85' lang='lat' dir='ltr'><strong>Christo</strong></span> <span class='ocrx_word' id='word_1_144' title='bbox 498 1501 546 1558; x_wconf 88' lang='lat' dir='ltr'><strong>vel</strong></span> <span class='ocrx_word' id='word_1_145' title='bbox 569 1501 605 1558; x_wconf 89' lang='lat' dir='ltr'><strong>ab</strong></span> <span class='ocrx_word' id='word_1_146' title='bbox 631 1500 790 1577; x_wconf 87' lang='lat' dir='ltr'><strong>Apostolis,</strong></span> <span class='ocrx_word' id='word_1_147' title='bbox 806 1501 887 1558; x_wconf 86' lang='lat' dir='ltr'><strong>nulla</strong></span> <span class='ocrx_word' id='word_1_148' title='bbox 909 1499 960 1557; x_wconf 88' lang='lat' dir='ltr'><strong>fiat</strong></span> <span class='ocrx_word' id='word_1_149' title='bbox 972 1501 1081 1560; x_wconf 89' lang='lat' dir='ltr'><strong>mentio</strong></span> <span class='ocrx_word' id='word_1_150' title='bbox 1096 1501 1251 1578; x_wconf 84' lang='lat' dir='ltr'><strong>singularis</strong></span> <span class='ocrx_word' id='word_1_151' title='bbox 1271 1503 1356 1562; x_wconf 90' lang='lat' dir='ltr'><strong>istius</strong></span> 
     </span>
     <span class='ocr_line' id='line_1_15' title="bbox 149 1577 1358 1656; baseline 0.002 -19"><span class='ocrx_word' id='word_1_152' title='bbox 149 1577 352 1656; x_wconf 78' lang='lat' dir='ltr'><strong>applicationis</strong></span> <span class='ocrx_word' id='word_1_153' title='bbox 372 1578 411 1637; x_wconf 90' lang='lat' dir='ltr'><strong>ad</strong></span> <span class='ocrx_word' id='word_1_154' title='bbox 431 1579 508 1638; x_wconf 91' lang='lat' dir='ltr'><strong>hunc</strong></span> <span class='ocrx_word' id='word_1_155' title='bbox 526 1581 575 1638; x_wconf 86' lang='lat' dir='ltr'><strong>vel</strong></span> <span class='ocrx_word' id='word_1_156' title='bbox 595 1580 686 1654; x_wconf 89' lang='lat' dir='ltr'><strong>illum,</strong></span> <span class='ocrx_word' id='word_1_157' title='bbox 709 1579 761 1638; x_wconf 88' lang='lat' dir='ltr'><strong>scd</strong></span> <span class='ocrx_word' id='word_1_158' title='bbox 775 1587 887 1638; x_wconf 88' lang='lat' dir='ltr'><strong>tanturn</strong></span> <span class='ocrx_word' id='word_1_159' title='bbox 908 1579 1051 1656; x_wconf 82' lang='lat' dir='ltr'><strong>generalis</strong></span> <span class='ocrx_word' id='word_1_160' title='bbox 1071 1580 1227 1656; x_wconf 74' lang='lat' dir='ltr'><strong>relationis,</strong></span> <span class='ocrx_word' id='word_1_161' title='bbox 1250 1581 1299 1638; x_wconf 83' lang='lat' dir='ltr'><strong>vei</strong></span> <span class='ocrx_word' id='word_1_162' title='bbox 1319 1581 1358 1640; x_wconf 87' lang='lat' dir='ltr'><strong>ad</strong></span> 
     </span>
     <span class='ocr_line' id='line_1_16' title="bbox 148 1657 1356 1736; baseline 0.001 -18"><span class='ocrx_word' id='word_1_163' title='bbox 148 1659 251 1732; x_wconf 83' lang='lat' dir='ltr'><strong>officia,</strong></span> <span class='ocrx_word' id='word_1_164' title='bbox 267 1658 315 1717; x_wconf 88' lang='lat' dir='ltr'><strong>vel</strong></span> <span class='ocrx_word' id='word_1_165' title='bbox 326 1657 364 1716; x_wconf 93' lang='lat' dir='ltr'><strong>ad</strong></span> <span class='ocrx_word' id='word_1_166' title='bbox 376 1658 517 1717; x_wconf 87' lang='lat' dir='ltr'><strong>beneficia</strong></span> <span class='ocrx_word' id='word_1_167' title='bbox 531 1659 721 1718; x_wconf 72' lang='lat' dir='ltr'><strong>(inscientibus</strong></span> <span class='ocrx_word' id='word_1_168' title='bbox 735 1659 884 1736; x_wconf 86' lang='lat' dir='ltr'><strong>promissa,</strong></span> <span class='ocrx_word' id='word_1_169' title='bbox 906 1667 947 1732; x_wconf 88' lang='lat' dir='ltr'><strong>ut,</strong></span> <span class='ocrx_word' id='word_1_170' title='bbox 964 1657 1069 1716; x_wconf 90' lang='lat' dir='ltr'><strong>Matth.</strong></span> <span class='ocrx_word' id='word_1_171' title='bbox 1085 1659 1145 1717; x_wconf 84' lang='lat' dir='ltr'><strong>xvi.</strong></span> <span class='ocrx_word' id='word_1_172' title='bbox 1162 1661 1208 1734; x_wconf 86' lang='grc'><strong>16,</strong></span> <span class='ocrx_word' id='word_1_173' title='bbox 1252 1659 1356 1719; x_wconf 89' lang='lat' dir='ltr'><strong>Petrus</strong></span> 
     </span>
     <span class='ocr_line' id='line_1_17' title="bbox 149 1737 1358 1816; baseline 0.002 -19"><span class='ocrx_word' id='word_1_174' title='bbox 149 1739 181 1797; x_wconf 88' lang='lat' dir='ltr'><strong>in</strong></span> <span class='ocrx_word' id='word_1_175' title='bbox 195 1739 302 1798; x_wconf 85' lang='lat' dir='ltr'><strong>eximia</strong></span> <span class='ocrx_word' id='word_1_176' title='bbox 315 1737 384 1796; x_wconf 87' lang='lat' dir='ltr'><strong>fidei</strong></span> <span class='ocrx_word' id='word_1_177' title='bbox 406 1737 608 1814; x_wconf 90' lang='lat' dir='ltr'><strong>declaratione,</strong></span> <span class='ocrx_word' id='word_1_178' title='bbox 623 1738 697 1796; x_wconf 90' lang='lat' dir='ltr'><strong>nihil</strong></span> <span class='ocrx_word' id='word_1_179' title='bbox 717 1737 796 1796; x_wconf 88' lang='lat' dir='ltr'><strong>aliud</strong></span> <span class='ocrx_word' id='word_1_180' title='bbox 817 1738 975 1816; x_wconf 81' lang='lat' dir='ltr'><strong>profitetur,</strong></span> <span class='ocrx_word' id='word_1_181' title='bbox 991 1757 1078 1814; x_wconf 89' lang='lat' dir='ltr'><strong>quam</strong></span> <span class='ocrx_word' id='word_1_182' title='bbox 1093 1757 1123 1796; x_wconf 90' lang='lat' dir='ltr'><strong>se</strong></span> <span class='ocrx_word' id='word_1_183' title='bbox 1138 1738 1262 1814; x_wconf 88' lang='lat' dir='ltr'><strong>credere,</strong></span> <span class='ocrx_word' id='word_1_184' title='bbox 1278 1741 1358 1816; x_wconf 92' lang='lat' dir='ltr'><strong>quod</strong></span> 
     </span>
     <span class='ocr_line' id='line_1_18' title="bbox 150 1816 1358 1892; baseline 0.002 -16"><span class='ocrx_word' id='word_1_185' title='bbox 150 1818 242 1876; x_wconf 86' lang='lat' dir='ltr'><strong>Jesus</strong></span> <span class='ocrx_word' id='word_1_186' title='bbox 256 1818 293 1876; x_wconf 87' lang='lat' dir='ltr'><strong>sit</strong></span> <span class='ocrx_word' id='word_1_187' title='bbox 308 1817 447 1891; x_wconf 87' lang='lat' dir='ltr'><strong>Christus,</strong></span> <span class='ocrx_word' id='word_1_188' title='bbox 474 1818 568 1877; x_wconf 83' lang='lat' dir='ltr'><strong>Filius</strong></span> <span class='ocrx_word' id='word_1_189' title='bbox 590 1817 646 1876; x_wconf 89' lang='lat' dir='ltr'><strong>Dei</strong></span> <span class='ocrx_word' id='word_1_190' title='bbox 666 1818 810 1892; x_wconf 85' lang='lat' dir='ltr'><strong>Viventis,</strong></span> <span class='ocrx_word' id='word_1_191' title='bbox 826 1825 866 1892; x_wconf 84' lang='lat' dir='ltr'><strong>ut,</strong></span> <span class='ocrx_word' id='word_1_192' title='bbox 888 1817 911 1876; x_wconf 88' lang='lat' dir='ltr'><strong>J</strong></span> <span class='ocrx_word' id='word_1_193' title='bbox 912 1816 959 1874; x_wconf 91' lang='lat' dir='ltr'><strong>oh.</strong></span> <span class='ocrx_word' id='word_1_194' title='bbox 974 1817 1013 1875; x_wconf 84' lang='lat' dir='ltr'><strong>vi.</strong></span> <span class='ocrx_word' id='word_1_195' title='bbox 1029 1819 1077 1892; x_wconf 81' lang='grc'><strong>69,</strong></span> <span class='ocrx_word' id='word_1_196' title='bbox 1104 1817 1315 1877; x_wconf 89' lang='lat' dir='ltr'><strong>“Credidimus</strong></span> <span class='ocrx_word' id='word_1_197' title='bbox 1329 1829 1358 1880; x_wconf 90' lang='lat' dir='ltr'><strong>ct</strong></span> 
     </span>
     <span class='ocr_line' id='line_1_19' title="bbox 150 1896 1356 1973; baseline 0.002 -19"><span class='ocrx_word' id='word_1_198' title='bbox 150 1897 349 1972; x_wconf 85' lang='lat' dir='ltr'><strong>cognovimus,</strong></span> <span class='ocrx_word' id='word_1_199' title='bbox 364 1897 443 1973; x_wconf 92' lang='lat' dir='ltr'><strong>quod</strong></span> <span class='ocrx_word' id='word_1_200' title='bbox 456 1897 501 1955; x_wconf 87' lang='lat' dir='ltr'><strong>Tu</strong></span> <span class='ocrx_word' id='word_1_201' title='bbox 516 1917 547 1956; x_wconf 88' lang='lat' dir='ltr'><strong>as</strong></span> <span class='ocrx_word' id='word_1_202' title='bbox 562 1897 693 1956; x_wconf 91' lang='lat' dir='ltr'><strong>Christus</strong></span> <span class='ocrx_word' id='word_1_203' title='bbox 716 1898 809 1956; x_wconf 89' lang='lat' dir='ltr'><strong>Filius</strong></span> <span class='ocrx_word' id='word_1_204' title='bbox 822 1897 877 1955; x_wconf 91' lang='lat' dir='ltr'><strong>Dei</strong></span> <span class='ocrx_word' id='word_1_205' title='bbox 899 1896 999 1955; x_wconf 86' lang='lat' dir='ltr'><strong>Vivi.”</strong></span> <span class='ocrx_word' id='word_1_206' title='bbox 1036 1896 1083 1955; x_wconf 90' lang='lat' dir='ltr'><strong>Ita</strong></span> <span class='ocrx_word' id='word_1_207' title='bbox 1096 1897 1213 1972; x_wconf 85' lang='lat' dir='ltr'><strong>Paulus,</strong></span> <span class='ocrx_word' id='word_1_208' title='bbox 1226 1899 1311 1958; x_wconf 91' lang='lat' dir='ltr'><strong>Rom.</strong></span> <span class='ocrx_word' id='word_1_209' title='bbox 1326 1919 1356 1958; x_wconf 82' lang='lat' dir='ltr'><strong>x.</strong></span> 
     </span>
     <span class='ocr_line' id='line_1_20' title="bbox 153 1975 1357 2053; baseline 0.003 -19"><span class='ocrx_word' id='word_1_210' title='bbox 153 1977 183 2050; x_wconf 83' lang='grc'><strong>9,</strong></span> <span class='ocrx_word' id='word_1_211' title='bbox 198 1975 271 2033; x_wconf 88' lang='lat' dir='ltr'><strong>nihil</strong></span> <span class='ocrx_word' id='word_1_212' title='bbox 285 1975 363 2034; x_wconf 90' lang='lat' dir='ltr'><strong>aliud</strong></span> <span class='ocrx_word' id='word_1_213' title='bbox 382 1977 475 2053; x_wconf 84' lang='lat' dir='ltr'><strong>exigit</strong></span> <span class='ocrx_word' id='word_1_214' title='bbox 496 1996 514 2035; x_wconf 87' lang='lat' dir='ltr'><strong>a</strong></span> <span class='ocrx_word' id='word_1_215' title='bbox 537 1976 672 2035; x_wconf 88' lang='lat' dir='ltr'><strong>fidelibus</strong></span> <span class='ocrx_word' id='word_1_216' title='bbox 697 1976 734 2034; x_wconf 83' lang='lat' dir='ltr'><strong>ad</strong></span> <span class='ocrx_word' id='word_1_217' title='bbox 758 1977 889 2051; x_wconf 88' lang='lat' dir='ltr'><strong>salutern,</strong></span> <span class='ocrx_word' id='word_1_218' title='bbox 912 1995 998 2052; x_wconf 87' lang='lat' dir='ltr'><strong>quam</strong></span> <span class='ocrx_word' id='word_1_219' title='bbox 1021 1975 1186 2035; x_wconf 82' lang='lat' dir='ltr'><strong>“Confiteri</strong></span> <span class='ocrx_word' id='word_1_220' title='bbox 1200 1977 1357 2038; x_wconf 88' lang='lat' dir='ltr'><strong>Dominum</strong></span> 
     </span>
     <span class='ocr_line' id='line_1_21' title="bbox 152 2055 1358 2133; baseline 0.002 -18"><span class='ocrx_word' id='word_1_221' title='bbox 152 2055 256 2115; x_wconf 82' lang='lat' dir='ltr'><strong>Jasunr</strong></span> <span class='ocrx_word' id='word_1_222' title='bbox 272 2075 329 2131; x_wconf 91' lang='lat' dir='ltr'><strong>ore,</strong></span> <span class='ocrx_word' id='word_1_223' title='bbox 345 2064 374 2115; x_wconf 89' lang='lat' dir='ltr'><strong>et</strong></span> <span class='ocrx_word' id='word_1_224' title='bbox 388 2055 474 2114; x_wconf 90' lang='lat' dir='ltr'><strong>corde</strong></span> <span class='ocrx_word' id='word_1_225' title='bbox 488 2056 605 2114; x_wconf 89' lang='lat' dir='ltr'><strong>credere</strong></span> <span class='ocrx_word' id='word_1_226' title='bbox 620 2055 697 2133; x_wconf 91' lang='lat' dir='ltr'><strong>quod</strong></span> <span class='ocrx_word' id='word_1_227' title='bbox 713 2055 793 2114; x_wconf 89' lang='lat' dir='ltr'><strong>Deus</strong></span> <span class='ocrx_word' id='word_1_228' title='bbox 807 2075 873 2114; x_wconf 91' lang='lat' dir='ltr'><strong>eum</strong></span> <span class='ocrx_word' id='word_1_229' title='bbox 886 2055 1070 2114; x_wconf 83' lang='lat' dir='ltr'><strong>suscitaverit</strong></span> <span class='ocrx_word' id='word_1_230' title='bbox 1084 2075 1102 2114; x_wconf 86' lang='lat' dir='ltr'><strong>a</strong></span> <span class='ocrx_word' id='word_1_231' title='bbox 1115 2057 1266 2116; x_wconf 89' lang='lat' dir='ltr'><strong>mortuis.”</strong></span> <span class='ocrx_word' id='word_1_232' title='bbox 1310 2059 1358 2118; x_wconf 84' lang='lat' dir='ltr'><strong>Sic</strong></span> 
     </span>
     <span class='ocr_line' id='line_1_22' title="bbox 151 2134 1356 2214; baseline 0.003 -21"><span class='ocrx_word' id='word_1_233' title='bbox 151 2153 242 2212; x_wconf 90' lang='lat' dir='ltr'><strong>quum</strong></span> <span class='ocrx_word' id='word_1_234' title='bbox 253 2135 393 2211; x_wconf 89' lang='lat' dir='ltr'><strong>jubentur</strong></span> <span class='ocrx_word' id='word_1_235' title='bbox 401 2135 501 2194; x_wconf 89' lang='lat' dir='ltr'><strong>fideles</strong></span> <span class='ocrx_word' id='word_1_236' title='bbox 512 2135 628 2194; x_wconf 88' lang='lat' dir='ltr'><strong>credere</strong></span> <span class='ocrx_word' id='word_1_237' title='bbox 634 2137 664 2192; x_wconf 89' lang='lat' dir='ltr'><strong>in</strong></span> <span class='ocrx_word' id='word_1_238' title='bbox 676 2136 788 2194; x_wconf 88' lang='lat' dir='ltr'><strong>Nomen</strong></span> <span class='ocrx_word' id='word_1_239' title='bbox 799 2135 943 2213; x_wconf 67' lang='lat' dir='ltr'><strong>FiliiDei,</strong></span> <span class='ocrx_word' id='word_1_240' title='bbox 955 2136 977 2194; x_wconf 91' lang='lat' dir='ltr'><strong>J</strong></span> <span class='ocrx_word' id='word_1_241' title='bbox 978 2134 1072 2193; x_wconf 86' lang='lat' dir='ltr'><strong>chiii.</strong></span> <span class='ocrx_word' id='word_1_242' title='bbox 1090 2138 1135 2210; x_wconf 87' lang='lat'><strong>18,</strong></span> <span class='ocrx_word' id='word_1_243' title='bbox 1153 2137 1252 2195; x_wconf 86' lang='lat' dir='ltr'><strong>1J0h.</strong></span> <span class='ocrx_word' id='word_1_244' title='bbox 1264 2156 1293 2195; x_wconf 89' lang='lat' dir='ltr'><strong>v.</strong></span> <span class='ocrx_word' id='word_1_245' title='bbox 1310 2141 1356 2214; x_wconf 88' lang='lat'><strong>13,</strong></span> 
     </span>
     <span class='ocr_line' id='line_1_23' title="bbox 151 2213 1358 2291; baseline 0.003 -18"><span class='ocrx_word' id='word_1_246' title='bbox 151 2223 287 2274; x_wconf 88' lang='lat' dir='ltr'><strong>tenentur</strong></span> <span class='ocrx_word' id='word_1_247' title='bbox 310 2213 427 2291; x_wconf 90' lang='lat' dir='ltr'><strong>quidem</strong></span> <span class='ocrx_word' id='word_1_248' title='bbox 448 2215 564 2274; x_wconf 91' lang='lat' dir='ltr'><strong>credere</strong></span> <span class='ocrx_word' id='word_1_249' title='bbox 586 2214 730 2274; x_wconf 84' lang='lat' dir='ltr'><strong>Christum</strong></span> <span class='ocrx_word' id='word_1_250' title='bbox 753 2233 817 2272; x_wconf 87' lang='lat' dir='ltr'><strong>esse</strong></span> <span class='ocrx_word' id='word_1_251' title='bbox 831 2233 931 2273; x_wconf 89' lang='lat' dir='ltr'><strong>verum</strong></span> <span class='ocrx_word' id='word_1_252' title='bbox 954 2215 1100 2288; x_wconf 83' lang='lat' dir='ltr'><strong>Moesiam,</strong></span> <span class='ocrx_word' id='word_1_253' title='bbox 1114 2222 1143 2273; x_wconf 89' lang='lat' dir='ltr'><strong>et</strong></span> <span class='ocrx_word' id='word_1_254' title='bbox 1163 2216 1277 2275; x_wconf 89' lang='lat' dir='ltr'><strong>adeum</strong></span> <span class='ocrx_word' id='word_1_255' title='bbox 1291 2237 1358 2277; x_wconf 92' lang='lat' dir='ltr'><strong>con·</strong></span> 
     </span>
     <span class='ocr_line' id='line_1_24' title="bbox 152 2291 1359 2372; baseline 0.003 -21"><span class='ocrx_word' id='word_1_256' title='bbox 152 2291 253 2371; x_wconf 85' lang='lat' dir='ltr'><strong>iugera</strong></span> <span class='ocrx_word' id='word_1_257' title='bbox 267 2303 405 2371; x_wconf 83' lang='lat' dir='ltr'><strong>tauquam</strong></span> <span class='ocrx_word' id='word_1_258' title='bbox 418 2295 536 2354; x_wconf 91' lang='lat' dir='ltr'><strong>unicum</strong></span> <span class='ocrx_word' id='word_1_259' title='bbox 551 2295 653 2354; x_wconf 83' lang='lat' dir='ltr'><strong>salutis</strong></span> <span class='ocrx_word' id='word_1_260' title='bbox 667 2295 817 2354; x_wconf 84' lang='lat' dir='ltr'><strong>sutherem</strong></span> <span class='ocrx_word' id='word_1_261' title='bbox 832 2293 876 2369; x_wconf 88' lang='lat' dir='ltr'><strong>iis,</strong></span> <span class='ocrx_word' id='word_1_262' title='bbox 893 2294 942 2370; x_wconf 90' lang='lat' dir='ltr'><strong>qui</strong></span> <span class='ocrx_word' id='word_1_263' title='bbox 953 2313 1006 2370; x_wconf 90' lang='lat' dir='ltr'><strong>per</strong></span> <span class='ocrx_word' id='word_1_264' title='bbox 1019 2293 1108 2352; x_wconf 87' lang='lat' dir='ltr'><strong>fidem</strong></span> <span class='ocrx_word' id='word_1_265' title='bbox 1119 2303 1150 2353; x_wconf 88' lang='lat' dir='ltr'><strong>et</strong></span> <span class='ocrx_word' id='word_1_266' title='bbox 1159 2297 1359 2372; x_wconf 67' lang='lat' dir='ltr'><strong>poenitentiam</strong></span> 
     </span>
     <span class='ocr_line' id='line_1_25' title="bbox 152 2373 1360 2453; baseline 0.003 -22"><span class='ocrx_word' id='word_1_267' title='bbox 152 2373 271 2431; x_wconf 81' lang='lat' dir='ltr'><strong>adeum</strong></span> <span class='ocrx_word' id='word_1_268' title='bbox 294 2393 325 2432; x_wconf 90' lang='lat' dir='ltr'><strong>se</strong></span> <span class='ocrx_word' id='word_1_269' title='bbox 345 2374 515 2450; x_wconf 88' lang='lat' dir='ltr'><strong>receperint,</strong></span> <span class='ocrx_word' id='word_1_270' title='bbox 538 2375 668 2433; x_wconf 87' lang='lat' dir='ltr'><strong>sednon</strong></span> <span class='ocrx_word' id='word_1_271' title='bbox 689 2374 786 2432; x_wconf 87' lang='lat' dir='ltr'><strong>statim</strong></span> <span class='ocrx_word' id='word_1_272' title='bbox 807 2391 859 2450; x_wconf 90' lang='lat' dir='ltr'><strong>pro</strong></span> <span class='ocrx_word' id='word_1_273' title='bbox 880 2392 911 2432; x_wconf 91' lang='lat' dir='ltr'><strong>se</strong></span> <span class='ocrx_word' id='word_1_274' title='bbox 934 2393 999 2432; x_wconf 90' lang='lat' dir='ltr'><strong>esse</strong></span> <span class='ocrx_word' id='word_1_275' title='bbox 1014 2381 1159 2433; x_wconf 90' lang='lat' dir='ltr'><strong>mortuum</strong></span> <span class='ocrx_word' id='word_1_276' title='bbox 1179 2375 1236 2433; x_wconf 86' lang='lat' dir='ltr'><strong>nisi</strong></span> <span class='ocrx_word' id='word_1_277' title='bbox 1256 2377 1360 2453; x_wconf 86' lang='lat' dir='ltr'><strong>positis</strong></span> 
     </span>
     <span class='ocr_line' id='line_1_26' title="bbox 155 2451 519 2530; baseline 0.008 -21"><span class='ocrx_word' id='word_1_278' title='bbox 155 2451 384 2530; x_wconf 74' lang='lat' dir='ltr'><strong>precedentibus</strong></span> <span class='ocrx_word' id='word_1_279' title='bbox 398 2453 519 2512; x_wconf 77' lang='lat' dir='ltr'><strong>actibus</strong></span> 
     </span>
    </p>

    <p class='ocr_par' dir='ltr' id='par_1_4' title="bbox 149 2531 1368 4750">
     <span class='ocr_line' id='line_1_27' title="bbox 197 2531 1359 2612; baseline 0.004 -24"><span class='ocrx_word' id='word_1_280' title='bbox 197 2531 332 2591; x_wconf 89' lang='lat' dir='ltr'>XLVII.</span> <span class='ocrx_word' id='word_1_281' title='bbox 356 2533 434 2590; x_wconf 87' lang='lat' dir='ltr'><strong>Hinc</strong></span> <span class='ocrx_word' id='word_1_282' title='bbox 448 2541 528 2610; x_wconf 87' lang='lat' dir='ltr'><strong>patet</strong></span> <span class='ocrx_word' id='word_1_283' title='bbox 540 2533 632 2592; x_wconf 91' lang='lat' dir='ltr'><strong>multa</strong></span> <span class='ocrx_word' id='word_1_284' title='bbox 648 2532 801 2610; x_wconf 88' lang='lat' dir='ltr'><strong>complecti</strong></span> <span class='ocrx_word' id='word_1_285' title='bbox 824 2531 994 2590; x_wconf 86' lang='lat' dir='ltr'><strong>mandatum</strong></span> <span class='ocrx_word' id='word_1_286' title='bbox 1008 2531 1145 2591; x_wconf 89' lang='lat' dir='ltr'><strong>credendi</strong></span> <span class='ocrx_word' id='word_1_287' title='bbox 1158 2533 1189 2591; x_wconf 92' lang='lat' dir='ltr'><strong>in</strong></span> <span class='ocrx_word' id='word_1_288' title='bbox 1204 2535 1359 2612; x_wconf 85' lang='lat' dir='ltr'><strong>Christum,</strong></span> 
     </span>
     <span class='ocr_line' id='line_1_28' title="bbox 153 2611 1360 2692; baseline 0.004 -23"><span class='ocrx_word' id='word_1_289' title='bbox 153 2619 309 2688; x_wconf 75' lang='lat' dir='ltr'><strong>antequem</strong></span> <span class='ocrx_word' id='word_1_290' title='bbox 331 2611 518 2670; x_wconf 81' lang='lat' dir='ltr'><strong>deveniamus</strong></span> <span class='ocrx_word' id='word_1_291' title='bbox 539 2612 577 2670; x_wconf 89' lang='lat' dir='ltr'><strong>ad</strong></span> <span class='ocrx_word' id='word_1_292' title='bbox 599 2612 731 2671; x_wconf 88' lang='lat' dir='ltr'><strong>ultimum</strong></span> <span class='ocrx_word' id='word_1_293' title='bbox 758 2619 853 2671; x_wconf 87' lang='lat' dir='ltr'><strong>actum</strong></span> <span class='ocrx_word' id='word_1_294' title='bbox 878 2612 1100 2670; x_wconf 88' lang='lat' dir='ltr'><strong>consolatorium</strong></span> <span class='ocrx_word' id='word_1_295' title='bbox 1128 2613 1164 2670; x_wconf 87' lang='lat' dir='ltr'><strong>de</strong></span> <span class='ocrx_word' id='word_1_296' title='bbox 1180 2614 1294 2674; x_wconf 87' lang='lat' dir='ltr'><strong>Christo</strong></span> <span class='ocrx_word' id='word_1_297' title='bbox 1308 2635 1360 2692; x_wconf 92' lang='lat' dir='ltr'><strong>pro</strong></span> 
     </span>
     <span class='ocr_line' id='line_1_29' title="bbox 153 2691 1364 2769; baseline 0.003 -21"><span class='ocrx_word' id='word_1_298' title='bbox 153 2691 239 2749; x_wconf 91' lang='lat' dir='ltr'><strong>nobis</strong></span> <span class='ocrx_word' id='word_1_299' title='bbox 252 2698 374 2750; x_wconf 81' lang='lat' dir='ltr'><strong>mortuo.</strong></span> <span class='ocrx_word' id='word_1_300' title='bbox 418 2691 522 2765; x_wconf 91' lang='lat' dir='ltr'><strong>Primo,</strong></span> <span class='ocrx_word' id='word_1_301' title='bbox 548 2691 685 2769; x_wconf 89' lang='lat' dir='ltr'><strong>jubemur</strong></span> <span class='ocrx_word' id='word_1_302' title='bbox 699 2691 814 2750; x_wconf 90' lang='lat' dir='ltr'><strong>credere</strong></span> <span class='ocrx_word' id='word_1_303' title='bbox 823 2709 1002 2768; x_wconf 85' lang='lat' dir='ltr'><strong>quaecunque</strong></span> <span class='ocrx_word' id='word_1_304' title='bbox 1018 2691 1165 2768; x_wconf 83' lang='lat' dir='ltr'><strong>Scriptura</strong></span> <span class='ocrx_word' id='word_1_305' title='bbox 1179 2694 1263 2751; x_wconf 90' lang='lat' dir='ltr'><strong>nobis</strong></span> <span class='ocrx_word' id='word_1_306' title='bbox 1273 2694 1364 2752; x_wconf 89' lang='lat' dir='ltr'><strong>tradit</strong></span> 
     </span>
     <span class='ocr_line' id='line_1_30' title="bbox 154 2769 1360 2848; baseline 0.003 -20"><span class='ocrx_word' id='word_1_307' title='bbox 154 2770 192 2828; x_wconf 94' lang='lat' dir='ltr'><strong>de</strong></span> <span class='ocrx_word' id='word_1_308' title='bbox 206 2769 322 2829; x_wconf 89' lang='lat' dir='ltr'><strong>miseria</strong></span> <span class='ocrx_word' id='word_1_309' title='bbox 335 2779 366 2829; x_wconf 93' lang='lat' dir='ltr'><strong>et</strong></span> <span class='ocrx_word' id='word_1_310' title='bbox 379 2770 548 2848; x_wconf 89' lang='lat' dir='ltr'><strong>impotentia</strong></span> <span class='ocrx_word' id='word_1_311' title='bbox 561 2779 661 2830; x_wconf 86' lang='lat' dir='ltr'><strong>nostra</strong></span> <span class='ocrx_word' id='word_1_312' title='bbox 675 2770 713 2828; x_wconf 83' lang='lat' dir='ltr'><strong>sd</strong></span> <span class='ocrx_word' id='word_1_313' title='bbox 728 2771 859 2830; x_wconf 87' lang='lat' dir='ltr'><strong>salutern.</strong></span> <span class='ocrx_word' id='word_1_314' title='bbox 902 2770 988 2830; x_wconf 89' lang='lat' dir='ltr'><strong>Unde</strong></span> <span class='ocrx_word' id='word_1_315' title='bbox 1002 2771 1095 2828; x_wconf 85' lang='lat' dir='ltr'><strong>oritur</strong></span> <span class='ocrx_word' id='word_1_316' title='bbox 1106 2771 1269 2848; x_wconf 77' lang='lat' dir='ltr'><strong>desperatio</strong></span> <span class='ocrx_word' id='word_1_317' title='bbox 1284 2773 1360 2832; x_wconf 89' lang='lat' dir='ltr'><strong>saln-</strong></span> 
     </span>
     <span class='ocr_line' id='line_1_31' title="bbox 154 2849 1360 2928; baseline 0.003 -20"><span class='ocrx_word' id='word_1_318' title='bbox 154 2850 225 2908; x_wconf 88' lang='lat' dir='ltr'><strong>taris</strong></span> <span class='ocrx_word' id='word_1_319' title='bbox 240 2849 276 2908; x_wconf 87' lang='lat' dir='ltr'><strong>de</strong></span> <span class='ocrx_word' id='word_1_320' title='bbox 290 2849 374 2909; x_wconf 89' lang='lat' dir='ltr'><strong>nobis</strong></span> <span class='ocrx_word' id='word_1_321' title='bbox 388 2849 471 2926; x_wconf 86' lang='lat' dir='ltr'><strong>ipsis,</strong></span> <span class='ocrx_word' id='word_1_322' title='bbox 484 2858 514 2909; x_wconf 90' lang='lat' dir='ltr'><strong>et</strong></span> <span class='ocrx_word' id='word_1_323' title='bbox 528 2850 638 2926; x_wconf 85' lang='lat' dir='ltr'><strong>agnitio</strong></span> <span class='ocrx_word' id='word_1_324' title='bbox 653 2849 833 2908; x_wconf 84' lang='lat' dir='ltr'><strong>necessitatis</strong></span> <span class='ocrx_word' id='word_1_325' title='bbox 857 2849 984 2907; x_wconf 89' lang='lat' dir='ltr'><strong>remedii.</strong></span> <span class='ocrx_word' id='word_1_326' title='bbox 1009 2849 1150 2924; x_wconf 82' lang='lat' dir='ltr'><strong>Secundo,</strong></span> <span class='ocrx_word' id='word_1_327' title='bbox 1166 2851 1216 2928; x_wconf 91' lang='lat' dir='ltr'><strong>qui</strong></span> <span class='ocrx_word' id='word_1_328' title='bbox 1230 2851 1271 2910; x_wconf 90' lang='lat' dir='ltr'><strong>ita</strong></span> <span class='ocrx_word' id='word_1_329' title='bbox 1285 2852 1315 2908; x_wconf 89' lang='lat' dir='ltr'><strong>in</strong></span> <span class='ocrx_word' id='word_1_330' title='bbox 1330 2873 1360 2912; x_wconf 89' lang='lat' dir='ltr'><strong>se</strong></span> 
     </span>
     <span class='ocr_line' id='line_1_32' title="bbox 154 2927 1361 3006; baseline 0.002 -19"><span class='ocrx_word' id='word_1_331' title='bbox 154 2929 317 3006; x_wconf 78' lang='lat' dir='ltr'><strong>desperant,</strong></span> <span class='ocrx_word' id='word_1_332' title='bbox 330 2929 471 3006; x_wconf 89' lang='lat' dir='ltr'><strong>jubentur</strong></span> <span class='ocrx_word' id='word_1_333' title='bbox 484 2929 599 2988; x_wconf 86' lang='lat' dir='ltr'><strong>credere</strong></span> <span class='ocrx_word' id='word_1_334' title='bbox 615 2929 760 2988; x_wconf 87' lang='lat' dir='ltr'><strong>Christum</strong></span> <span class='ocrx_word' id='word_1_335' title='bbox 775 2927 882 2986; x_wconf 83' lang='lat' dir='ltr'><strong>Filium</strong></span> <span class='ocrx_word' id='word_1_336' title='bbox 899 2928 954 2986; x_wconf 89' lang='lat' dir='ltr'><strong>Dei</strong></span> <span class='ocrx_word' id='word_1_337' title='bbox 968 2947 1031 2987; x_wconf 89' lang='lat' dir='ltr'><strong>esse</strong></span> <span class='ocrx_word' id='word_1_338' title='bbox 1045 2929 1161 2987; x_wconf 90' lang='lat' dir='ltr'><strong>unicum</strong></span> <span class='ocrx_word' id='word_1_339' title='bbox 1178 2932 1361 2990; x_wconf 70' lang='lat' dir='ltr'><strong>servatorem</strong></span> 
     </span>
     <span class='ocr_line' id='line_1_33' title="bbox 157 3007 1362 3084; baseline 0.002 -17"><span class='ocrx_word' id='word_1_340' title='bbox 157 3007 430 3068; x_wconf 81' lang='lat' dir='ltr'><strong>sufficientissimum</strong></span> <span class='ocrx_word' id='word_1_341' title='bbox 450 3009 546 3067; x_wconf 91' lang='lat' dir='ltr'><strong>aDeo</strong></span> <span class='ocrx_word' id='word_1_342' title='bbox 559 3009 725 3067; x_wconf 89' lang='lat' dir='ltr'><strong>horninibus</strong></span> <span class='ocrx_word' id='word_1_343' title='bbox 746 3008 853 3079; x_wconf 88' lang='lat' dir='ltr'><strong>datum,</strong></span> <span class='ocrx_word' id='word_1_344' title='bbox 876 3007 906 3064; x_wconf 90' lang='lat' dir='ltr'><strong>in</strong></span> <span class='ocrx_word' id='word_1_345' title='bbox 927 3026 985 3083; x_wconf 93' lang='lat' dir='ltr'><strong>quo</strong></span> <span class='ocrx_word' id='word_1_346' title='bbox 1013 3007 1167 3084; x_wconf 84' lang='lat' dir='ltr'><strong>perfectam</strong></span> <span class='ocrx_word' id='word_1_347' title='bbox 1189 3010 1310 3068; x_wconf 89' lang='lat' dir='ltr'><strong>salutem</strong></span> <span class='ocrx_word' id='word_1_348' title='bbox 1332 3020 1362 3070; x_wconf 89' lang='lat' dir='ltr'><strong>et</strong></span> 
     </span>
     <span class='ocr_line' id='line_1_34' title="bbox 157 3085 1361 3166; baseline 0.002 -22"><span class='ocrx_word' id='word_1_349' title='bbox 157 3088 353 3146; x_wconf 87' lang='lat' dir='ltr'><strong>remissionem</strong></span> <span class='ocrx_word' id='word_1_350' title='bbox 367 3097 549 3165; x_wconf 80' lang='lat' dir='ltr'><strong>peccaturum</strong></span> <span class='ocrx_word' id='word_1_351' title='bbox 563 3097 684 3166; x_wconf 87' lang='lat' dir='ltr'><strong>possunt</strong></span> <span class='ocrx_word' id='word_1_352' title='bbox 698 3087 843 3163; x_wconf 90' lang='lat' dir='ltr'><strong>consequi,</strong></span> <span class='ocrx_word' id='word_1_353' title='bbox 865 3086 915 3162; x_wconf 91' lang='lat' dir='ltr'><strong>qui</strong></span> <span class='ocrx_word' id='word_1_354' title='bbox 930 3085 966 3143; x_wconf 84' lang='lat' dir='ltr'><strong>sd</strong></span> <span class='ocrx_word' id='word_1_355' title='bbox 988 3086 1083 3164; x_wconf 90' lang='lat' dir='ltr'><strong>ipsum</strong></span> <span class='ocrx_word' id='word_1_356' title='bbox 1106 3086 1215 3146; x_wconf 87' lang='lat' dir='ltr'><strong>sincere</strong></span> <span class='ocrx_word' id='word_1_357' title='bbox 1229 3089 1361 3166; x_wconf 89' lang='lat' dir='ltr'><strong>confugi-</strong></span> 
     </span>
     <span class='ocr_line' id='line_1_35' title="bbox 154 3165 1363 3245; baseline 0.002 -19"><span class='ocrx_word' id='word_1_358' title='bbox 154 3175 216 3242; x_wconf 85' lang='lat' dir='ltr'><strong>unt,</strong></span> <span class='ocrx_word' id='word_1_359' title='bbox 231 3175 261 3226; x_wconf 88' lang='lat' dir='ltr'><strong>et</strong></span> <span class='ocrx_word' id='word_1_360' title='bbox 275 3167 350 3226; x_wconf 85' lang='lat' dir='ltr'><strong>scria</strong></span> <span class='ocrx_word' id='word_1_361' title='bbox 363 3177 543 3245; x_wconf 90' lang='lat' dir='ltr'><strong>peccatorum</strong></span> <span class='ocrx_word' id='word_1_362' title='bbox 559 3187 675 3227; x_wconf 79' lang='lat' dir='ltr'><strong>suorum</strong></span> <span class='ocrx_word' id='word_1_363' title='bbox 690 3167 834 3226; x_wconf 89' lang='lat' dir='ltr'><strong>ducuntur</strong></span> <span class='ocrx_word' id='word_1_364' title='bbox 851 3165 1028 3242; x_wconf 85' lang='lat' dir='ltr'><strong>poenitentia.</strong></span> <span class='ocrx_word' id='word_1_365' title='bbox 1070 3165 1177 3241; x_wconf 85' lang='lat' dir='ltr'><strong>Tertio,</strong></span> <span class='ocrx_word' id='word_1_366' title='bbox 1192 3167 1232 3225; x_wconf 88' lang='lat' dir='ltr'><strong>ita</strong></span> <span class='ocrx_word' id='word_1_367' title='bbox 1246 3169 1363 3228; x_wconf 89' lang='lat' dir='ltr'><strong>contriti</strong></span> 
     </span>
     <span class='ocr_line' id='line_1_36' title="bbox 153 3245 1362 3340; baseline 0.001 -35"><span class='ocrx_word' id='word_1_368' title='bbox 153 3255 186 3305; x_wconf 86' lang='lat' dir='ltr'><strong>et</strong></span> <span class='ocrx_word' id='word_1_369' title='bbox 199 3247 371 3324; x_wconf 77' lang='lat' dir='ltr'><strong>prenitentes</strong></span> <span class='ocrx_word' id='word_1_370' title='bbox 384 3247 415 3305; x_wconf 92' lang='lat' dir='ltr'><strong>in</strong></span> <span class='ocrx_word' id='word_1_371' title='bbox 429 3265 460 3306; x_wconf 91' lang='lat' dir='ltr'><strong>se</strong></span> <span class='ocrx_word' id='word_1_372' title='bbox 474 3247 686 3340; x_wconf 87' lang='lat' dir='ltr'><strong>desperabnndi</strong></span> <span class='ocrx_word' id='word_1_373' title='bbox 696 3246 837 3324; x_wconf 82' lang='lat' dir='ltr'><strong>jubentur</strong></span> <span class='ocrx_word' id='word_1_374' title='bbox 849 3245 888 3302; x_wconf 89' lang='lat' dir='ltr'><strong>ad</strong></span> <span class='ocrx_word' id='word_1_375' title='bbox 901 3245 1055 3320; x_wconf 87' lang='lat' dir='ltr'><strong>Christum,</strong></span> <span class='ocrx_word' id='word_1_376' title='bbox 1079 3264 1132 3303; x_wconf 91' lang='lat' dir='ltr'><strong>ceu</strong></span> <span class='ocrx_word' id='word_1_377' title='bbox 1146 3265 1245 3323; x_wconf 88' lang='lat' dir='ltr'><strong>rupem</strong></span> <span class='ocrx_word' id='word_1_378' title='bbox 1260 3248 1362 3306; x_wconf 85' lang='lat' dir='ltr'><strong>salutis</strong></span> 
     </span>
     <span class='ocr_line' id='line_1_37' title="bbox 155 3323 1362 3403; baseline 0.001 -19"><span class='ocrx_word' id='word_1_379' title='bbox 155 3326 312 3403; x_wconf 85' lang='lat' dir='ltr'><strong>confugere</strong></span> <span class='ocrx_word' id='word_1_380' title='bbox 326 3336 355 3384; x_wconf 89' lang='lat' dir='ltr'><strong>ct</strong></span> <span class='ocrx_word' id='word_1_381' title='bbox 368 3327 476 3402; x_wconf 78' lang='lat' dir='ltr'><strong>venire,</strong></span> <span class='ocrx_word' id='word_1_382' title='bbox 492 3326 570 3384; x_wconf 90' lang='lat' dir='ltr'><strong>illrus</strong></span> <span class='ocrx_word' id='word_1_383' title='bbox 594 3326 727 3385; x_wconf 88' lang='lat' dir='ltr'><strong>meritum</strong></span> <span class='ocrx_word' id='word_1_384' title='bbox 753 3334 892 3402; x_wconf 86' lang='lat' dir='ltr'><strong>tanquam</strong></span> <span class='ocrx_word' id='word_1_385' title='bbox 915 3323 1154 3402; x_wconf 87' lang='lat' dir='ltr'><strong>perfectissimum</strong></span> <span class='ocrx_word' id='word_1_386' title='bbox 1173 3326 1315 3401; x_wconf 86' lang='lat' dir='ltr'><strong>amplecti,</strong></span> <span class='ocrx_word' id='word_1_387' title='bbox 1332 3328 1362 3385; x_wconf 88' lang='lat' dir='ltr'><strong>in</strong></span> 
     </span>
     <span class='ocr_line' id='line_1_38' title="bbox 157 3405 1360 3482; baseline 0 -18"><span class='ocrx_word' id='word_1_388' title='bbox 157 3405 189 3464; x_wconf 91' lang='lat' dir='ltr'><strong>id</strong></span> <span class='ocrx_word' id='word_1_389' title='bbox 201 3406 368 3465; x_wconf 86' lang='lat' dir='ltr'><strong>recumbere</strong></span> <span class='ocrx_word' id='word_1_390' title='bbox 392 3414 422 3466; x_wconf 91' lang='lat' dir='ltr'><strong>ct</strong></span> <span class='ocrx_word' id='word_1_391' title='bbox 436 3406 563 3464; x_wconf 86' lang='lat' dir='ltr'><strong>suaviter</strong></span> <span class='ocrx_word' id='word_1_392' title='bbox 572 3406 760 3482; x_wconf 86' lang='lat' dir='ltr'><strong>requiescere,</strong></span> <span class='ocrx_word' id='word_1_393' title='bbox 773 3405 970 3463; x_wconf 88' lang='lat' dir='ltr'><strong>remissionem</strong></span> <span class='ocrx_word' id='word_1_394' title='bbox 983 3412 1165 3480; x_wconf 90' lang='lat' dir='ltr'><strong>peccatorum</strong></span> <span class='ocrx_word' id='word_1_395' title='bbox 1180 3415 1209 3463; x_wconf 89' lang='lat' dir='ltr'><strong>et</strong></span> <span class='ocrx_word' id='word_1_396' title='bbox 1218 3406 1360 3482; x_wconf 79' lang='lat' dir='ltr'><strong>justitiam</strong></span> 
     </span>
     <span class='ocr_line' id='line_1_39' title="bbox 154 3483 1361 3561; baseline 0.002 -18"><span class='ocrx_word' id='word_1_397' title='bbox 154 3505 191 3544; x_wconf 88' lang='lat' dir='ltr'><strong>ac</strong></span> <span class='ocrx_word' id='word_1_398' title='bbox 205 3487 328 3546; x_wconf 85' lang='lat' dir='ltr'><strong>salutern</strong></span> <span class='ocrx_word' id='word_1_399' title='bbox 342 3485 379 3544; x_wconf 90' lang='lat' dir='ltr'><strong>ab</strong></span> <span class='ocrx_word' id='word_1_400' title='bbox 393 3505 428 3544; x_wconf 90' lang='lat' dir='ltr'><strong>co</strong></span> <span class='ocrx_word' id='word_1_401' title='bbox 442 3486 525 3543; x_wconf 90' lang='lat' dir='ltr'><strong>unico</strong></span> <span class='ocrx_word' id='word_1_402' title='bbox 540 3483 729 3561; x_wconf 78' lang='lat' dir='ltr'><strong>expectando.</strong></span> <span class='ocrx_word' id='word_1_403' title='bbox 772 3484 880 3558; x_wconf 87' lang='lat' dir='ltr'><strong>Quarto</strong></span> <span class='ocrx_word' id='word_1_404' title='bbox 905 3483 1036 3560; x_wconf 91' lang='lat' dir='ltr'><strong>denique,</strong></span> <span class='ocrx_word' id='word_1_405' title='bbox 1052 3483 1103 3559; x_wconf 92' lang='lat' dir='ltr'><strong>qui</strong></span> <span class='ocrx_word' id='word_1_406' title='bbox 1117 3501 1148 3542; x_wconf 88' lang='lat' dir='ltr'><strong>se</strong></span> <span class='ocrx_word' id='word_1_407' title='bbox 1162 3485 1304 3544; x_wconf 86' lang='lat' dir='ltr'><strong>senserint</strong></span> <span class='ocrx_word' id='word_1_408' title='bbox 1317 3505 1361 3545; x_wconf 89' lang='lat' dir='ltr'><strong>re·</strong></span> 
     </span>
     <span class='ocr_line' id='line_1_40' title="bbox 156 3563 1362 3641; baseline 0 -17"><span class='ocrx_word' id='word_1_409' title='bbox 156 3565 302 3641; x_wconf 87' lang='lat' dir='ltr'><strong>sipisccre,</strong></span> <span class='ocrx_word' id='word_1_410' title='bbox 325 3573 354 3624; x_wconf 90' lang='lat' dir='ltr'><strong>et</strong></span> <span class='ocrx_word' id='word_1_411' title='bbox 374 3565 405 3622; x_wconf 86' lang='lat' dir='ltr'><strong>iu</strong></span> <span class='ocrx_word' id='word_1_412' title='bbox 426 3564 571 3624; x_wconf 90' lang='lat' dir='ltr'><strong>Christum</strong></span> <span class='ocrx_word' id='word_1_413' title='bbox 592 3583 661 3622; x_wconf 81' lang='lat' dir='ltr'><strong>vere</strong></span> <span class='ocrx_word' id='word_1_414' title='bbox 675 3571 705 3622; x_wconf 89' lang='lat' dir='ltr'><strong>et</strong></span> <span class='ocrx_word' id='word_1_415' title='bbox 723 3564 808 3622; x_wconf 90' lang='lat' dir='ltr'><strong>unice</strong></span> <span class='ocrx_word' id='word_1_416' title='bbox 829 3563 1003 3637; x_wconf 88' lang='lat' dir='ltr'><strong>recumbere,</strong></span> <span class='ocrx_word' id='word_1_417' title='bbox 1025 3571 1088 3622; x_wconf 88' lang='lat' dir='ltr'><strong>turn</strong></span> <span class='ocrx_word' id='word_1_418' title='bbox 1111 3563 1228 3622; x_wconf 90' lang='lat' dir='ltr'><strong>demum</strong></span> <span class='ocrx_word' id='word_1_419' title='bbox 1246 3564 1362 3624; x_wconf 88' lang='lat' dir='ltr'><strong>credere</strong></span> 
     </span>
     <span class='ocr_line' id='line_1_41' title="bbox 157 3641 1362 3722; baseline 0 -19"><span class='ocrx_word' id='word_1_420' title='bbox 157 3653 301 3720; x_wconf 84' lang='lat' dir='ltr'><strong>tenentur,</strong></span> <span class='ocrx_word' id='word_1_421' title='bbox 318 3643 464 3703; x_wconf 86' lang='lat' dir='ltr'><strong>Christum</strong></span> <span class='ocrx_word' id='word_1_422' title='bbox 477 3661 530 3720; x_wconf 92' lang='lat' dir='ltr'><strong>pro</strong></span> <span class='ocrx_word' id='word_1_423' title='bbox 545 3663 575 3702; x_wconf 90' lang='lat' dir='ltr'><strong>ee</strong></span> <span class='ocrx_word' id='word_1_424' title='bbox 590 3661 653 3702; x_wconf 90' lang='lat' dir='ltr'><strong>esse</strong></span> <span class='ocrx_word' id='word_1_425' title='bbox 667 3651 820 3715; x_wconf 90' lang='lat' dir='ltr'><strong>mortuum,</strong></span> <span class='ocrx_word' id='word_1_426' title='bbox 833 3641 944 3720; x_wconf 89' lang='lat' dir='ltr'><strong>sibique</strong></span> <span class='ocrx_word' id='word_1_427' title='bbox 957 3651 1074 3720; x_wconf 83' lang='lat' dir='ltr'><strong>propter</strong></span> <span class='ocrx_word' id='word_1_428' title='bbox 1084 3643 1148 3720; x_wconf 88' lang='lat' dir='ltr'><strong>ejus</strong></span> <span class='ocrx_word' id='word_1_429' title='bbox 1161 3651 1283 3703; x_wconf 88' lang='lat' dir='ltr'><strong>mortem</strong></span> <span class='ocrx_word' id='word_1_430' title='bbox 1296 3665 1362 3722; x_wconf 86' lang='lat' dir='ltr'><strong>pce·</strong></span> 
     </span>
     <span class='ocr_line' id='line_1_42' title="bbox 155 3721 1362 3801; baseline -0.001 -18"><span class='ocrx_word' id='word_1_431' title='bbox 155 3732 222 3783; x_wconf 78' lang='lat' dir='ltr'><strong>catis</strong></span> <span class='ocrx_word' id='word_1_432' title='bbox 235 3743 298 3782; x_wconf 89' lang='lat' dir='ltr'><strong>esse</strong></span> <span class='ocrx_word' id='word_1_433' title='bbox 313 3723 441 3782; x_wconf 87' lang='lat' dir='ltr'><strong>remissa.</strong></span> <span class='ocrx_word' id='word_1_434' title='bbox 483 3723 531 3780; x_wconf 84' lang='lat' dir='ltr'><strong>Ex</strong></span> <span class='ocrx_word' id='word_1_435' title='bbox 546 3721 651 3799; x_wconf 90' lang='lat' dir='ltr'><strong>quibus</strong></span> <span class='ocrx_word' id='word_1_436' title='bbox 665 3729 785 3796; x_wconf 86' lang='lat' dir='ltr'><strong>constat,</strong></span> <span class='ocrx_word' id='word_1_437' title='bbox 809 3721 895 3780; x_wconf 87' lang='lat' dir='ltr'><strong>iidem</strong></span> <span class='ocrx_word' id='word_1_438' title='bbox 917 3723 947 3779; x_wconf 91' lang='lat' dir='ltr'><strong>in</strong></span> <span class='ocrx_word' id='word_1_439' title='bbox 962 3722 1106 3782; x_wconf 88' lang='lat' dir='ltr'><strong>Christum</strong></span> <span class='ocrx_word' id='word_1_440' title='bbox 1130 3725 1223 3800; x_wconf 91' lang='lat' dir='ltr'><strong>primo</strong></span> <span class='ocrx_word' id='word_1_441' title='bbox 1236 3743 1362 3801; x_wconf 85' lang='lat' dir='ltr'><strong>praesup-</strong></span> 
     </span>
     <span class='ocr_line' id='line_1_43' title="bbox 149 3800 1363 3880; baseline 0.002 -21"><span class='ocrx_word' id='word_1_442' title='bbox 149 3821 264 3880; x_wconf 89' lang='lat' dir='ltr'><strong>ponere</strong></span> <span class='ocrx_word' id='word_1_443' title='bbox 279 3801 456 3878; x_wconf 85' lang='lat' dir='ltr'><strong>agnitionem</strong></span> <span class='ocrx_word' id='word_1_444' title='bbox 478 3801 601 3860; x_wconf 77' lang='lat' dir='ltr'><strong>miseria</strong></span> <span class='ocrx_word' id='word_1_445' title='bbox 626 3808 655 3859; x_wconf 93' lang='lat' dir='ltr'><strong>et</strong></span> <span class='ocrx_word' id='word_1_446' title='bbox 673 3800 847 3859; x_wconf 87' lang='lat' dir='ltr'><strong>desiderium</strong></span> <span class='ocrx_word' id='word_1_447' title='bbox 861 3801 1049 3876; x_wconf 86' lang='lat' dir='ltr'><strong>liberationis,</strong></span> <span class='ocrx_word' id='word_1_448' title='bbox 1064 3801 1288 3880; x_wconf 81' lang='lat' dir='ltr'><strong>mandatumque</strong></span> <span class='ocrx_word' id='word_1_449' title='bbox 1303 3823 1363 3861; x_wconf 88' lang='lat' dir='ltr'><strong>cre·</strong></span> 
     </span>
     <span class='ocr_line' id='line_1_44' title="bbox 159 3879 1362 3958; baseline 0.001 -20"><span class='ocrx_word' id='word_1_450' title='bbox 159 3881 248 3938; x_wconf 84' lang='lat' dir='ltr'><strong>dandi</strong></span> <span class='ocrx_word' id='word_1_451' title='bbox 261 3901 320 3940; x_wconf 92' lang='lat' dir='ltr'><strong>non</strong></span> <span class='ocrx_word' id='word_1_452' title='bbox 332 3901 433 3940; x_wconf 88' lang='lat' dir='ltr'><strong>omnes</strong></span> <span class='ocrx_word' id='word_1_453' title='bbox 456 3881 618 3958; x_wconf 88' lang='lat' dir='ltr'><strong>promiscue</strong></span> <span class='ocrx_word' id='word_1_454' title='bbox 640 3888 778 3958; x_wconf 86' lang='lat' dir='ltr'><strong>spectare,</strong></span> <span class='ocrx_word' id='word_1_455' title='bbox 802 3879 854 3937; x_wconf 88' lang='lat' dir='ltr'><strong>sed</strong></span> <span class='ocrx_word' id='word_1_456' title='bbox 873 3899 975 3938; x_wconf 88' lang='lat' dir='ltr'><strong>omncs</strong></span> <span class='ocrx_word' id='word_1_457' title='bbox 996 3881 1140 3940; x_wconf 88' lang='lat' dir='ltr'><strong>miseriam</strong></span> <span class='ocrx_word' id='word_1_458' title='bbox 1164 3890 1362 3956; x_wconf 83' lang='lat' dir='ltr'><strong>agnoscentes,</strong></span> 
     </span>
     <span class='ocr_line' id='line_1_45' title="bbox 160 3957 1365 4036; baseline 0.002 -20"><span class='ocrx_word' id='word_1_459' title='bbox 160 3957 395 4036; x_wconf 85' lang='lat' dir='ltr'><strong>liberationisque</strong></span> <span class='ocrx_word' id='word_1_460' title='bbox 416 3979 453 4019; x_wconf 84' lang='lat' dir='ltr'><strong>err</strong></span> <span class='ocrx_word' id='word_1_461' title='bbox 474 3979 508 4018; x_wconf 87' lang='lat' dir='ltr'><strong>aa</strong></span> <span class='ocrx_word' id='word_1_462' title='bbox 528 3959 657 4036; x_wconf 89' lang='lat' dir='ltr'><strong>cupidos,</strong></span> <span class='ocrx_word' id='word_1_463' title='bbox 679 3958 809 4017; x_wconf 87' lang='lat' dir='ltr'><strong>sitientes</strong></span> <span class='ocrx_word' id='word_1_464' title='bbox 822 3967 852 4017; x_wconf 91' lang='lat' dir='ltr'><strong>et</strong></span> <span class='ocrx_word' id='word_1_465' title='bbox 871 3957 1028 4033; x_wconf 82' lang='lat' dir='ltr'><strong>famelicos,</strong></span> <span class='ocrx_word' id='word_1_466' title='bbox 1049 3961 1100 4034; x_wconf 91' lang='lat' dir='ltr'><strong>qui</strong></span> <span class='ocrx_word' id='word_1_467' title='bbox 1113 3959 1221 4017; x_wconf 88' lang='lat' dir='ltr'><strong>onerati</strong></span> <span class='ocrx_word' id='word_1_468' title='bbox 1244 3967 1311 4016; x_wconf 85' lang='lat' dir='ltr'><strong>sunt</strong></span> <span class='ocrx_word' id='word_1_469' title='bbox 1335 3970 1365 4018; x_wconf 88' lang='lat' dir='ltr'><strong>et</strong></span> 
     </span>
     <span class='ocr_line' id='line_1_46' title="bbox 161 4037 1363 4113; baseline 0.002 -18"><span class='ocrx_word' id='word_1_470' title='bbox 161 4037 283 4113; x_wconf 83' lang='lat' dir='ltr'><strong>fatigati,</strong></span> <span class='ocrx_word' id='word_1_471' title='bbox 306 4038 388 4096; x_wconf 87' lang='lat' dir='ltr'><strong>fracti</strong></span> <span class='ocrx_word' id='word_1_472' title='bbox 409 4048 438 4098; x_wconf 89' lang='lat' dir='ltr'><strong>et</strong></span> <span class='ocrx_word' id='word_1_473' title='bbox 458 4039 575 4098; x_wconf 86' lang='lat' dir='ltr'><strong>contriti</strong></span> <span class='ocrx_word' id='word_1_474' title='bbox 588 4038 683 4112; x_wconf 88' lang='lat' dir='ltr'><strong>corde,</strong></span> <span class='ocrx_word' id='word_1_475' title='bbox 700 4038 805 4096; x_wconf 86' lang='lat' dir='ltr'><strong>Matth.</strong></span> <span class='ocrx_word' id='word_1_476' title='bbox 826 4038 867 4096; x_wconf 84' lang='lat' dir='ltr'><strong>xi.</strong></span> <span class='ocrx_word' id='word_1_477' title='bbox 888 4039 937 4111; x_wconf 81' lang='lat'><strong>28,</strong></span> <span class='ocrx_word' id='word_1_478' title='bbox 964 4038 1021 4095; x_wconf 87' lang='lat' dir='ltr'><strong>Isa.</strong></span> <span class='ocrx_word' id='word_1_479' title='bbox 1036 4037 1087 4095; x_wconf 85' lang='lat' dir='ltr'><strong>lxi.</strong></span> <span class='ocrx_word' id='word_1_480' title='bbox 1116 4039 1141 4110; x_wconf 90' lang='lat'><strong>1,</strong></span> <span class='ocrx_word' id='word_1_481' title='bbox 1163 4037 1290 4094; x_wconf 87' lang='lat' dir='ltr'><strong>secundo</strong></span> <span class='ocrx_word' id='word_1_482' title='bbox 1308 4039 1363 4098; x_wconf 88' lang='lat' dir='ltr'><strong>hoo</strong></span> 
     </span>
     <span class='ocr_line' id='line_1_47' title="bbox 160 4113 1365 4196; baseline 0.002 -23"><span class='ocrx_word' id='word_1_483' title='bbox 160 4115 328 4174; x_wconf 86' lang='lat' dir='ltr'><strong>mandatum</strong></span> <span class='ocrx_word' id='word_1_484' title='bbox 341 4118 433 4194; x_wconf 88' lang='lat' dir='ltr'><strong>primo</strong></span> <span class='ocrx_word' id='word_1_485' title='bbox 447 4125 477 4176; x_wconf 90' lang='lat' dir='ltr'><strong>et</strong></span> <span class='ocrx_word' id='word_1_486' title='bbox 489 4115 654 4176; x_wconf 72' lang='lat' dir='ltr'><strong>inmeditate</strong></span> <span class='ocrx_word' id='word_1_487' title='bbox 667 4135 725 4175; x_wconf 84' lang='lat' dir='ltr'><strong>nou</strong></span> <span class='ocrx_word' id='word_1_488' title='bbox 738 4117 857 4196; x_wconf 80' lang='lat' dir='ltr'><strong>exigere</strong></span> <span class='ocrx_word' id='word_1_489' title='bbox 870 4135 888 4174; x_wconf 91' lang='lat' dir='ltr'><strong>a</strong></span> <span class='ocrx_word' id='word_1_490' title='bbox 901 4115 985 4174; x_wconf 89' lang='lat' dir='ltr'><strong>nobis</strong></span> <span class='ocrx_word' id='word_1_491' title='bbox 1008 4113 1104 4188; x_wconf 83' lang='lat' dir='ltr'><strong>iidem,</strong></span> <span class='ocrx_word' id='word_1_492' title='bbox 1118 4133 1177 4190; x_wconf 87' lang='lat' dir='ltr'><strong>qua</strong></span> <span class='ocrx_word' id='word_1_493' title='bbox 1194 4115 1260 4190; x_wconf 90' lang='lat' dir='ltr'><strong>quis</strong></span> <span class='ocrx_word' id='word_1_494' title='bbox 1273 4116 1365 4176; x_wconf 88' lang='lat' dir='ltr'><strong>credit</strong></span> 
     </span>
     <span class='ocr_line' id='line_1_48' title="bbox 160 4193 1363 4272; baseline 0 -17"><span class='ocrx_word' id='word_1_495' title='bbox 160 4194 307 4255; x_wconf 86' lang='lat' dir='ltr'><strong>Christum</strong></span> <span class='ocrx_word' id='word_1_496' title='bbox 321 4215 373 4272; x_wconf 89' lang='lat' dir='ltr'><strong>pro</strong></span> <span class='ocrx_word' id='word_1_497' title='bbox 394 4216 425 4254; x_wconf 91' lang='lat' dir='ltr'><strong>se</strong></span> <span class='ocrx_word' id='word_1_498' title='bbox 442 4204 587 4255; x_wconf 88' lang='lat' dir='ltr'><strong>mortuum</strong></span> <span class='ocrx_word' id='word_1_499' title='bbox 600 4215 673 4270; x_wconf 84' lang='lat' dir='ltr'><strong>esse,</strong></span> <span class='ocrx_word' id='word_1_500' title='bbox 695 4196 747 4254; x_wconf 88' lang='lat' dir='ltr'><strong>sed</strong></span> <span class='ocrx_word' id='word_1_501' title='bbox 760 4193 855 4269; x_wconf 87' lang='lat' dir='ltr'><strong>fidem,</strong></span> <span class='ocrx_word' id='word_1_502' title='bbox 878 4194 986 4271; x_wconf 80' lang='lat' dir='ltr'><strong>quaed</strong></span> <span class='ocrx_word' id='word_1_503' title='bbox 1007 4193 1151 4252; x_wconf 90' lang='lat' dir='ltr'><strong>Christum</strong></span> <span class='ocrx_word' id='word_1_504' title='bbox 1173 4193 1363 4270; x_wconf 82' lang='lat' dir='ltr'><strong>confugimus,</strong></span> 
     </span>
     <span class='ocr_line' id='line_1_49' title="bbox 159 4271 1364 4351; baseline -0.002 -17"><span class='ocrx_word' id='word_1_505' title='bbox 159 4293 228 4334; x_wconf 90' lang='lat' dir='ltr'><strong>eum</strong></span> <span class='ocrx_word' id='word_1_506' title='bbox 242 4273 448 4351; x_wconf 88' lang='lat' dir='ltr'><strong>amplectimur,</strong></span> <span class='ocrx_word' id='word_1_507' title='bbox 464 4275 538 4334; x_wconf 91' lang='lat' dir='ltr'><strong>etin</strong></span> <span class='ocrx_word' id='word_1_508' title='bbox 551 4295 616 4334; x_wconf 91' lang='lat' dir='ltr'><strong>cnm</strong></span> <span class='ocrx_word' id='word_1_509' title='bbox 638 4275 839 4348; x_wconf 75' lang='lat' dir='ltr'><strong>sucumbimus,</strong></span> <span class='ocrx_word' id='word_1_510' title='bbox 865 4292 930 4350; x_wconf 80' lang='lat' dir='ltr'><strong>qua</strong></span> <span class='ocrx_word' id='word_1_511' title='bbox 943 4272 1016 4331; x_wconf 91' lang='lat' dir='ltr'><strong>nihil</strong></span> <span class='ocrx_word' id='word_1_512' title='bbox 1043 4271 1122 4331; x_wconf 90' lang='lat' dir='ltr'><strong>aliud</strong></span> <span class='ocrx_word' id='word_1_513' title='bbox 1136 4279 1189 4347; x_wconf 88' lang='lat' dir='ltr'><strong>cst,</strong></span> <span class='ocrx_word' id='word_1_514' title='bbox 1204 4292 1290 4349; x_wconf 87' lang='lat' dir='ltr'><strong>quarn</strong></span> <span class='ocrx_word' id='word_1_515' title='bbox 1303 4293 1364 4332; x_wconf 90' lang='lat' dir='ltr'><strong>mo·</strong></span> 
     </span>
     <span class='ocr_line' id='line_1_50' title="bbox 161 4349 1365 4432; baseline -0.004 -19"><span class='ocrx_word' id='word_1_516' title='bbox 161 4364 210 4413; x_wconf 90' lang='lat' dir='ltr'><strong>tus</strong></span> <span class='ocrx_word' id='word_1_517' title='bbox 224 4353 289 4428; x_wconf 79' lang='lat' dir='ltr'><strong>illc,</strong></span> <span class='ocrx_word' id='word_1_518' title='bbox 298 4373 355 4430; x_wconf 90' lang='lat' dir='ltr'><strong>quo</strong></span> <span class='ocrx_word' id='word_1_519' title='bbox 369 4363 503 4431; x_wconf 82' lang='lat' dir='ltr'><strong>peccator</strong></span> <span class='ocrx_word' id='word_1_520' title='bbox 516 4355 687 4432; x_wconf 84' lang='lat' dir='ltr'><strong>resipiscens</strong></span> <span class='ocrx_word' id='word_1_521' title='bbox 708 4353 831 4412; x_wconf 85' lang='lat' dir='ltr'><strong>miseriae</strong></span> <span class='ocrx_word' id='word_1_522' title='bbox 850 4371 910 4411; x_wconf 76' lang='lat' dir='ltr'><strong>sua</strong></span> <span class='ocrx_word' id='word_1_523' title='bbox 924 4371 1010 4410; x_wconf 89' lang='lat' dir='ltr'><strong>sensu</strong></span> <span class='ocrx_word' id='word_1_524' title='bbox 1032 4349 1170 4428; x_wconf 87' lang='lat' dir='ltr'><strong>dejectus,</strong></span> <span class='ocrx_word' id='word_1_525' title='bbox 1187 4360 1216 4410; x_wconf 88' lang='lat' dir='ltr'><strong>et</strong></span> <span class='ocrx_word' id='word_1_526' title='bbox 1230 4352 1365 4428; x_wconf 84' lang='lat' dir='ltr'><strong>Evange-</strong></span> 
     </span>
     <span class='ocr_line' id='line_1_51' title="bbox 162 4430 1365 4508; baseline -0.002 -16"><span class='ocrx_word' id='word_1_527' title='bbox 162 4435 220 4492; x_wconf 89' lang='lat' dir='ltr'><strong>iica</strong></span> <span class='ocrx_word' id='word_1_528' title='bbox 233 4431 404 4492; x_wconf 84' lang='lat' dir='ltr'><strong>invitatione</strong></span> <span class='ocrx_word' id='word_1_529' title='bbox 417 4434 570 4508; x_wconf 81' lang='lat' dir='ltr'><strong>excitatus,</strong></span> <span class='ocrx_word' id='word_1_530' title='bbox 585 4435 662 4492; x_wconf 90' lang='lat' dir='ltr'><strong>omni</strong></span> <span class='ocrx_word' id='word_1_531' title='bbox 676 4435 734 4492; x_wconf 91' lang='lat' dir='ltr'><strong>alio</strong></span> <span class='ocrx_word' id='word_1_532' title='bbox 748 4432 883 4506; x_wconf 89' lang='lat' dir='ltr'><strong>remedio,</strong></span> <span class='ocrx_word' id='word_1_533' title='bbox 897 4439 928 4490; x_wconf 91' lang='lat' dir='ltr'><strong>et</strong></span> <span class='ocrx_word' id='word_1_534' title='bbox 937 4431 1043 4489; x_wconf 84' lang='lat' dir='ltr'><strong>fiducia</strong></span> <span class='ocrx_word' id='word_1_535' title='bbox 1053 4430 1204 4506; x_wconf 89' lang='lat' dir='ltr'><strong>abnegate,</strong></span> <span class='ocrx_word' id='word_1_536' title='bbox 1217 4430 1254 4488; x_wconf 89' lang='lat' dir='ltr'><strong>ad</strong></span> <span class='ocrx_word' id='word_1_537' title='bbox 1268 4431 1365 4490; x_wconf 88' lang='lat' dir='ltr'><strong>Chris·</strong></span> 
     </span>
     <span class='ocr_line' id='line_1_52' title="bbox 161 4509 1367 4592; baseline -0.004 -18"><span class='ocrx_word' id='word_1_538' title='bbox 161 4522 224 4574; x_wconf 86' lang='lat' dir='ltr'><strong>turn</strong></span> <span class='ocrx_word' id='word_1_539' title='bbox 246 4529 299 4572; x_wconf 88' lang='lat' dir='ltr'><strong>ceu</strong></span> <span class='ocrx_word' id='word_1_540' title='bbox 320 4530 421 4590; x_wconf 88' lang='lat' dir='ltr'><strong>rupem</strong></span> <span class='ocrx_word' id='word_1_541' title='bbox 440 4513 543 4572; x_wconf 83' lang='lat' dir='ltr'><strong>salutis</strong></span> <span class='ocrx_word' id='word_1_542' title='bbox 563 4514 702 4592; x_wconf 78' lang='lat' dir='ltr'><strong>confugit,</strong></span> <span class='ocrx_word' id='word_1_543' title='bbox 723 4522 753 4572; x_wconf 91' lang='lat' dir='ltr'><strong>et</strong></span> <span class='ocrx_word' id='word_1_544' title='bbox 774 4513 895 4589; x_wconf 68' lang='lat' dir='ltr'><strong>gratim</strong></span> <span class='ocrx_word' id='word_1_545' title='bbox 923 4511 954 4568; x_wconf 90' lang='lat' dir='ltr'><strong>in</strong></span> <span class='ocrx_word' id='word_1_546' title='bbox 975 4509 1136 4586; x_wconf 85' lang='lat' dir='ltr'><strong>Evangelio</strong></span> <span class='ocrx_word' id='word_1_547' title='bbox 1158 4509 1282 4569; x_wconf 85' lang='lat' dir='ltr'><strong>oblatam</strong></span> <span class='ocrx_word' id='word_1_548' title='bbox 1305 4519 1367 4570; x_wconf 90' lang='lat' dir='ltr'><strong>toto</strong></span> 
     </span>
     <span class='ocr_line' id='line_1_53' title="bbox 161 4590 1366 4670; baseline -0.002 -18"><span class='ocrx_word' id='word_1_549' title='bbox 161 4591 250 4652; x_wconf 82' lang='lat' dir='ltr'><strong>corde</strong></span> <span class='ocrx_word' id='word_1_550' title='bbox 265 4601 385 4670; x_wconf 85' lang='lat' dir='ltr'><strong>exoptat</strong></span> <span class='ocrx_word' id='word_1_551' title='bbox 397 4599 429 4651; x_wconf 90' lang='lat' dir='ltr'><strong>ct</strong></span> <span class='ocrx_word' id='word_1_552' title='bbox 441 4592 552 4669; x_wconf 82' lang='lat' dir='ltr'><strong>quaerit.</strong></span> <span class='ocrx_word' id='word_1_553' title='bbox 596 4594 661 4668; x_wconf 83' lang='lat' dir='ltr'><strong>Seu,</strong></span> <span class='ocrx_word' id='word_1_554' title='bbox 677 4601 710 4652; x_wconf 91' lang='lat' dir='ltr'><strong>ut</strong></span> <span class='ocrx_word' id='word_1_555' title='bbox 723 4592 841 4651; x_wconf 88' lang='lat' dir='ltr'><strong>brevius</strong></span> <span class='ocrx_word' id='word_1_556' title='bbox 861 4591 964 4666; x_wconf 86' lang='lat' dir='ltr'><strong>dicam,</strong></span> <span class='ocrx_word' id='word_1_557' title='bbox 989 4591 1128 4666; x_wconf 72' lang='lat' dir='ltr'><strong>refugium</strong></span> <span class='ocrx_word' id='word_1_558' title='bbox 1145 4590 1303 4665; x_wconf 61' lang='lat' dir='ltr'><strong>moratores</strong></span> <span class='ocrx_word' id='word_1_559' title='bbox 1321 4605 1366 4650; x_wconf 80' lang='lat' dir='ltr'><strong>rc-</strong></span> 
     </span>
     <span class='ocr_line' id='line_1_54' title="bbox 158 4669 1368 4750; baseline -0.002 -20"><span class='ocrx_word' id='word_1_560' title='bbox 158 4673 369 4750; x_wconf 79' lang='lat' dir='ltr'><strong>ripiaceatirad</strong></span> <span class='ocrx_word' id='word_1_561' title='bbox 386 4675 489 4746; x_wconf 76' lang='lat' dir='ltr'><strong>Doara,</strong></span> <span class='ocrx_word' id='word_1_562' title='bbox 505 4681 639 4749; x_wconf 65' lang='lat' dir='ltr'><strong>tamma</strong></span> <span class='ocrx_word' id='word_1_563' title='bbox 650 4675 760 4748; x_wconf 79' lang='lat' dir='ltr'><strong>sontem</strong></span> <span class='ocrx_word' id='word_1_564' title='bbox 788 4671 876 4729; x_wconf 71' lang='lat' dir='ltr'><strong>camb</strong></span> <span class='ocrx_word' id='word_1_565' title='bbox 896 4671 1007 4747; x_wconf 66' lang='lat' dir='ltr'><strong>pretim</strong></span> <span class='ocrx_word' id='word_1_566' title='bbox 1022 4680 1049 4729; x_wconf 85' lang='lat' dir='ltr'><strong>et</strong></span> <span class='ocrx_word' id='word_1_567' title='bbox 1074 4669 1214 4730; x_wconf 67' lang='lat' dir='ltr'><strong>Christum</strong></span> <span class='ocrx_word' id='word_1_568' title='bbox 1233 4677 1368 4747; x_wconf 79' lang='lat' dir='ltr'><strong>tauquam</strong></span> 
     </span>
    </p>
   </div>
   <div class='ocr_carea' id='block_1_4' title="bbox 0 0 1589 5210">
    <p class='ocr_par' dir='ltr' id='par_1_5' title="bbox 0 0 1589 5210">
     <span class='ocr_line' id='line_1_55' title="bbox 0 0 1589 5210; baseline 0 0"><span class='ocrx_word' id='word_1_569' title='bbox 0 0 1589 5210; x_wconf 95' lang='lat' dir='ltr'><strong> </strong></span> 
     </span>
    </p>
   </div>
  </div>
 </body>
</html>
