3108 5198
104 397 202 448 arser.
217 375 290 462 mn]
593 395 632 438 us
646 396 724 440 nuos
738 393 799 438 um.
1049 418 1052 432 .
1264 385 1302 444 65

100 543 138 602 hut
149 561 297 602 consensu
316 541 439 616 meme,
454 539 536 614 Secti,
552 531 694 618 caroea,
710 539 874 616 Lemhordi,
893 539 1029 618 Caietam,
1046 542 1115 620 Soti,
1131 551 1160 606 et
1174 543 1302 605 omnium

100 623 340 682 Scholasticorum
356 620 480 680 melioris
493 629 578 678 notae.

129 701 196 762 VII.
219 703 313 760 Hanc
341 701 512 760 seutentiam
535 698 697 759 Orthodoxi
719 707 884 760 constanter
906 709 1074 778 sequuntur.
1116 702 1199 763 Licet
1223 705 1300 765 enim

96 785 213 841 Brennus
225 803 284 861 per
298 780 476 840 calumniam
490 780 521 838 in
535 780 662 839 manuali
678 800 739 856 suo,
754 780 805 839 lib.
821 801 849 839 v.
869 801 931 858 cap.
947 785 995 856 21,
1018 791 1051 841 ut
1071 783 1180 842 nefaris
1200 784 1299 844 Jesui-

98 873 176 921 tsmm
190 863 334 922 doctrina
348 862 487 938 tantisper
501 860 592 919 oculis
604 862 759 919 Lectorum
772 860 894 920 subduci
907 870 1013 940 posset,
1030 883 1129 940 sparso
1142 865 1198 924 hoc
1212 867 1296 942 quasi

97 944 167 1020 sepiae
181 951 363 1018 atramento,
378 941 462 1000 nohis
476 939 630 1015 adscribat,
647 943 664 973 “
676 960 729 999 uos
743 949 858 1000 strenue
878 941 921 1001 uti
940 942 995 1000 hac
1016 951 1085 1017 arte,
1101 951 1130 1001 et
1144 945 1222 1020 quod
1242 966 1296 1005 nos

97 1021 211 1097 iacimus,
227 1022 308 1101 ipsis
324 1043 377 1100 per
390 1021 562 1080 calumniam
577 1021 736 1099 impingere
748 1021 775 1097 ;'’
794 1041 879 1098 quem
895 1023 1024 1098 sequitur
1037 1024 1254 1084 Broehmannus
1267 1026 1299 1084 in

97 1101 179 1178 Systc.
193 1103 302 1178 Theo,
321 1103 370 1161 Tr.
386 1101 423 1160 de
438 1101 526 1178 Lege,
543 1121 567 1160 c.
582 1101 622 1158 vi.
637 1121 665 1178 q.
680 1105 718 1178 4;
739 1101 818 1180 ipsos
832 1110 929 1160 tamen
943 1110 1058 1161 strenue
1073 1104 1188 1163 mentiri
1201 1105 1298 1182 palam

94 1193 135 1258 est
148 1204 185 1241 ex
195 1185 352 1242 constanti
366 1183 539 1241 Nostrorum
554 1180 692 1256 doctrina,
708 1189 737 1239 ot
750 1182 843 1258 praxi.
885 1181 947 1240 Nec
957 1183 1108 1242 calumnia
1122 1182 1208 1261 iavet,
1219 1185 1298 1262 quod

94 1280 123 1318 ex
135 1263 211 1321 Bora
225 1273 358 1342 uterque
372 1261 464 1336 affert,
480 1261 558 1339 quod
575 1261 604 1318 in
619 1261 798 1320 consessione
813 1281 865 1320 sua
879 1263 1041 1338 asseruerit,
1057 1283 1103 1322 an.
1121 1266 1208 1341 1556,
1225 1266 1297 1326 Cor-

90 1359 136 1416 pus
149 1343 257 1402 Christi
265 1365 338 1403 vere
352 1352 380 1403 et
392 1343 509 1401 realiter
523 1361 580 1400 esse
589 1361 715 1417 proesetts
726 1343 754 1400 in
768 1343 863 1416 Oeno,
879 1339 943 1418 dre,
956 1343 1133 1420 quieveram
1148 1352 1177 1403 et
1190 1346 1298 1406 realem

94 1424 265 1496 presentiam
282 1433 316 1484 et
336 1422 551 1502 perceptionem
566 1421 673 1480 Christi
696 1421 831 1482 fidelibus
853 1422 884 1482 in
905 1422 995 1480 Coena
1018 1423 1205 1502 admittimus,
1229 1427 1298 1486 licet

96 1501 270 1580 Corpomlem
286 1515 320 1564 et
331 1503 562 1580 CapemaIticam
576 1501 749 1578 rejiciamus

107 1647 114 1658 ,
395 1582 487 1640 VIII.
509 1580 648 1640 Rationes
662 1590 768 1641 nostrae
788 1589 864 1658 sunt,
889 1585 915 1642 1.
932 1582 1006 1658 Quia
1025 1583 1229 1644 duramentum
1247 1586 1296 1646 de·

96 1645 141 1694 lm
176 1652 271 1724 licere·
289 1653 331 1724 “il
354 1663 405 1721 het
418 1681 481 1721 esse
496 1661 589 1720 omnis
603 1662 807 1721 controversiae
817 1663 965 1738 terminus,
982 1683 1019 1721 ex
1033 1663 1186 1740 Apostolo,
1203 1665 1295 1724 Hebr.

129 1715 331 1826 ffiwff‘ffi
352 1743 392 1801 vi.
415 1744 461 1816 16,
484 1741 535 1799 sed
555 1740 709 1816 ubi-adest
730 1741 929 1819 aequivocatio,
951 1742 1180 1820 multiplicantur
1199 1745 1296 1820 potius

128 1827 334 1932 mentunproba-
354 1842 442 1899 quem
456 1821 595 1880 finiuntur
607 1821 683 1897 lites,
699 1841 765 1879 cum
783 1821 857 1879 nthl
876 1829 981 1897 pateat,
1001 1821 1078 1880 unde
1094 1823 1214 1900 colligat
1231 1843 1298 1901 pars

130 1887 206 1984 ἴθ’
245 1888 286 1933 ⁰¹³·
301 1899 333 1933 ¹⁸²
356 1902 455 1977 altera,
470 1921 508 1959 au
521 1901 668 1960 bonafide
683 1911 899 1978 agaturnecne.
942 1901 1003 1960 Nec
1017 1901 1065 1960 hic
1078 1903 1158 1960 valet
1178 1903 1297 1962 distinc-

156 1976 162 1988 '
350 1982 392 2041 tio
400 1982 512 2040 Judicia
520 1982 695 2058 competentis
706 1981 824 2040 vel‘nou
838 1981 1021 2058 competentis,
1032 1981 1081 2059 qui
1094 1981 1218 2059 juridice
1230 2004 1296 2061 pro-

96 2058 173 2136 aedat
179 2063 228 2123 rel
236 2083 304 2124 uon
312 2061 459 2140 procedat,
470 2071 502 2120 ut
511 2083 606 2120 coram
616 2062 637 2121 J
639 2060 722 2120 udice
731 2060 856 2140 juridice
870 2061 1043 2138 procedente
1058 2063 1298 2139 aequivocandum

96 2155 144 2197 uou
156 2142 199 2217 sit,
215 2145 269 2203 sed
278 2144 372 2203 liceat
382 2161 477 2200 coram
488 2161 547 2200 non
561 2149 750 2219 competente.
779 2141 853 2200 Nam
865 2142 952 2200 etism
961 2141 1035 2201 inter
1045 2143 1143 2202 hostes
1155 2144 1298 2204 servanda

97 2227 133 2276 est
144 2219 220 2299 fides,
231 2245 293 2284 nee
309 2221 550 2282 considerandum
559 2231 604 2280 est
617 2223 670 2297 cui,
681 2221 732 2280 sed
742 2242 798 2298 per
808 2242 888 2298 quem
895 2223 1049 2299 juraveris.
1078 2223 1119 2282 Et
1131 2244 1297 2302 quanquam

99 2295 218 2379 lualiquo
233 2325 319 2378 casu,
335 2312 369 2361 ut
382 2302 515 2378 agrioscit
530 2304 650 2360 Thomas
665 2307 693 2360 2.
709 2306 736 2376 2,
752 2323 780 2380 q.
796 2304 843 2378 69,
859 2311 904 2360 art
918 2307 945 2378 2,
956 2323 1014 2361 uon
1024 2302 1111 2361 modo
1124 2304 1236 2363 licitum
1248 2305 1294 2382 sit,

99 2379 141 2436 sed
150 2391 177 2441 et
185 2383 346 2458 laudabile,
355 2383 530 2441 “veritatem
542 2391 645 2458 tacere,
656 2382 707 2440 ubi
717 2381 816 2442 efferre
828 2402 885 2441 nou
897 2383 1017 2460 teneris;
1032 2382 1188 2443 falsitatem
1199 2394 1297 2444 tamen

99 2467 293 2536 proponerem
306 2462 419 2536 nullo,''
434 2462 536 2540 inquit,
554 2464 572 2496 ‘²
586 2482 656 2521 casu
668 2462 736 2520 licet
757 2462 873 2522 alicui.''
916 2463 991 2521 Nam
1012 2472 1044 2522 ut
1065 2464 1101 2521 de
1123 2465 1144 2524 J
1146 2473 1295 2524 urameuto

21 2559 24 2629 ,³
101 2535 270 2605 lamberet
292 2542 466 2616 Canouistae,
490 2545 508 2601 3
528 2550 601 2601 sent.
620 2541 686 2602 dist.
709 2543 756 2618 39,
779 2551 1031 2621 quacunque.arte
1055 2543 1210 2602 verborum
1231 2545 1297 2622 quis

97 2615 170 2696 juret,
186 2624 266 2686 Deus
281 2633 391 2697 tamen,
406 2622 457 2698 qui
470 2622 653 2681 conscientiae
668 2623 749 2682 testis
764 2632 815 2698 est,
831 2623 873 2681 ita
885 2624 941 2682 hoc
960 2623 1073 2701 accipit,
1089 2623 1164 2683 sicut
1185 2625 1233 2684 illc
1249 2625 1296 2684 cui

98 2695 197 2769 juram
208 2704 372 2782 intelligit:
395 2703 443 2761 Sic
458 2702 582 2781 slmplex
602 2703 778 2761 asseveratio
797 2702 966 2762 aestimanda
980 2714 1032 2778 est,
1048 2723 1107 2762 non
1121 2724 1158 2762 ex
1174 2704 1297 2763 subdola

101 2787 290 2860 reservatione,
306 2783 360 2844 sed
379 2803 416 2841 ex
430 2783 632 2841 convenientia
645 2783 854 2842 enunciationis
875 2784 994 2861 prolata
1015 2803 1081 2842 cum
1103 2803 1134 2842 re
1148 2785 1296 2860 proposita

103 2855 132 2914 th
143 2860 356 2944 interrogante,
379 2863 520 2940 siquidem
535 2861 573 2921 ad
592 2881 657 2921 eum
673 2861 822 2939 dirigatur.
865 2863 926 2921 Nec
947 2863 1074 2938 interest,
1091 2871 1187 2920 utrum
1209 2865 1230 2923 J
1232 2864 1295 2922 udi·

103 2954 153 2996 cem
166 2944 330 3024 alloquatur
342 2951 562 3020 competentem,
577 2945 626 3002 rel
639 2943 761 3018 hostem,
776 2951 827 3002 aut
840 2943 973 3000 amicum.
1010 2941 1052 3000 Ut
1066 2941 1142 2999 enim
1157 2943 1296 3021 scriptum

102 3022 213 3108 ¹1{endan
224 3047 285 3086 non
299 3031 449 3084 mutuatur
463 3022 614 3083 veritatem
629 3022 775 3100 electore,
792 3023 834 3081 sic
848 3041 901 3081 neo
915 3020 1042 3080 mendax
1057 3021 1177 3080 assertio
1192 3041 1209 3078 a
1223 3041 1295 3100 qno-

104 3111 145 3154 Vts
157 3104 286 3166 auditore.

393 3184 454 3242 IX.
477 3189 505 3244 2.
521 3186 596 3262 Quia
613 3185 762 3264 Scriptura
775 3186 850 3244 hanc
864 3189 955 3242 artem
970 3189 1068 3260 aperte
1082 3181 1208 3260 damnat,
1225 3182 1295 3244 dum

352 3265 523 3343 perstringit
543 3287 601 3343 eos,
617 3267 668 3344 qui
685 3267 716 3324 iu
730 3286 779 3325 ore
800 3285 852 3325 suo
867 3283 966 3342 pacem
981 3265 1139 3342 loqurmtur
1151 3265 1293 3342 proximo,

351 3353 382 3404 et
402 3345 440 3411 iu,
453 3346 539 3404 corde
559 3355 672 3426 ponunt
692 3346 820 3422 insidias,
843 3346 906 3405 Jer.
921 3345 962 3404 ix.
977 3346 1004 3420 8,
1021 3352 1050 3403 et
1064 3364 1113 3403 eos
1128 3345 1178 3422 qui
1192 3347 1293 3406 ambu-

104 3409 156 3474 imt
167 3419 193 3480 in
206 3424 325 3498 astutia,
341 3429 359 3483 2
376 3425 440 3484 Cor.
455 3425 496 3485 iv.
511 3431 539 3486 2.
563 3427 648 3487 Unde
664 3426 728 3486 vult
742 3424 941 3485 abrenunciari
955 3428 1160 3506 singescheit
1174 3427 1293 3504 ιὶσχόιης

107 3503 288 3585 miserarium
305 3506 325 3562 ἐι
339 3509 486 3587 zaiovgylp,
503 3516 532 3566 et
545 3506 685 3586 praecipit,
701 3515 733 3566 ut
754 3508 783 3566 in
804 3506 1027 3583 manffmmh'me
1045 3508 1170 3566 veritatis
1190 3517 1297 3567 nosmet

106 3593 166 3648 '9³⁰⁸
176 3588 407 3662 commendemus,
422 3608 478 3646 non
493 3596 601 3646 tantum
615 3607 712 3646 coram
725 3590 798 3663 Deo,
820 3589 871 3645 sed
883 3595 910 3645 et
924 3588 1005 3664 apud
1017 3587 1139 3645 omnium
1152 3589 1294 3651 hominum

105 3665 290 3724 memineram.
334 3667 455 3726 Frustra
468 3667 626 3746 excipiunt,
642 3687 673 3725 se
687 3687 745 3726 non
758 3667 867 3745 passim
881 3675 911 3725 et
925 3667 986 3725 siue
1001 3665 1115 3727 delectu
1130 3668 1292 3745 aequivoca-

105 3741 193 3802 tionem
207 3746 386 3822 permittere,
400 3746 451 3805 sed
464 3747 581 3825 quando
591 3748 674 3824 justa
687 3747 805 3825 tegendi
818 3745 976 3806 necessitas
990 3745 1031 3804 ita
1044 3747 1173 3824 requirit,
1184 3755 1216 3806 ut
1227 3768 1293 3808 cum

105 3831 159 3880 vere
171 3826 358 3903 respondeas,
374 3825 470 3904 fugias
490 3836 588 3886 tamen
608 3827 671 3905 ejus
692 3827 906 3902 conscientiam,
929 3827 980 3904 qui
1000 3827 1098 3886 arcani
1117 3827 1293 3886 resciscendi

105 3899 198 3962 nulum
215 3907 268 3984 jus
282 3905 381 3966 habet.
424 3907 498 3982 Quia
511 3907 602 3985 gratis
624 3908 795 3985 supponitur
810 3908 921 3985 justam
941 3907 1004 3964 dari
1024 3906 1226 3965 necessitatem
1240 3907 1294 3969 tali

105 3985 317 4055 eqnvocatione
331 3985 441 4062 utendi,
457 4007 522 4064 quse
537 3988 598 4046 sine
613 3987 762 4046 mendacio
778 4007 841 4046 esse
855 4007 914 4045 nou
926 3993 1031 4064 potest.
1067 3985 1207 4061 Quamvis
1221 4005 1292 4064 ergo

104 4060 179 4124 nolint
191 4066 290 4125 locum
304 4066 411 4125 hahere
425 4067 539 4142 debere,
554 4068 603 4126 vel
616 4067 647 4124 in
661 4067 747 4126 rebus
761 4067 837 4142 fidei,
853 4076 904 4126 aut
922 4067 952 4123 in
967 4065 1169 4141 conuectihus,
1185 4066 1292 4144 quihus

22 4219 23 4225 ,
103 4137 154 4200 this
165 4147 258 4223 possit
272 4165 336 4205 esse
350 4146 528 4224 praejudicio,
544 4147 642 4206 necin
656 4148 742 4206 rebus
756 4147 922 4220 moralibus,
936 4155 970 4205 ut
984 4146 1129 4205 communi
1143 4165 1198 4205 usu
1211 4148 1293 4224 ritae„

102 4226 201 4291 quando
212 4226 323 4286 veritas
338 4227 414 4285 iuter
427 4227 534 4287 amicos
548 4228 711 4305 requiritur,
728 4227 778 4286 sed
793 4228 842 4286 vel
861 4227 892 4285 in
905 4228 1064 4286 necessario
1078 4228 1235 4304 defensione
1253 4227 1291 4286 ad

103 4301 253 4366 evitandum
268 4325 409 4383 maguum
423 4307 541 4384 aliquod
554 4307 700 4382 damnum,
715 4308 764 4366 vel
780 4307 818 4366 ad
832 4306 1042 4384 assequendum
1056 4328 1115 4366 non
1130 4307 1214 4384 parvi
1228 4326 1289 4364 mo-

24 4440 26 4453 ,
101 4386 174 4468 mnu
184 4387 309 4446 bouum:
331 4386 402 4444 alibi
412 4387 533 4446 ulterius
544 4388 705 4446 extendunt
717 4391 734 4420 “
744 4387 773 4445 iu
783 4387 913 4465 quolibet
923 4387 981 4445 alio
991 4387 1126 4446 utilitatis
1137 4395 1186 4444 aut
1195 4385 1287 4442 virtu·

23 4498 24 4510 .
102 4463 130 4517 ht
141 4467 231 4542 actu,''
246 4475 281 4525 ut
294 4467 337 4526 ait
352 4467 506 4543 Gametus,
524 4468 574 4526 uhi
591 4471 608 4500 “
622 4467 756 4527 mentalis
770 4467 926 4526 reservatio
941 4474 1074 4526 censetur
1088 4463 1245 4539 expediens
1260 4470 1290 4522 et

102 4543 423 4622 studiosa,'’utZanchea
430 4547 582 4622 pertendit.
599 4549 617 4580 “
625 4548 660 4605 ln
670 4567 756 4607 causa
763 4547 925 4624 Religionis
933 4543 1141 4624 persecutionis
1150 4549 1288 4617 tempore,

101 4625 295 4703 Potestquivis,
308 4635 339 4686 et
353 4625 474 4686 fortasse
488 4627 662 4705 obligatur,’'
677 4627 771 4705 inquit
786 4619 1288 4702 1³ars0nus,‘²utiequivocatione.”

103 4693 244 4764 lncateris
255 4713 355 4766 autem
367 4705 500 4783 perhanc
514 4707 689 4785 singularem
700 4707 869 4782 doctum,
880 4713 913 4764 ut
927 4705 967 4764 ait
978 4705 1134 4774 Navarrus
1141 4719 1290 4776 pmoumus

164 4803 237 4845 rsus
252 4805 285 4845 11.
1106 4797 1125 4837 Ε

104 3237 332 3356 ἰῇὴὼῗᾞηη
