3214 5194
261 359 302 418 80
733 375 824 417 cocus
839 373 1020 416 usnsoruus.
1263 355 1391 437 [coner.
1409 377 1500 423 xm.

301 515 389 576 XLI.
410 515 495 578 Licet
514 535 553 576 ex
566 515 598 574 ri
610 516 747 596 precepti
761 515 922 577 servandus
936 516 974 576 sit
987 513 1150 575 necessario
1164 533 1241 575 unus
1254 535 1270 576 e
1284 525 1398 595 septem
1415 519 1496 580 die-

259 597 323 673 bus,
349 606 487 674 tanquam
509 596 634 656 officium
656 600 764 657 morale
778 607 807 657 et
819 605 1010 675 perpetuum:
1032 597 1099 655 Non
1114 596 1245 672 sequitur
1257 599 1364 674 pariter
1377 619 1495 659 mora·

258 678 317 737 lem
331 697 394 736 esse
419 677 650 736 observationem
674 678 732 738 diei
755 677 878 756 septimi,
902 696 967 754 quae
989 677 1044 735 hoc
1068 685 1212 754 praecepto
1228 677 1373 738 sancitur:
1398 677 1493 754 Quia

260 757 462 817 determinatio
486 757 607 834 praecisa
629 757 687 816 diei
709 758 825 836 septimi
847 766 891 816 est
914 777 992 816 mere
1005 757 1097 815 libera
1110 763 1140 815 et
1159 755 1346 816 accidentalis
1360 759 1491 838 cultui;

258 855 326 896 nam
340 837 403 897 sive
418 837 548 914 septimo,
572 837 635 896 sive
651 845 743 916 sexto,
767 839 828 896 sive
853 838 910 896 alio
932 837 1068 914 quopiam
1082 856 1098 894 e
1113 836 1274 914 septimana
1286 837 1384 897 cultus
1410 840 1489 899 Deo

257 925 418 995 prestetur,
433 917 552 995 perinde
566 925 618 994 est,
634 918 720 976 modo
735 919 863 978 colatur:
887 917 946 976 Sed
964 915 1165 974 determinatio
1189 916 1275 975 unius
1295 917 1355 977 diei
1367 937 1486 979 neees-

258 997 335 1056 saria
362 1007 414 1073 est,
440 1005 470 1056 et
493 997 563 1056 facit
586 998 727 1076 imprimis
750 998 787 1057 ad
812 998 869 1055 Dei
891 997 1010 1071 cultum,
1035 1015 1090 1055 nec
1113 997 1190 1054 enim
1213 998 1425 1057 convenienter
1447 1008 1487 1059 et

259 1077 434 1137 sufficienter
448 1095 598 1137 censemus
613 1079 709 1138 Deum
723 1078 788 1155 coli,
814 1077 871 1136 nisi
893 1097 968 1136 unus
983 1076 1046 1136 dies
1069 1075 1101 1134 in
1125 1076 1286 1154 septimana
1303 1077 1349 1135 illi
1366 1097 1486 1140 conse-

259 1165 362 1217 cretur.

298 1235 404 1297 XLII.
426 1237 579 1296 Calvinum
602 1240 639 1297 ab
660 1239 716 1298 hac
740 1237 883 1298 sententia
907 1236 1033 1296 alienum
1058 1255 1117 1294 non
1138 1235 1236 1302 trisse,
1262 1255 1321 1295 non
1345 1237 1482 1300 obscure

256 1325 353 1395 potest
366 1317 465 1395 colligi
479 1337 517 1376 ex
540 1318 734 1379 Concionibus
758 1319 821 1396 ejus
843 1317 987 1377 indecem
1003 1318 1168 1392 Praecepta;
1191 1316 1335 1375 Concione
1349 1317 1478 1394 quinta:

259 1399 277 1430 “
293 1397 325 1456 Si
339 1417 467 1457 essemus
481 1397 585 1456 fervidi
600 1399 631 1456 iu
645 1400 725 1458 cultu
740 1399 803 1475 Dei,
819 1405 852 1457 ut
865 1417 918 1476 par
930 1404 1015 1471 esset,
1027 1415 1086 1455 nou
1096 1415 1172 1455 unus
1186 1396 1293 1455 diesin
1307 1398 1480 1474 septimana

258 1476 426 1555 seligendus
440 1486 525 1553 esset,
541 1478 593 1536 sed
606 1479 736 1555 quotidie
750 1476 981 1537 conveniendum
996 1485 1072 1536 esset
1086 1475 1149 1536 sine
1159 1476 1238 1554 Lege
1253 1475 1377 1554 καίρια,
1401 1498 1478 1538 curn

256 1577 327 1636 ergo
350 1558 417 1617 talis
439 1565 469 1617 et
490 1565 572 1617 tanta
596 1558 633 1617 sit
656 1557 808 1618 infirmitas
829 1566 935 1634 nostra,
958 1575 1150 1636 agnoscamus
1163 1556 1293 1634 politiam
1307 1557 1393 1615 istam
1407 1577 1478 1618 non

256 1637 352 1696 datam
368 1657 432 1698 esse
447 1638 540 1697 solnm
554 1637 576 1698 J
578 1637 677 1714 udaeis,
698 1646 732 1698 ut
752 1639 815 1698 dies
829 1647 924 1697 certus
947 1637 1089 1696 habeatur
1101 1636 1139 1695 ad
1153 1635 1389 1712 conveniendum,
1414 1640 1478 1698 sed

256 1718 344 1777 etiam
358 1718 450 1793 nobis,
467 1727 496 1777 et
515 1719 570 1777 boc
583 1719 667 1778 nobis
682 1719 821 1778 cumillis
842 1737 905 1777 esse
920 1717 1100 1776 commune.”
1144 1716 1191 1775 Ita
1205 1716 1346 1776 Concione
1360 1726 1475 1780 sextat

256 1798 378 1874 “Quum
386 1799 500 1875 dicitur,
513 1799 572 1858 Sex
587 1799 689 1858 diebus
704 1799 876 1878 operaberis,
887 1797 1030 1856 Dominus
1044 1796 1178 1871 ostendit,
1190 1815 1248 1856 non
1262 1796 1363 1855 debere
1376 1798 1476 1858 nobis

255 1880 410 1938 molestum
433 1879 527 1938 videri
550 1888 659 1939 certum
684 1880 810 1958 aliquem
834 1879 911 1938 diem
935 1877 992 1954 ipsi
1004 1877 1109 1952 dicare,
1129 1895 1219 1953 quum
1233 1897 1286 1936 sex
1299 1875 1363 1935 loco
1376 1877 1475 1938 unius

255 1959 340 2018 nobis
355 1959 530 2035 concedat;''
553 1967 582 2018 et
596 1961 651 2019 sub
671 1959 758 2018 finem
779 1959 869 2035 addit,
887 1961 905 1992 ‘⁶
920 1959 1014 2016 Deum
1029 1975 1142 2015 summo
1153 1957 1219 2034 jure
1233 1956 1385 2016 nobiscum
1404 1977 1473 2018 non

255 2057 350 2115 agere,
375 2039 426 2097 sed
448 2047 616 2097 contentum
629 2059 693 2098 esse
707 2041 733 2098 si
747 2039 790 2096 illi
804 2039 881 2096 diem
894 2057 985 2097 unum
1000 2055 1207 2113 consecremus,
1229 2045 1280 2096 aut
1298 2037 1324 2096 si
1338 2035 1401 2096 dies
1416 2037 1472 2098 ille

256 2118 341 2176 nobis
355 2117 476 2176 inservit
489 2137 541 2195 per
554 2126 645 2176 totam
660 2119 877 2195 septimanam.''

296 2195 419 2254 XLIII.
442 2197 503 2255 Nec
525 2197 611 2255 aliam
631 2197 694 2274 ejus
714 2206 840 2256 mentem
854 2197 943 2256 fuisse
958 2197 1104 2275 colligitur
1117 2216 1156 2256 ex
1169 2196 1220 2256 lib.
1234 2197 1264 2256 ii.
1287 2195 1385 2256 Instit
1400 2215 1468 2276 cap.

255 2277 283 2350 8,
299 2295 323 2333 a.
337 2279 385 2350 34,
409 2294 499 2351 quum
520 2277 568 2350 ait,
593 2277 610 2308 “
625 2297 656 2335 se
670 2277 864 2355 septenarium
877 2297 1027 2336 numerum
1042 2278 1153 2336 dierum
1166 2295 1224 2335 non
1240 2276 1281 2335 sic
1294 2277 1409 2352 morsui,
1433 2286 1470 2338 ut

255 2355 319 2432 ejus
341 2354 475 2414 servituti
498 2355 658 2414 Ecclesiam
680 2357 880 2434 adstringat:”
902 2357 971 2435 quia
993 2357 1034 2416 ibi
1053 2375 1157 2435 scopus
1171 2357 1234 2434 ejus
1248 2365 1301 2432 est,
1323 2375 1382 2414 non
1403 2365 1468 2417 tam

253 2435 341 2494 unius
365 2434 423 2494 diei
452 2435 483 2492 in
508 2435 668 2512 septimana
692 2437 914 2496 destinationem
939 2437 976 2495 ad
1004 2437 1113 2496 cultum
1137 2437 1285 2514 publicum
1314 2436 1465 2515 damnare,

255 2534 342 2592 quam
357 2513 427 2573 alibi
441 2515 512 2574 setis
525 2535 661 2593 expresse
674 2518 786 2595 probat,
808 2518 857 2576 vel
878 2518 916 2576 ad
935 2517 1066 2596 politiam
1086 2537 1165 2576 mere
1178 2517 1334 2575 humanam
1348 2523 1377 2575 et
1391 2516 1467 2576 libc-

254 2615 317 2653 ram
330 2594 445 2671 referre,
461 2614 547 2672 quam
562 2596 795 2674 superstitionem
806 2596 828 2657 J
830 2598 963 2657 udatcam
977 2597 1026 2656 hic
1039 2617 1161 2676 arguere
1175 2616 1274 2656 eorum
1288 2596 1340 2673 qui
1354 2597 1385 2654 in
1398 2597 1467 2674 ejus

255 2675 457 2735 observatione
481 2675 503 2735 J
504 2675 688 2736 udaizabant.
731 2678 795 2753 Quo
809 2679 954 2756 pertinent
965 2697 1029 2756 quae
1044 2685 1223 2756 sequuntur:
1246 2678 1264 2710 “
1279 2676 1327 2735 Ita
1340 2695 1467 2736 evanes-

254 2763 324 2815 cunt
338 2775 424 2832 nuga
439 2756 768 2835 Pseudoprophetarum,
784 2759 834 2837 qui
848 2759 979 2819 Judatca
992 2758 1127 2835 opinione
1147 2757 1285 2834 populum
1307 2757 1465 2835 superiori·

253 2833 309 2895 bus
333 2836 438 2895 seculis
461 2835 634 2914 imbuerunt,
654 2839 728 2897 nihil
752 2839 831 2900 aliud
852 2839 1011 2914 afferentes,
1036 2838 1094 2896 nisi
1114 2838 1284 2914 abrogatum
1305 2837 1465 2914 essequod

253 2917 451 2976 ceremoniale
474 2925 535 2977 crat
556 2917 587 2978 in
611 2919 666 2978 hoo
680 2919 824 2997 mandato,
845 2920 925 2998 quod
937 2925 1044 2978 vocant
1058 2918 1115 2977 diei
1130 2918 1258 2996 septimae
1272 2917 1462 2995 taxationem,

252 3017 400 3057 remanere
414 3007 510 3058 sutem
524 2998 603 3077 quod
616 3001 724 3060 morale
738 3010 790 3076 est,
812 3019 916 3078 nempe
929 2999 1015 3059 unius
1029 2998 1088 3057 diei
1101 2998 1333 3058 observationem
1346 2999 1376 3055 in
1390 2997 1463 3056 heb-

253 3077 385 3138 domade.
427 3078 521 3157 Atqui
535 3080 566 3138 id
579 3079 652 3139 nihil
666 3081 745 3141 aliud
759 3090 812 3157 est,
835 3101 922 3159 quam
935 3081 966 3138 in
979 3077 1150 3139 ¹Iudaeorum
1165 3078 1369 3137 contumeliam
1383 3077 1463 3137 diam

251 3166 372 3234 mutare,
396 3159 454 3218 diei
476 3161 657 3219 sanctitatem
681 3163 777 3221 animo
801 3162 921 3221 eandem
935 3159 1087 3219 retinere.’'
1130 3158 1191 3218 Ubi
1204 3165 1315 3217 certum
1329 3166 1375 3218 est
1395 3177 1462 3218 eum

251 3256 311 3295 non
325 3257 441 3316 carpere
455 3239 533 3298 ullos
557 3259 594 3298 ex
610 3239 793 3318 Reformatis,
809 3242 981 3320 quibuscum
995 3239 1039 3298 illi
1052 3258 1199 3316 nunqnam
1221 3238 1281 3297 ulla
1304 3238 1340 3296 de
1354 3238 1409 3297 hac
1429 3258 1462 3298 rc

251 3316 289 3373 lis
303 3316 366 3393 fuit,
390 3316 441 3375 scd
457 3318 624 3378 Pontificios
638 3321 779 3396 quosdam
794 3328 823 3379 et
839 3321 1041 3396 Scholasticos,
1057 3320 1106 3397 qui
1129 3318 1257 3378 libertati
1272 3318 1460 3395 Evangelicae

140 3417 146 3428 ·
253 3395 323 3454 satis
336 3395 520 3473 prospexisse
534 3397 682 3475 putabant,
699 3399 724 3457 si
738 3401 915 3458 taxationem
924 3400 982 3459 diei
996 3399 1110 3479 septimi
1124 3407 1261 3476 tanquam
1276 3399 1460 3458 caeremonia·

251 3473 309 3534 lem
331 3474 468 3534 abolitam
492 3475 637 3554 docerent,
659 3479 774 3538 interim
798 3499 887 3538 unum
902 3479 977 3538 diem
992 3489 1132 3558 caeptam
1147 3479 1281 3538 eomodo
1303 3478 1461 3539 observan-

251 3554 321 3613 dum
344 3553 489 3631 docerent,
512 3576 570 3633 quo
591 3556 690 3617 Judaei
711 3579 794 3619 suum
819 3559 999 3620 Sabbathum
1024 3560 1235 3636 observabant;
1270 3559 1356 3618 Unda
1377 3559 1462 3620 addit

253 3635 272 3668 ‘⁶
286 3653 345 3710 eos,
361 3634 412 3712 qui
433 3654 531 3695 eorum
546 3638 800 3700 constitutionibus
824 3640 943 3718 herent,
965 3660 1062 3701 crassa
1082 3639 1247 3717 carnalique
1263 3639 1463 3700 Sabbathismi

251 3715 455 3791 superstitIone
469 3717 491 3776 J
493 3716 591 3776 udacos
604 3725 649 3777 ter
662 3721 825 3799 superare.''

293 3794 410 3855 XLIV.
431 3797 533 3855 Petrus
552 3798 670 3875 Virctus,
687 3799 801 3860 Calvisi
816 3801 944 3879 Collega,
961 3800 1121 3880 Dialogv.
1136 3800 1280 3860 indecem
1302 3808 1459 3879 precepta,

251 3876 422 3936 sententiam
450 3885 595 3956 receptam
619 3879 757 3958 sequitur,
780 3890 810 3941 et
835 3882 899 3942 fuse
923 3882 1092 3960 exequitur;
1129 3881 1191 3940 Nec
1214 3882 1299 3940 aliter
1320 3881 1400 3938 Besa
1429 3881 1461 3940 in

251 3955 344 4032 Apoc.
359 3957 379 4015 i.
396 3959 443 4032 10,
458 3957 523 4017 vult
545 3961 562 3991 ‘⁴
577 3958 717 4034 Quartum
738 3969 913 4040 preceptum
936 3962 973 4022 de
997 3963 1119 4040 septimo
1140 3981 1255 4040 qnoque
1270 3961 1316 4019 die
1331 3961 1460 4020 sanctifi·

250 4035 437 4113 cando,quod
451 4038 488 4097 ad
504 4037 643 4099 Sabbathi
658 4040 774 4117 quidem
789 4041 864 4101 diem
879 4050 909 4101 et
922 4041 996 4102 ritus
1008 4043 1127 4120 legales,
1143 4041 1232 4100 fuisse
1244 4041 1459 4120 caeremoniale3

250 4115 329 4192 quod
342 4115 380 4173 ad
394 4117 503 4177 cultum
518 4119 575 4177 Dei
589 4119 700 4194 attinet,
711 4140 773 4180 esse
784 4122 872 4200 Legis
885 4121 1002 4182 moralis
1017 4123 1151 4196 immota,
1161 4129 1191 4180 et
1204 4121 1235 4179 in
1248 4121 1302 4179 hac
1316 4121 1379 4180 vita
1392 4141 1459 4199 per·

248 4203 343 4274 petuas
357 4200 562 4273 praeceptum,'’
578 4197 632 4259 &c
674 4200 714 4260 Et
726 4209 841 4280 postea:
864 4203 882 4236 ‘⁴
898 4201 1058 4262 Dominioae
1068 4203 1158 4280 igitur
1170 4201 1229 4260 dici
1243 4208 1343 4276 eoems,
1360 4200 1460 4280 Apos-

249 4275 344 4336 tolie·
367 4295 401 4334 ac
422 4295 491 4335 vere
513 4277 620 4337 divina
644 4288 712 4340 sunt
725 4281 896 4358 traditionis,
921 4283 963 4341 sic
977 4290 1074 4342 tamen
1087 4292 1120 4342 ut
1134 4281 1261 4341 Juda'r'ca
1275 4281 1400 4340 cessatio
1421 4282 1460 4342 ab

249 4357 328 4417 omni
342 4375 428 4434 opere
441 4356 559 4416 minime
574 4359 783 4438 observaretur,
807 4362 943 4440 quoniam
964 4363 1020 4422 hoc
1042 4363 1127 4440 plane
1151 4360 1254 4421 fuisset
1267 4361 1459 4421 Judatsmum

248 4457 308 4497 non
331 4437 455 4512 abolere,
479 4437 531 4496 sed
552 4445 665 4500 tantum
679 4441 758 4517 quod
781 4441 819 4500 ad
843 4441 919 4502 diem
940 4443 1044 4502 attinet
1056 4441 1237 4502 immutare.”
1281 4441 1393 4500 Eadem
1413 4450 1460 4502 est

248 4517 392 4578 sententia
405 4519 555 4595 Mar-tyrs,
572 4518 625 4578 Lo.
640 4539 713 4580 com.
730 4521 806 4581 Clas.
821 4521 850 4580 ii.
866 4543 891 4581 c.
907 4527 934 4599 7,
949 4543 1049 4601 parag.
1063 4525 1101 4582 1:
1127 4524 1145 4556 “
1161 4521 1323 4600 Septenarii
1343 4522 1460 4582 numeri

247 4598 386 4675 mysteria
398 4599 446 4658 hic
461 4599 634 4676 omittamus,
642 4598 697 4660 &c
711 4601 799 4680 idque
808 4611 918 4662 tantum
933 4603 1126 4678 advertamus,
1139 4622 1157 4661 a
1171 4609 1281 4679 septem
1292 4601 1459 4679 quibusque

248 4675 351 4736 diebus
364 4697 454 4738 unum
469 4679 532 4740 Deo
547 4699 610 4740 esse
625 4681 828 4743 servandum.'’
870 4683 910 4740 Et
923 4691 1038 4759 postea:
1061 4686 1079 4717 “
1088 4683 1164 4743 sicut
1175 4689 1347 4760 perpetuum
1362 4689 1408 4742 est
1421 4698 1459 4742 ac
