3192 5206
129 356 239 406 88888.
255 333 337 416 881]
480 355 519 394 88
534 355 666 396 reasons
681 353 716 393 er
731 354 820 395 serra
834 353 957 394 88888.
1276 340 1333 398 287

129 497 219 555 blare.
236 495 276 554 vi.
293 497 330 572 6;
354 495 420 553 Non
445 494 474 552 in
499 497 692 571 Eaaltatione,
718 495 786 573 quia
810 515 862 554 neo
878 495 907 553 in
921 495 1005 555 terris
1019 495 1113 554 adhuc
1127 496 1255 555 versanti
1269 496 1337 556 data

28 644 35 661 Ι
128 585 179 652 881,
196 576 304 634 Matth.
329 575 433 634 xxviii.
449 578 476 652 5,
503 579 530 650 6,
555 579 573 608 “
587 577 652 634 Scio
675 595 728 634 vos
749 576 853 635 Jesum
875 575 1043 634 crucifixum
1058 595 1204 654 quaerereJ
1220 596 1277 634 non
1292 587 1336 636 est

30 668 36 687 ¹
127 657 183 732 hie,
198 655 358 715 resurrexit
381 655 457 714 enim
479 663 564 732 prout
587 655 682 714 dixit·
675 655 803 732 ,videte
817 656 913 714 locum
927 656 978 714 ubi
987 656 1104 733 jacebat
1119 655 1291 732 Dominus,”
1307 665 1336 716 et

129 737 199 796 Luc.
214 735 299 794 xxiv.
322 738 370 810 39,
386 739 434 811 40,
459 736 594 794 “Videte
619 703 721 795 marius
745 743 872 794 mosset
892 735 981 812 pedes
1002 756 1100 812 meos;
1122 736 1336 815 namegoipse

129 836 201 885 sum,
204 813 301 890 ’'dec,
317 835 371 873 nec
384 815 415 872 in
430 816 534 874 coelum
549 825 650 874 evecto
651 815 743 893 ,quia
755 815 891 893 praedixit
912 835 943 874 88
964 835 1000 873 ex
1015 781 1123 874 mundo
1137 816 1335 892 migraturum,

129 906 230 955 81888
244 895 370 972 amplius
384 895 445 953 fore
458 895 506 954 hic
520 905 699 972 praesentem,
723 895 786 954 Mat
788 895 828 954 th.
848 895 931 954 xxvi.
963 899 1008 971 11,
1033 898 1051 928 “
1064 896 1209 972 Pauperes
1224 917 1337 974 semper

128 976 280 1035 vobiscum
305 975 458 1050 habebitis,
487 996 532 1034 me
560 995 630 1034 vero
654 995 712 1034 non
738 993 850 1051 semper
866 975 1038 1050 habebitis,'’
1063 983 1092 1034 et
1116 975 1185 1034 Joh.
1209 976 1270 1036 xvi.
1286 980 1334 1054 28,

130 1059 148 1088 “
160 1055 261 1114 Prodii
274 1075 293 1113 a
307 1055 402 1130 Patre,
418 1065 447 1114 et
470 1055 536 1113 reni
560 1055 591 1113 in
615 1056 763 1129 mundum,
779 1055 883 1114 iterum
900 1055 1031 1132 relinquo
1045 1056 1193 1131 mundum,
1206 1064 1235 1114 et
1248 1057 1334 1133 profi·

129 1136 220 1194 ciscor
234 1134 273 1192 nd
288 1135 433 1210 Patrem,''
456 1143 485 1194 81
499 1135 520 1194 J
523 1136 569 1194 oh.
591 1135 662 1194 xvii.
681 1138 727 1211 ll,
751 1137 769 1168 “
781 1135 846 1193 Non
871 1135 995 1212 amplius
1020 1155 1083 1194 sum
1097 1135 1127 1192 in
1141 1136 1279 1212 mundo,''
1294 1137 1334 1197 id.

131 1216 218 1274 Brevi
231 1233 291 1272 non
306 1234 370 1273 sum
384 1214 505 1274 futurus.
521 1219 549 1274 2.
564 1235 711 1274 reveraex
725 1214 780 1273 hoc
794 1214 901 1273 mundo
916 1216 1042 1291 recessit,
1059 1216 1129 1274 Luc.
1145 1216 1227 1274 xxiv.
1243 1219 1290 1291 51,
1307 1226 1336 1277 81

130 1295 196 1354 Α81.
211 1295 231 1352 1.
247 1297 275 1353 9.
293 1298 321 1354 3.
336 1295 366 1352 18
389 1295 463 1353 caelo
487 1314 563 1353 nune
582 1295 671 1372 degit,
687 1315 740 1353 888
763 1295 909 1354 rediturus
923 1303 967 1354 est
980 1295 1120 1373 usquead
1135 1295 1334 1390 diemjudicii,

130 1375 231 1435 Α81.““
211 1374 253 1433 ui.
270 1378 317 1449 21,
343 1377 360 1408 “
372 1374 462 1448 Quem
472 1375 665 1512 pportetooeli
680 1374 838 1451 suscipiant
855 1394 948 1452 usque
969 1375 1131 1452 adtempus
1145 1377 1335 1436 restitutionis

130 1455 332 1530 omnium,”et
303 1455 423 1513 811181).
439 1454 534 1513 viiii
568 1455 628 1513 “Si
642 1463 718 1513 esset
732 1455 761 1512 in
783 1463 868 1530 terra,
883 1475 920 1514 ne
943 1455 1084 1514 Sacerdos
1098 1455 1212 1532 quidem
1229 1458 1335 1534 esset,''

131 1539 144 1592 l
161 1534 287 1593 Thess.
279 1555 319 1592 ιι.
337 1537 383 1610 16,
401 1538 446 1606 17,
471 1537 488 1567 “
499 1500 641 1593 Dominus
656 1555 671 1592 8
686 1535 759 1593 eaelo
773 1533 958 1593 descendet?

167 1615 260 1672 XVI.
276 1614 342 1672 Non
355 1624 451 1690 potest
464 1614 577 1690 regeri:
595 1617 621 1673 l.
636 1617 781 1672 Naturam
792 1615 943 1672 humanam
953 1615 1204 1706 omnipraesentium
1221 1615 1336 1676 1881818

129 1694 504 1754 ιπ1888111881818181888
493 1715 522 1753 m
535 1703 600 1752 actu
612 1695 718 1770 primo,
740 1697 791 1752 sed
812 1713 868 1752 non
881 1713 910 1752 se
931 1695 1080 1768 exeruisse,
1102 1697 1146 1752 vel
1158 1697 1333 1772 declarasse,

129 1774 202 1849 Quia
217 1774 389 1850 supponitur
403 1774 494 1851 gretie
508 1774 586 1852 quod
606 1773 786 1851 probandum
801 1773 873 1849 fuit;
896 1773 957 1831 Neo
978 1773 1109 1832 absolute
1124 1782 1153 1832 et
1167 1773 1335 1850 simpliciter

129 1863 248 1932 negaret
273 1853 420 1931 Scriptura
445 1855 590 1914 Christum
615 1853 703 1912 fuisse
727 1862 898 1930 praesentem
920 1853 1035 1930 ubique,
1052 1852 1077 1911 si
1097 1853 1153 1911 boc
1167 1861 1335 1914 tantumte-

129 1935 226 1994 striote
251 1943 281 1992 et
304 1934 434 2008 limitata,
461 1934 681 2011 intelligendum
696 1942 781 1993 88881.
806 1937 834 1992 2.
862 1933 1003 1993 Christum
1026 1933 1169 2009 reliquisse
1189 1937 1333 2011 mundum,

129 2017 225 2090 quoad
235 2015 369 2072 m'sr'bilem
382 2023 408 2072 et
413 2015 592 2089 familiarem
602 2035 717 2073 suorum
727 2015 962 2072 conversationen
971 2014 1133 2072 etsernilcm
1141 2015 1332 2090 conditionem,

129 2115 184 2152 non
197 2114 265 2152 aero
280 2096 378 2170 quoad
389 2097 495 2152 realem
508 2103 535 2152 et
557 2095 765 2154 substantialem
780 2095 985 2170 presentiam
1005 2096 1156 2152 secundum
1169 2115 1254 2170 quom
1268 2096 1336 2154 dicit

128 2193 156 2232 se
162 2177 298 2248 fictarum
307 2195 369 2232 cum
380 2175 521 2250 8118888118
532 2195 617 2251 usque
626 2177 668 2233 ad
676 2175 946 2233 comsummationem
956 2174 1049 2232 seculi.
1070 2173 1144 2248 Quia
1157 2183 1190 2234 ut
1205 2175 1334 2252 Scriptu-

127 2273 158 2312 ra
184 2254 296 2312 nullam
324 2255 506 2330 presentiam
534 2255 709 2313 invisibilem
734 2254 868 2332 Corporis
896 2254 1002 2312 Christi
1026 2253 1138 2332 uspiam
1163 2253 1265 2332 docet;
1289 2256 1337 2314 Ita

127 2334 217 2392 verbs
231 2333 339 2392 Christi
352 2334 512 2411 quamlibet
525 2335 706 2412 praesentiam
722 2334 857 2412 Corporis
872 2334 978 2394 Christi
992 2334 1160 2411 excludunt,
1177 2336 1335 2395 secundum

127 2433 215 2490 quam
229 2413 382 2472 relicturus
396 2413 502 2472 dicitur
515 2414 663 2489 mundum,
679 2414 717 2473 id.
734 2422 847 2490 terram,
862 2423 892 2473 et
906 2435 1077 2474 ascensurus
1092 2415 1121 2473 18
1136 2416 1249 2477 caelum.
1272 2417 1334 2476 Nec

128 2495 152 2552 si
165 2493 362 2570 metaphorice
373 2493 409 2551 (18
418 2495 492 2569 hipp
503 2494 615 2569 dicitur,
632 2495 710 2570 quod
721 2495 824 2552 exierit
836 2515 853 2552 8
868 2495 953 2554 Patre
968 2505 997 2554 81
1011 2495 1191 2555 descenderit
1202 2495 1237 2555 de
1249 2497 1331 2572 coelo,

126 2574 228 2632 eadem
243 2583 288 2632 881
301 2574 374 2632 ratio
388 2574 545 2633 relictionis
560 2574 660 2632 mundi
673 2574 770 2652 quoad
785 2575 914 2650 Cemem,
925 2595 990 2652 888
1003 2576 1117 2652 proprie
1131 2575 1175 2633 illi
1189 2577 1333 2637 tribuitur.

128 2653 276 2713 Promittit
290 2673 359 2711 vero
374 2673 405 2712 88
420 2673 532 2730 semper
544 2654 672 2714 futurum
687 2673 752 2712 cum
767 2654 916 2731 discipulis
937 2654 1095 2713 secundum
1113 2655 1259 2732 Spiritum,
1275 2677 1334 2715 non

128 2733 287 2793 secundum
302 2753 426 2793 carnem.
449 2737 476 2792 3.
501 2736 570 2792 Tres
584 2755 640 2792 esse
656 2734 792 2809 Corporis
808 2735 915 2794 Christi
935 2743 1082 2810 respectus,
1098 2735 1223 2809 primurn
1238 2756 1333 2795 secun-

127 2817 195 2872 dum
208 2823 321 2872 natare
333 2833 392 2872 saa
410 2815 610 2890 proprietates,
625 2816 775 2872 secundum
788 2817 877 2888 juata
896 2815 1019 2890 pluriam
1042 2815 1260 2890 resurrectionis,
1277 2825 1331 2874 ter·

128 2895 196 2951 tiam
210 2896 360 2952 seeundum
371 2894 497 2968 qratiam
506 2894 667 2970 personalis
685 2893 801 2952 Unionis
811 2916 817 2970 ς
828 2894 974 2969 prioribus
987 2894 1076 2950 modr's
1090 2913 1146 2951 esse
1157 2903 1264 2952 tontum
1278 2916 1334 2954 uno

127 2975 156 3032 18
169 2977 240 3066 1888,
255 2976 306 3032 sed
313 2975 468 3050 posteriori
480 2994 536 3032 esse
560 2975 667 3050 ubique
710 2973 784 3046 Quia
807 2993 845 3030 ex
865 2973 949 3031 tertio
963 2980 1095 3048 respectu
1109 2992 1167 3030 non
1181 2974 1274 3050 magis
1289 2995 1333 3033 se-

127 3053 227 3146 quitur
241 3053 369 3130 corporis
382 3054 585 3130 omnipraesent
587 3054 622 3128 ia,
637 3072 724 3130 quem
734 3072 771 3110 ex
785 3052 905 3128 caeteris,
920 3052 989 3129 quis
1002 3052 1114 3110 unitum
1131 3052 1240 3110 Deitati
1253 3073 1333 3112 man·

127 3135 164 3192 sit
178 3143 328 3210 quantum,
343 3142 377 3192 ut
391 3153 493 3210 corpus
508 3133 622 3192 mansit.

168 3213 279 3271 XVII.
300 3217 329 3271 2.
354 3213 593 3291 Omnipraesentia
617 3211 751 3305 Corporis
766 3209 872 3269 Christi
851 3219 954 3270 1888
978 3218 1073 3288 potest
1097 3211 1253 3271 consistere
1268 3232 1333 3296 cum

127 3293 217 3351 variis
231 3291 374 3352 Articulis
397 3293 474 3353 fidei.
517 3294 592 3352 Nam
617 3293 641 3351 si
665 3291 784 3369 fingitur
804 3291 1017 3368 omnipraesens,
1033 3310 1071 3348 ex
1085 3311 1114 3348 vr
1107 3287 1286 3352 'Unionis
1269 3314 1332 3370 per·

128 3372 246 3448 8888118,
261 3392 315 3431 888
329 3373 423 3450 potuit
436 3373 545 3450 concipi
564 3374 594 3432 in
618 3382 700 3432 utero
712 3373 747 3430 B
763 3370 903 3448 Virginis,
918 3391 972 3430 nec
986 3371 1160 3430 88818888
1174 3392 1237 3430 eum
1254 3383 1283 3432 et
1304 3374 1335 3433 in

128 3453 222 3511 lucem
247 3453 370 3545 prodire,
396 3473 449 3511 nec
473 3454 554 3529 mori,
578 3453 646 3530 quia
670 3453 765 3510 anima
788 3472 937 3529 soorpore
952 3452 1078 3529 separari
1091 3471 1149 3510 non
1162 3453 1264 3530 potuit,
1281 3474 1334 3514 nee

127 3533 249 3609 sepeliri,
265 3532 333 3610 quis
354 3533 383 3591 in
399 3534 579 3610 sepulchro
567 3553 628 3610 Jsm
643 3541 712 3608 erat,
732 3552 786 3591 888
799 3551 955 3608 reserpere,
971 3531 1039 3609 quia
1053 3540 1136 3592 extra
1150 3534 1333 3627 sepulchrum

127 3613 305 3687 versabatur,
318 3632 372 3672 nec
381 3614 410 3671 in
423 3616 520 3672 celum
534 3616 691 3688 ascendere,
707 3612 780 3670 ubi
768 3633 829 3689 Jam
839 3612 971 3690 degebat,
988 3613 1035 3670 vel
1050 3615 1215 3673 descendere
1228 3616 1334 3692 poterit

127 3691 163 3751 de
177 3692 275 3752 coelo
267 3713 298 3750 1n
311 3701 415 3752 terram
430 3693 467 3752 ad
486 3692 636 3786 judicium,
652 3691 798 3769 siubique
818 3711 945 3769 praesens
959 3701 1003 3751 est
1016 3692 1060 3751 181
1048 3700 1139 3752 1.8ι88
1161 3693 1223 3752 Nec
1237 3694 1335 3754 dicen-

127 3772 196 3831 dum
212 3772 380 3832 Christum
372 3793 403 3830 1n
418 3782 493 3832 statu
511 3773 714 3832 exinanitionis
728 3772 967 3832 communicatam
981 3774 1161 3851 majestatem
1177 3774 1260 3832 Carni
1276 3795 1334 3834 non

127 3853 285 3920 exeruisse,
311 3852 362 3912 sed
386 3853 533 3928 localitati,
560 3853 680 3929 aliisque
705 3851 918 3911 conditionibus
940 3853 1028 3929 huJus
1053 3853 1142 3910 seculi
1165 3853 1332 3928 subjecisse.

127 3932 204 4006 Quia
223 3932 394 4010 supponitur
407 3933 505 4010 gratis,
527 3953 585 3991 888
598 3933 744 4009 probatur,
768 3932 831 3989 dari
855 3933 1013 4009 majestatis
1037 3874 1333 3994 communicationem.

128 4011 243 4070 Deinde
264 4012 439 4070 localitatem
467 4032 504 4071 ex
528 4012 660 4071 libertate
684 4011 842 4070 voluntatis
864 4012 997 4090 pendere,
1023 4031 1080 4068 non
1104 4031 1141 4068 ex
1163 4010 1334 4073 necessitate

126 4101 238 4151 881888
265 4092 399 4151 humanae
427 4091 524 4151 fluere.
581 4091 769 4150 Ascensionis
796 4091 917 4150 historiri
940 4091 1024 4149 docet
1012 4091 1112 4166 tejus
1133 4088 1251 4163 abitum,
1275 4112 1334 4152 non

125 4171 216 4231 luisse
230 4181 342 4231 tantum
357 4172 508 4231 convictus
532 4180 582 4230 aut
606 4171 833 4230 conversationis
847 4171 1095 4242 intermissionem,
1112 4167 1162 4227 sed
1177 4187 1304 4244 corporis
1318 4195 1334 4233 e

125 4253 222 4311 terra
214 4273 244 4310 ι8
254 4253 368 4327 coelum,
378 4261 455 4311 etex
466 4253 530 4311 loco
542 4251 693 4310 inferiore
686 4272 715 4309 m
726 4251 902 4328 superiorem
912 4249 1137 4324 translationem,
1154 4247 1245 4307 Marc.
1261 4252 1331 4331 xvi,

128 4332 221 4392 Act.
212 4353 232 4391 1.

168 4412 277 4470 XVII.
300 4415 328 4471 3.
353 4413 509 4489 Repugnat
522 4421 633 4469 natare
656 4411 791 4487 corporis,
808 4409 886 4487 quod
900 4417 944 4468 est
962 4405 1207 4484 circumscriptum
1227 4418 1256 4468 et
1270 4410 1333 4470 lini-

126 4499 198 4566 tum,
214 4491 293 4569 quod
307 4493 396 4550 habet
408 4499 505 4585 partes
519 4499 602 4550 extra
615 4499 720 4568 partes,
735 4499 765 4550 et
785 4509 836 4567 per
850 4509 881 4548 se
895 4489 1064 4564 visibile,t
1035 4497 1064 4546 et
1084 4485 1227 4564 palpabile
1246 4489 1335 4551 debet

126 4591 200 4630 cese.
245 4571 306 4631 Nec
321 4572 416 4649 excipi
430 4579 543 4648 potsst;
568 4575 591 4628 1
611 4572 744 4648 Iniquum
758 4591 815 4629 esse
829 4589 930 4644 corpus
947 4535 1101 4646 pluriorem
1115 4567 1247 4642 subjr'rere
1260 4592 1333 4630 com-

127 4651 218 4710 munis
233 4661 343 4710 natura
365 4651 475 4727 lapibus.
517 4649 591 4725 Quia
605 4651 698 4727 gloria
721 4669 779 4709 non
802 4648 924 4708 destruit
912 4656 997 4708 1888
1022 4656 1113 4706 mutat
1128 4654 1267 4728 naturum,
1284 4654 1334 4712 sed
