<?xml version="1.0" encoding="UTF-8"?>
<!DOCTYPE html PUBLIC "-//W3C//DTD XHTML 1.0 Transitional//EN"
    "http://www.w3.org/TR/xhtml1/DTD/xhtml1-transitional.dtd">
<html xmlns="http://www.w3.org/1999/xhtml" xml:lang="en" lang="en">
 <head>
  <title>
</title>
<meta http-equiv="Content-Type" content="text/html;charset=utf-8" />
  <meta name='ocr-system' content='tesseract 3.04.00' />
  <meta name='ocr-capabilities' content='ocr_page ocr_carea ocr_par ocr_line ocrx_word'/>
</head>
<body>
  <div class='ocr_page' id='page_1' title='image "./francisciturret00pictgoog_0174.png"; bbox 0 0 3202 5194; ppageno 0'>
   <div class='ocr_carea' id='block_1_1' title="bbox 166 306 1377 392">
    <p class='ocr_par' dir='ltr' id='par_1_1' title="bbox 166 306 1377 392">
     <span class='ocr_line' id='line_1_1' title="bbox 166 306 1377 392; baseline 0.002 -20"><span class='ocrx_word' id='word_1_1' title='bbox 166 329 281 381; x_wconf 71' lang='lat' dir='ltr'><strong>onear.</strong></span> <span class='ocrx_word' id='word_1_2' title='bbox 295 306 385 392; x_wconf 89' lang='lat' dir='ltr'>xxv.]</span> <span class='ocrx_word' id='word_1_3' title='bbox 689 321 730 368; x_wconf 82' lang='lat' dir='ltr'><strong>nn</strong></span> <span class='ocrx_word' id='word_1_4' title='bbox 744 327 821 370; x_wconf 83' lang='lat' dir='ltr'><strong>nece</strong></span> <span class='ocrx_word' id='word_1_5' title='bbox 835 327 896 369; x_wconf 76' lang='lat' dir='ltr'><strong>orer.</strong></span> <span class='ocrx_word' id='word_1_6' title='bbox 1321 315 1377 376; x_wconf 84' lang='grc'><strong>143</strong></span> 
     </span>
    </p>
   </div>
   <div class='ocr_carea' id='block_1_2' title="bbox 163 461 1385 4699">
    <p class='ocr_par' dir='ltr' id='par_1_2' title="bbox 166 461 1377 612">
     <span class='ocr_line' id='line_1_2' title="bbox 166 461 1377 550; baseline 0 -17"><span class='ocrx_word' id='word_1_7' title='bbox 166 472 259 533; x_wconf 90' lang='lat' dir='ltr'><strong>donec</strong></span> <span class='ocrx_word' id='word_1_8' title='bbox 281 470 396 531; x_wconf 83' lang='lat' dir='ltr'><strong>Christo</strong></span> <span class='ocrx_word' id='word_1_9' title='bbox 418 466 549 529; x_wconf 89' lang='lat' dir='ltr'><strong>exhibito</strong></span> <span class='ocrx_word' id='word_1_10' title='bbox 573 466 741 529; x_wconf 76' lang='lat' dir='ltr'><strong>succederet</strong></span> <span class='ocrx_word' id='word_1_11' title='bbox 764 467 926 529; x_wconf 88' lang='lat' dir='ltr'><strong>oeconomia</strong></span> <span class='ocrx_word' id='word_1_12' title='bbox 949 461 1137 549; x_wconf 82' lang='lat' dir='ltr'><strong>Evangelica,</strong></span> <span class='ocrx_word' id='word_1_13' title='bbox 1161 491 1226 550; x_wconf 77' lang='lat' dir='ltr'><strong>que</strong></span> <span class='ocrx_word' id='word_1_14' title='bbox 1247 471 1377 534; x_wconf 85' lang='lat' dir='ltr'><strong>adultam</strong></span> 
     </span>
     <span class='ocr_line' id='line_1_3' title="bbox 210 554 352 612; baseline -0.021 0"><span class='ocrx_word' id='word_1_15' title='bbox 210 554 352 612; x_wconf 83' lang='lat' dir='ltr'><strong>berneret</strong></span> 
     </span>
    </p>

    <p class='ocr_par' dir='ltr' id='par_1_3' title="bbox 168 575 1378 1587">
     <span class='ocr_line' id='line_1_4' title="bbox 169 575 1375 709; baseline 0.001 -19"><span class='ocrx_word' id='word_1_16' title='bbox 169 575 282 692; x_wconf 82' lang='lat' dir='ltr'><strong>guXV.</strong></span> <span class='ocrx_word' id='word_1_17' title='bbox 298 631 365 690; x_wconf 88' lang='lat' dir='ltr'><strong>Non</strong></span> <span class='ocrx_word' id='word_1_18' title='bbox 379 628 472 708; x_wconf 87' lang='lat' dir='ltr'><strong>magis</strong></span> <span class='ocrx_word' id='word_1_19' title='bbox 486 627 530 688; x_wconf 94' lang='lat' dir='ltr'><strong>illi</strong></span> <span class='ocrx_word' id='word_1_20' title='bbox 543 637 694 706; x_wconf 86' lang='lat' dir='ltr'><strong>repugnet,</strong></span> <span class='ocrx_word' id='word_1_21' title='bbox 706 628 786 706; x_wconf 92' lang='lat' dir='ltr'><strong>quod</strong></span> <span class='ocrx_word' id='word_1_22' title='bbox 799 627 969 689; x_wconf 64' lang='lat' dir='ltr'><strong>cicumcisio</strong></span> <span class='ocrx_word' id='word_1_23' title='bbox 980 628 1093 691; x_wconf 82' lang='lat' dir='ltr'><strong>dicatrrr</strong></span> <span class='ocrx_word' id='word_1_24' title='bbox 1101 635 1219 708; x_wconf 76' lang='lat' dir='ltr'><strong>partam</strong></span> <span class='ocrx_word' id='word_1_25' title='bbox 1232 641 1375 709; x_wconf 68' lang='lat' dir='ltr'><strong>amum,</strong></span> 
     </span>
     <span class='ocr_line' id='line_1_5' title="bbox 170 708 1375 789; baseline -0.001 -16"><span class='ocrx_word' id='word_1_26' title='bbox 170 713 276 773; x_wconf 80' lang='lat' dir='ltr'><strong>Genea.</strong></span> <span class='ocrx_word' id='word_1_27' title='bbox 291 711 363 770; x_wconf 86' lang='lat' dir='ltr'><strong>xvii.</strong></span> <span class='ocrx_word' id='word_1_28' title='bbox 379 714 407 786; x_wconf 82' lang='grc'><strong>7,</strong></span> <span class='ocrx_word' id='word_1_29' title='bbox 422 719 452 768; x_wconf 89' lang='lat' dir='ltr'><strong>et</strong></span> <span class='ocrx_word' id='word_1_30' title='bbox 467 709 530 768; x_wconf 86' lang='lat' dir='ltr'><strong>Lex</strong></span> <span class='ocrx_word' id='word_1_31' title='bbox 543 708 682 768; x_wconf 89' lang='lat' dir='ltr'><strong>duratura</strong></span> <span class='ocrx_word' id='word_1_32' title='bbox 694 709 725 766; x_wconf 91' lang='lat' dir='ltr'><strong>in</strong></span> <span class='ocrx_word' id='word_1_33' title='bbox 742 717 929 787; x_wconf 65' lang='lat' dir='ltr'><strong>perpetuum</strong></span> <span class='ocrx_word' id='word_1_34' title='bbox 953 709 1027 784; x_wconf 84' lang='lat' dir='ltr'><strong>Quia</strong></span> <span class='ocrx_word' id='word_1_35' title='bbox 1041 711 1213 789; x_wconf 82' lang='lat' dir='ltr'><strong>intelligitur</strong></span> <span class='ocrx_word' id='word_1_36' title='bbox 1228 714 1375 789; x_wconf 81' lang='lat' dir='ltr'><strong>perpetui-</strong></span> 
     </span>
     <span class='ocr_line' id='line_1_6' title="bbox 169 787 1376 869; baseline 0 -17"><span class='ocrx_word' id='word_1_37' title='bbox 169 802 213 852; x_wconf 80' lang='lat' dir='ltr'><strong>tas</strong></span> <span class='ocrx_word' id='word_1_38' title='bbox 225 812 284 851; x_wconf 90' lang='lat' dir='ltr'><strong>non</strong></span> <span class='ocrx_word' id='word_1_39' title='bbox 298 790 438 864; x_wconf 79' lang='lat' dir='ltr'><strong>absolute,</strong></span> <span class='ocrx_word' id='word_1_40' title='bbox 455 789 507 848; x_wconf 87' lang='lat' dir='ltr'><strong>sed</strong></span> <span class='ocrx_word' id='word_1_41' title='bbox 521 789 641 848; x_wconf 83' lang='lat' dir='ltr'><strong>limitato</strong></span> <span class='ocrx_word' id='word_1_42' title='bbox 654 797 683 848; x_wconf 90' lang='lat' dir='ltr'><strong>et</strong></span> <span class='ocrx_word' id='word_1_43' title='bbox 698 790 855 866; x_wconf 80' lang='lat' dir='ltr'><strong>periodica,</strong></span> <span class='ocrx_word' id='word_1_44' title='bbox 871 790 913 849; x_wconf 87' lang='lat' dir='ltr'><strong>ita</strong></span> <span class='ocrx_word' id='word_1_45' title='bbox 933 787 1094 868; x_wconf 85' lang='lat' dir='ltr'><strong>designata,</strong></span> <span class='ocrx_word' id='word_1_46' title='bbox 1110 792 1180 869; x_wconf 90' lang='lat' dir='ltr'><strong>quia</strong></span> <span class='ocrx_word' id='word_1_47' title='bbox 1200 792 1303 852; x_wconf 90' lang='lat' dir='ltr'><strong>durare</strong></span> <span class='ocrx_word' id='word_1_48' title='bbox 1325 793 1376 852; x_wconf 91' lang='lat' dir='ltr'><strong>de·</strong></span> 
     </span>
     <span class='ocr_line' id='line_1_7' title="bbox 168 869 1376 951; baseline 0 -19"><span class='ocrx_word' id='word_1_49' title='bbox 168 873 241 948; x_wconf 90' lang='lat' dir='ltr'><strong>buit,</strong></span> <span class='ocrx_word' id='word_1_50' title='bbox 255 893 314 930; x_wconf 89' lang='lat' dir='ltr'><strong>non</strong></span> <span class='ocrx_word' id='word_1_51' title='bbox 328 891 379 950; x_wconf 86' lang='lat' dir='ltr'><strong>per</strong></span> <span class='ocrx_word' id='word_1_52' title='bbox 393 870 503 947; x_wconf 76' lang='lat' dir='ltr'><strong>aliquot</strong></span> <span class='ocrx_word' id='word_1_53' title='bbox 517 889 608 928; x_wconf 87' lang='lat' dir='ltr'><strong>annos</strong></span> <span class='ocrx_word' id='word_1_54' title='bbox 622 877 743 945; x_wconf 89' lang='lat' dir='ltr'><strong>tantum,</strong></span> <span class='ocrx_word' id='word_1_55' title='bbox 759 869 810 928; x_wconf 92' lang='lat' dir='ltr'><strong>sed</strong></span> <span class='ocrx_word' id='word_1_56' title='bbox 824 877 886 929; x_wconf 91' lang='lat' dir='ltr'><strong>toto</strong></span> <span class='ocrx_word' id='word_1_57' title='bbox 904 872 1071 930; x_wconf 75' lang='lat' dir='ltr'><strong>oeconomia</strong></span> <span class='ocrx_word' id='word_1_58' title='bbox 1087 872 1226 931; x_wconf 84' lang='lat' dir='ltr'><strong>Mosaicae</strong></span> <span class='ocrx_word' id='word_1_59' title='bbox 1247 881 1376 951; x_wconf 88' lang='lat' dir='ltr'><strong>tempore</strong></span> 
     </span>
     <span class='ocr_line' id='line_1_8' title="bbox 168 949 1378 1033; baseline -0.002 -21"><span class='ocrx_word' id='word_1_60' title='bbox 168 973 260 1030; x_wconf 89' lang='lat' dir='ltr'><strong>usque</strong></span> <span class='ocrx_word' id='word_1_61' title='bbox 269 953 307 1011; x_wconf 89' lang='lat' dir='ltr'><strong>ed</strong></span> <span class='ocrx_word' id='word_1_62' title='bbox 319 949 446 1033; x_wconf 64' lang='lat' dir='ltr'><strong>isigonus,</strong></span> <span class='ocrx_word' id='word_1_63' title='bbox 457 949 534 1008; x_wconf 89' lang='lat' dir='ltr'><strong>Hsb.</strong></span> <span class='ocrx_word' id='word_1_64' title='bbox 543 949 604 1025; x_wconf 78' lang='lat' dir='ltr'><strong>vii,</strong></span> <span class='ocrx_word' id='word_1_65' title='bbox 614 949 759 1026; x_wconf 89' lang='lat' dir='ltr'><strong>quomodo</strong></span> <span class='ocrx_word' id='word_1_66' title='bbox 773 949 843 1009; x_wconf 86' lang='lat' dir='ltr'><strong>alibi</strong></span> <span class='ocrx_word' id='word_1_67' title='bbox 857 969 933 1027; x_wconf 75' lang='lat' dir='ltr'><strong>sape</strong></span> <span class='ocrx_word' id='word_1_68' title='bbox 945 969 1005 1008; x_wconf 86' lang='lat' dir='ltr'><strong>vox</strong></span> <span class='ocrx_word' id='word_1_69' title='bbox 1014 955 1076 1012; x_wconf 66' lang='lat' dir='ltr'><strong>nte</strong></span> <span class='ocrx_word' id='word_1_70' title='bbox 1090 952 1213 1011; x_wconf 75' lang='lat' dir='ltr'><strong>sumitur</strong></span> <span class='ocrx_word' id='word_1_71' title='bbox 1225 953 1378 1032; x_wconf 86' lang='lat' dir='ltr'><strong>prolonga</strong></span> 
     </span>
     <span class='ocr_line' id='line_1_9' title="bbox 169 1029 1376 1108; baseline -0.002 -16"><span class='ocrx_word' id='word_1_72' title='bbox 169 1033 328 1108; x_wconf 88' lang='lat' dir='ltr'><strong>duratione,</strong></span> <span class='ocrx_word' id='word_1_73' title='bbox 344 1031 397 1090; x_wconf 89' lang='lat' dir='ltr'><strong>sed</strong></span> <span class='ocrx_word' id='word_1_74' title='bbox 409 1039 507 1090; x_wconf 89' lang='lat' dir='ltr'><strong>tamen</strong></span> <span class='ocrx_word' id='word_1_75' title='bbox 520 1030 652 1103; x_wconf 85' lang='lat' dir='ltr'><strong>limitata,</strong></span> <span class='ocrx_word' id='word_1_76' title='bbox 668 1038 709 1105; x_wconf 85' lang='lat' dir='ltr'><strong>ut,</strong></span> <span class='ocrx_word' id='word_1_77' title='bbox 728 1032 743 1087; x_wconf 91' lang='lat' dir='ltr'><strong>l</strong></span> <span class='ocrx_word' id='word_1_78' title='bbox 757 1030 834 1088; x_wconf 78' lang='lat' dir='ltr'><strong>sam.</strong></span> <span class='ocrx_word' id='word_1_79' title='bbox 848 1029 868 1089; x_wconf 90' lang='lat' dir='ltr'><strong>i.</strong></span> <span class='ocrx_word' id='word_1_80' title='bbox 883 1035 932 1104; x_wconf 92' lang='lat'><strong>22,</strong></span> <span class='ocrx_word' id='word_1_81' title='bbox 947 1029 1055 1088; x_wconf 88' lang='lat' dir='ltr'><strong>mentio</strong></span> <span class='ocrx_word' id='word_1_82' title='bbox 1075 1031 1109 1090; x_wconf 91' lang='lat' dir='ltr'><strong>fit</strong></span> <span class='ocrx_word' id='word_1_83' title='bbox 1122 1032 1274 1092; x_wconf 87' lang='lat' dir='ltr'><strong>ministerii</strong></span> <span class='ocrx_word' id='word_1_84' title='bbox 1289 1033 1376 1092; x_wconf 85' lang='lat' dir='ltr'><strong>Levi·</strong></span> 
     </span>
     <span class='ocr_line' id='line_1_10' title="bbox 170 1109 1377 1191; baseline -0.001 -19"><span class='ocrx_word' id='word_1_85' title='bbox 170 1121 272 1188; x_wconf 81' lang='lat' dir='ltr'><strong>tanim,</strong></span> <span class='ocrx_word' id='word_1_86' title='bbox 283 1121 317 1172; x_wconf 88' lang='lat' dir='ltr'><strong>ut</strong></span> <span class='ocrx_word' id='word_1_87' title='bbox 330 1110 469 1189; x_wconf 83' lang='lat' dir='ltr'><strong>perpetui,</strong></span> <span class='ocrx_word' id='word_1_88' title='bbox 482 1109 560 1188; x_wconf 90' lang='lat' dir='ltr'><strong>quod</strong></span> <span class='ocrx_word' id='word_1_89' title='bbox 573 1109 629 1169; x_wconf 89' lang='lat' dir='ltr'><strong>fuit</strong></span> <span class='ocrx_word' id='word_1_90' title='bbox 642 1118 755 1169; x_wconf 84' lang='lat' dir='ltr'><strong>tantum</strong></span> <span class='ocrx_word' id='word_1_91' title='bbox 769 1113 808 1168; x_wconf 82' lang='lat'><strong>50</strong></span> <span class='ocrx_word' id='word_1_92' title='bbox 817 1129 966 1186; x_wconf 88' lang='lat' dir='ltr'><strong>annorum,</strong></span> <span class='ocrx_word' id='word_1_93' title='bbox 979 1119 1008 1169; x_wconf 91' lang='lat' dir='ltr'><strong>et</strong></span> <span class='ocrx_word' id='word_1_94' title='bbox 1019 1109 1114 1170; x_wconf 86' lang='lat' dir='ltr'><strong>Exod.</strong></span> <span class='ocrx_word' id='word_1_95' title='bbox 1126 1111 1198 1188; x_wconf 79' lang='lat' dir='ltr'><strong>xxi,</strong></span> <span class='ocrx_word' id='word_1_96' title='bbox 1211 1132 1312 1172; x_wconf 86' lang='lat' dir='ltr'><strong>servus</strong></span> <span class='ocrx_word' id='word_1_97' title='bbox 1326 1112 1377 1191; x_wconf 93' lang='lat' dir='ltr'><strong>qui</strong></span> 
     </span>
     <span class='ocr_line' id='line_1_11' title="bbox 171 1189 1377 1282; baseline 0 -30"><span class='ocrx_word' id='word_1_98' title='bbox 171 1213 233 1252; x_wconf 88' lang='lat' dir='ltr'><strong>sese</strong></span> <span class='ocrx_word' id='word_1_99' title='bbox 258 1192 374 1252; x_wconf 89' lang='lat' dir='ltr'><strong>domino</strong></span> <span class='ocrx_word' id='word_1_100' title='bbox 397 1210 449 1250; x_wconf 89' lang='lat' dir='ltr'><strong>suo</strong></span> <span class='ocrx_word' id='word_1_101' title='bbox 471 1190 671 1267; x_wconf 84' lang='lat' dir='ltr'><strong>obstringebat</strong></span> <span class='ocrx_word' id='word_1_102' title='bbox 692 1209 785 1282; x_wconf 90' lang='lat' dir='ltr'><strong>usque</strong></span> <span class='ocrx_word' id='word_1_103' title='bbox 805 1189 843 1248; x_wconf 87' lang='lat' dir='ltr'><strong>ed</strong></span> <span class='ocrx_word' id='word_1_104' title='bbox 856 1189 1025 1267; x_wconf 84' lang='lat' dir='ltr'><strong>Jubilaeum,</strong></span> <span class='ocrx_word' id='word_1_105' title='bbox 1047 1189 1197 1250; x_wconf 75' lang='lat' dir='ltr'><strong>dicebatur</strong></span> <span class='ocrx_word' id='word_1_106' title='bbox 1216 1193 1377 1252; x_wconf 85' lang='lat' dir='ltr'><strong>serviturus</strong></span> 
     </span>
     <span class='ocr_line' id='line_1_12' title="bbox 169 1270 1376 1350; baseline -0.002 -17"><span class='ocrx_word' id='word_1_107' title='bbox 169 1275 254 1333; x_wconf 57' lang='lat' dir='ltr'><strong>aas.</strong></span> <span class='ocrx_word' id='word_1_108' title='bbox 287 1272 353 1330; x_wconf 90' lang='lat' dir='ltr'><strong>Dici</strong></span> <span class='ocrx_word' id='word_1_109' title='bbox 374 1271 461 1330; x_wconf 90' lang='lat' dir='ltr'><strong>etiam</strong></span> <span class='ocrx_word' id='word_1_110' title='bbox 474 1278 580 1348; x_wconf 89' lang='lat' dir='ltr'><strong>potest,</strong></span> <span class='ocrx_word' id='word_1_111' title='bbox 592 1289 776 1330; x_wconf 82' lang='lat' dir='ltr'><strong>caeremonias</strong></span> <span class='ocrx_word' id='word_1_112' title='bbox 786 1277 939 1348; x_wconf 89' lang='lat' dir='ltr'><strong>perpetuas</strong></span> <span class='ocrx_word' id='word_1_113' title='bbox 950 1270 1016 1346; x_wconf 89' lang='lat' dir='ltr'><strong>dici,</strong></span> <span class='ocrx_word' id='word_1_114' title='bbox 1028 1289 1086 1329; x_wconf 90' lang='lat' dir='ltr'><strong>non</strong></span> <span class='ocrx_word' id='word_1_115' title='bbox 1099 1271 1210 1330; x_wconf 86' lang='lat' dir='ltr'><strong>ratione</strong></span> <span class='ocrx_word' id='word_1_116' title='bbox 1223 1273 1376 1350; x_wconf 54' lang='lat' dir='ltr'><strong>ammam,</strong></span> 
     </span>
     <span class='ocr_line' id='line_1_13' title="bbox 169 1350 1377 1430; baseline 0 -18"><span class='ocrx_word' id='word_1_117' title='bbox 169 1363 200 1412; x_wconf 90' lang='lat' dir='ltr'><strong>et</strong></span> <span class='ocrx_word' id='word_1_118' title='bbox 212 1353 242 1411; x_wconf 91' lang='lat' dir='ltr'><strong>in</strong></span> <span class='ocrx_word' id='word_1_119' title='bbox 257 1373 297 1428; x_wconf 90' lang='lat' dir='ltr'><strong>se,</strong></span> <span class='ocrx_word' id='word_1_120' title='bbox 312 1351 364 1412; x_wconf 90' lang='lat' dir='ltr'><strong>sed</strong></span> <span class='ocrx_word' id='word_1_121' title='bbox 377 1350 488 1410; x_wconf 87' lang='lat' dir='ltr'><strong>ratione</strong></span> <span class='ocrx_word' id='word_1_122' title='bbox 502 1369 599 1408; x_wconf 84' lang='lat' dir='ltr'><strong>rerum</strong></span> <span class='ocrx_word' id='word_1_123' title='bbox 612 1350 841 1430; x_wconf 54' lang='lat' dir='ltr'><strong>significatarum</strong></span> <span class='ocrx_word' id='word_1_124' title='bbox 858 1358 887 1409; x_wconf 90' lang='lat' dir='ltr'><strong>et</strong></span> <span class='ocrx_word' id='word_1_125' title='bbox 900 1350 1032 1409; x_wconf 87' lang='lat' dir='ltr'><strong>veritatis</strong></span> <span class='ocrx_word' id='word_1_126' title='bbox 1052 1351 1210 1429; x_wconf 88' lang='lat' dir='ltr'><strong>spiritualis</strong></span> <span class='ocrx_word' id='word_1_127' title='bbox 1232 1373 1297 1430; x_wconf 77' lang='lat' dir='ltr'><strong>qne</strong></span> <span class='ocrx_word' id='word_1_128' title='bbox 1318 1353 1377 1412; x_wconf 89' lang='lat' dir='ltr'><strong>illis</strong></span> 
     </span>
     <span class='ocr_line' id='line_1_14' title="bbox 170 1429 1378 1509; baseline -0.001 -16"><span class='ocrx_word' id='word_1_129' title='bbox 170 1432 365 1508; x_wconf 88' lang='lat' dir='ltr'><strong>adumbratur,</strong></span> <span class='ocrx_word' id='word_1_130' title='bbox 380 1451 445 1509; x_wconf 87' lang='lat' dir='ltr'><strong>quae</strong></span> <span class='ocrx_word' id='word_1_131' title='bbox 459 1429 559 1490; x_wconf 90' lang='lat' dir='ltr'><strong>eadem</strong></span> <span class='ocrx_word' id='word_1_132' title='bbox 573 1438 672 1489; x_wconf 88' lang='lat' dir='ltr'><strong>manet</strong></span> <span class='ocrx_word' id='word_1_133' title='bbox 685 1430 716 1488; x_wconf 92' lang='lat' dir='ltr'><strong>in</strong></span> <span class='ocrx_word' id='word_1_134' title='bbox 730 1437 887 1506; x_wconf 65' lang='lat' dir='ltr'><strong>aeternum</strong></span> <span class='ocrx_word' id='word_1_135' title='bbox 909 1429 987 1488; x_wconf 91' lang='lat' dir='ltr'><strong>unde</strong></span> <span class='ocrx_word' id='word_1_136' title='bbox 1001 1429 1181 1491; x_wconf 86' lang='lat' dir='ltr'><strong>circumcisio</strong></span> <span class='ocrx_word' id='word_1_137' title='bbox 1195 1431 1301 1492; x_wconf 90' lang='lat' dir='ltr'><strong>dicitur</strong></span> <span class='ocrx_word' id='word_1_138' title='bbox 1314 1442 1378 1492; x_wconf 86' lang='lat' dir='ltr'><strong>rata</strong></span> 
     </span>
     <span class='ocr_line' id='line_1_15' title="bbox 171 1509 1256 1587; baseline 0 -16"><span class='ocrx_word' id='word_1_139' title='bbox 171 1513 334 1587; x_wconf 83' lang='lat' dir='ltr'><strong>inChristo,</strong></span> <span class='ocrx_word' id='word_1_140' title='bbox 351 1512 413 1572; x_wconf 82' lang='lat' dir='ltr'><strong>Col.</strong></span> <span class='ocrx_word' id='word_1_141' title='bbox 428 1511 468 1587; x_wconf 91' lang='lat' dir='ltr'><strong>ii.,</strong></span> <span class='ocrx_word' id='word_1_142' title='bbox 483 1519 513 1570; x_wconf 91' lang='lat' dir='ltr'><strong>et</strong></span> <span class='ocrx_word' id='word_1_143' title='bbox 528 1510 642 1568; x_wconf 91' lang='lat' dir='ltr'><strong>Pescba</strong></span> <span class='ocrx_word' id='word_1_144' title='bbox 655 1529 756 1568; x_wconf 86' lang='lat' dir='ltr'><strong>verum</strong></span> <span class='ocrx_word' id='word_1_145' title='bbox 770 1511 801 1568; x_wconf 92' lang='lat' dir='ltr'><strong>in</strong></span> <span class='ocrx_word' id='word_1_146' title='bbox 815 1529 849 1568; x_wconf 91' lang='lat' dir='ltr'><strong>eo</strong></span> <span class='ocrx_word' id='word_1_147' title='bbox 863 1510 948 1570; x_wconf 78' lang='lat' dir='ltr'><strong>noble</strong></span> <span class='ocrx_word' id='word_1_148' title='bbox 962 1509 1055 1586; x_wconf 89' lang='lat' dir='ltr'><strong>datur,</strong></span> <span class='ocrx_word' id='word_1_149' title='bbox 1073 1512 1167 1572; x_wconf 76' lang='lat'>1001.</span> <span class='ocrx_word' id='word_1_150' title='bbox 1182 1532 1211 1571; x_wconf 83' lang='lat' dir='ltr'><strong>v.</strong></span> <span class='ocrx_word' id='word_1_151' title='bbox 1228 1516 1256 1571; x_wconf 82' lang='grc'><strong>7.</strong></span> 
     </span>
    </p>

    <p class='ocr_par' dir='ltr' id='par_1_4' title="bbox 163 1588 1381 3427">
     <span class='ocr_line' id='line_1_16' title="bbox 211 1588 1377 1669; baseline 0 -17"><span class='ocrx_word' id='word_1_152' title='bbox 211 1593 302 1652; x_wconf 90' lang='lat' dir='ltr'>XVI.</span> <span class='ocrx_word' id='word_1_153' title='bbox 323 1593 390 1651; x_wconf 89' lang='lat' dir='ltr'><strong>Non</strong></span> <span class='ocrx_word' id='word_1_154' title='bbox 404 1597 567 1668; x_wconf 86' lang='lat' dir='ltr'><strong>repugnant</strong></span> <span class='ocrx_word' id='word_1_155' title='bbox 581 1588 706 1651; x_wconf 70' lang='lat' dir='ltr'><strong>Orecma</strong></span> <span class='ocrx_word' id='word_1_156' title='bbox 719 1589 895 1668; x_wconf 87' lang='lat' dir='ltr'><strong>prophetica,</strong></span> <span class='ocrx_word' id='word_1_157' title='bbox 906 1609 970 1667; x_wconf 84' lang='lat' dir='ltr'><strong>quae</strong></span> <span class='ocrx_word' id='word_1_158' title='bbox 981 1589 1117 1652; x_wconf 87' lang='lat' dir='ltr'><strong>videntur</strong></span> <span class='ocrx_word' id='word_1_159' title='bbox 1126 1591 1257 1669; x_wconf 87' lang='lat' dir='ltr'><strong>polliceri</strong></span> <span class='ocrx_word' id='word_1_160' title='bbox 1266 1601 1377 1652; x_wconf 88' lang='lat' dir='ltr'><strong>restau-</strong></span> 
     </span>
     <span class='ocr_line' id='line_1_17' title="bbox 170 1669 1377 1748; baseline -0.002 -16"><span class='ocrx_word' id='word_1_161' title='bbox 170 1673 311 1732; x_wconf 86' lang='lat' dir='ltr'><strong>rationem</strong></span> <span class='ocrx_word' id='word_1_162' title='bbox 325 1671 492 1730; x_wconf 77' lang='lat' dir='ltr'><strong>‹economie</strong></span> <span class='ocrx_word' id='word_1_163' title='bbox 506 1671 609 1748; x_wconf 86' lang='lat' dir='ltr'><strong>legalis</strong></span> <span class='ocrx_word' id='word_1_164' title='bbox 623 1669 677 1729; x_wconf 91' lang='lat' dir='ltr'><strong>sub</strong></span> <span class='ocrx_word' id='word_1_165' title='bbox 693 1669 803 1728; x_wconf 84' lang='lat' dir='ltr'><strong>Massia</strong></span> <span class='ocrx_word' id='word_1_166' title='bbox 816 1689 882 1728; x_wconf 91' lang='lat' dir='ltr'><strong>cum</strong></span> <span class='ocrx_word' id='word_1_167' title='bbox 896 1669 992 1729; x_wconf 89' lang='lat' dir='ltr'><strong>reditu</strong></span> <span class='ocrx_word' id='word_1_168' title='bbox 1011 1670 1042 1728; x_wconf 90' lang='lat' dir='ltr'><strong>in</strong></span> <span class='ocrx_word' id='word_1_169' title='bbox 1057 1671 1193 1747; x_wconf 89' lang='lat' dir='ltr'><strong>Patriam,</strong></span> <span class='ocrx_word' id='word_1_170' title='bbox 1209 1680 1238 1731; x_wconf 89' lang='lat' dir='ltr'><strong>et</strong></span> <span class='ocrx_word' id='word_1_171' title='bbox 1256 1692 1377 1730; x_wconf 91' lang='lat' dir='ltr'><strong>renova-</strong></span> 
     </span>
     <span class='ocr_line' id='line_1_18' title="bbox 171 1749 1377 1828; baseline -0.002 -15"><span class='ocrx_word' id='word_1_172' title='bbox 171 1753 250 1813; x_wconf 91' lang='lat' dir='ltr'><strong>tione</strong></span> <span class='ocrx_word' id='word_1_173' title='bbox 274 1751 497 1828; x_wconf 76' lang='lat' dir='ltr'><strong>Hierosolyma,</strong></span> <span class='ocrx_word' id='word_1_174' title='bbox 523 1759 553 1808; x_wconf 91' lang='lat' dir='ltr'><strong>ct</strong></span> <span class='ocrx_word' id='word_1_175' title='bbox 572 1749 694 1827; x_wconf 82' lang='lat' dir='ltr'><strong>Templi,</strong></span> <span class='ocrx_word' id='word_1_176' title='bbox 720 1758 754 1808; x_wconf 94' lang='lat' dir='ltr'><strong>ut</strong></span> <span class='ocrx_word' id='word_1_177' title='bbox 777 1751 863 1809; x_wconf 87' lang='lat' dir='ltr'><strong>Dent.</strong></span> <span class='ocrx_word' id='word_1_178' title='bbox 885 1769 959 1810; x_wconf 85' lang='lat' dir='ltr'>xxx.</span> <span class='ocrx_word' id='word_1_179' title='bbox 976 1752 1041 1826; x_wconf 84' lang='lat'><strong>1-5,</strong></span> <span class='ocrx_word' id='word_1_180' title='bbox 1065 1751 1171 1810; x_wconf 81' lang='lat' dir='ltr'><strong>Erech.</strong></span> <span class='ocrx_word' id='word_1_181' title='bbox 1193 1752 1308 1810; x_wconf 84' lang='lat' dir='ltr'><strong>xxxvii.</strong></span> <span class='ocrx_word' id='word_1_182' title='bbox 1329 1755 1377 1828; x_wconf 80' lang='lat'><strong>24,</strong></span> 
     </span>
     <span class='ocr_line' id='line_1_19' title="bbox 172 1827 1378 1909; baseline -0.002 -16"><span class='ocrx_word' id='word_1_183' title='bbox 172 1836 220 1909; x_wconf 88' lang='lat'><strong>25,</strong></span> <span class='ocrx_word' id='word_1_184' title='bbox 236 1841 266 1892; x_wconf 92' lang='lat' dir='ltr'><strong>et</strong></span> <span class='ocrx_word' id='word_1_185' title='bbox 279 1831 331 1907; x_wconf 89' lang='lat' dir='ltr'><strong>xl.,</strong></span> <span class='ocrx_word' id='word_1_186' title='bbox 346 1831 408 1905; x_wconf 77' lang='lat' dir='ltr'><strong>xli,</strong></span> <span class='ocrx_word' id='word_1_187' title='bbox 420 1827 496 1906; x_wconf 61' lang='grc' dir='ltr'><strong>ἕως</strong></span> <span class='ocrx_word' id='word_1_188' title='bbox 521 1829 589 1906; x_wconf 87' lang='lat' dir='ltr'><strong>quie</strong></span> <span class='ocrx_word' id='word_1_189' title='bbox 602 1839 792 1907; x_wconf 71' lang='lat' dir='ltr'><strong>praeterquam</strong></span> <span class='ocrx_word' id='word_1_190' title='bbox 807 1829 885 1907; x_wconf 92' lang='lat' dir='ltr'><strong>quod</strong></span> <span class='ocrx_word' id='word_1_191' title='bbox 898 1829 980 1888; x_wconf 86' lang='lat' dir='ltr'><strong>varie</strong></span> <span class='ocrx_word' id='word_1_192' title='bbox 993 1850 1031 1889; x_wconf 89' lang='lat' dir='ltr'><strong>ex</strong></span> <span class='ocrx_word' id='word_1_193' title='bbox 1045 1831 1103 1890; x_wconf 92' lang='lat' dir='ltr'><strong>illis</strong></span> <span class='ocrx_word' id='word_1_194' title='bbox 1116 1839 1238 1909; x_wconf 89' lang='lat' dir='ltr'><strong>possunt</strong></span> <span class='ocrx_word' id='word_1_195' title='bbox 1252 1831 1289 1890; x_wconf 87' lang='lat' dir='ltr'><strong>ad</strong></span> <span class='ocrx_word' id='word_1_196' title='bbox 1303 1831 1378 1890; x_wconf 91' lang='lat' dir='ltr'><strong>redi·</strong></span> 
     </span>
     <span class='ocr_line' id='line_1_20' title="bbox 171 1909 1378 1988; baseline -0.001 -17"><span class='ocrx_word' id='word_1_197' title='bbox 171 1921 234 1972; x_wconf 92' lang='lat' dir='ltr'><strong>tum</strong></span> <span class='ocrx_word' id='word_1_198' title='bbox 255 1932 294 1970; x_wconf 90' lang='lat' dir='ltr'><strong>ex</strong></span> <span class='ocrx_word' id='word_1_199' title='bbox 315 1910 483 1988; x_wconf 86' lang='lat' dir='ltr'><strong>captivitate</strong></span> <span class='ocrx_word' id='word_1_200' title='bbox 498 1909 678 1986; x_wconf 88' lang='lat' dir='ltr'><strong>Babylonica</strong></span> <span class='ocrx_word' id='word_1_201' title='bbox 697 1909 805 1986; x_wconf 84' lang='lat' dir='ltr'><strong>referri,</strong></span> <span class='ocrx_word' id='word_1_202' title='bbox 828 1909 905 1968; x_wconf 92' lang='lat' dir='ltr'><strong>unde</strong></span> <span class='ocrx_word' id='word_1_203' title='bbox 926 1929 984 1968; x_wconf 91' lang='lat' dir='ltr'><strong>non</strong></span> <span class='ocrx_word' id='word_1_204' title='bbox 1005 1909 1117 1986; x_wconf 84' lang='lat' dir='ltr'><strong>mimm,</strong></span> <span class='ocrx_word' id='word_1_205' title='bbox 1133 1911 1159 1970; x_wconf 92' lang='lat' dir='ltr'><strong>si</strong></span> <span class='ocrx_word' id='word_1_206' title='bbox 1179 1910 1215 1970; x_wconf 91' lang='lat' dir='ltr'><strong>de</strong></span> <span class='ocrx_word' id='word_1_207' title='bbox 1236 1920 1378 1970; x_wconf 88' lang='lat' dir='ltr'><strong>restaura-</strong></span> 
     </span>
     <span class='ocr_line' id='line_1_21' title="bbox 172 1989 1379 2069; baseline -0.001 -17"><span class='ocrx_word' id='word_1_208' title='bbox 172 1994 251 2052; x_wconf 88' lang='lat' dir='ltr'><strong>tione</strong></span> <span class='ocrx_word' id='word_1_209' title='bbox 265 1991 387 2069; x_wconf 82' lang='lat' dir='ltr'><strong>Templi,</strong></span> <span class='ocrx_word' id='word_1_210' title='bbox 404 1989 524 2066; x_wconf 84' lang='lat' dir='ltr'><strong>Alteris,</strong></span> <span class='ocrx_word' id='word_1_211' title='bbox 540 1998 570 2049; x_wconf 88' lang='lat' dir='ltr'><strong>st</strong></span> <span class='ocrx_word' id='word_1_212' title='bbox 589 1999 758 2049; x_wconf 79' lang='lat' dir='ltr'><strong>caeterorum</strong></span> <span class='ocrx_word' id='word_1_213' title='bbox 772 2009 807 2048; x_wconf 92' lang='lat' dir='ltr'><strong>eo</strong></span> <span class='ocrx_word' id='word_1_214' title='bbox 828 1989 1033 2067; x_wconf 87' lang='lat' dir='ltr'><strong>pertinentium</strong></span> <span class='ocrx_word' id='word_1_215' title='bbox 1054 1990 1170 2068; x_wconf 86' lang='lat' dir='ltr'><strong>egitur:</strong></span> <span class='ocrx_word' id='word_1_216' title='bbox 1193 1991 1225 2050; x_wconf 87' lang='lat' dir='ltr'><strong>Si</strong></span> <span class='ocrx_word' id='word_1_217' title='bbox 1244 1991 1280 2050; x_wconf 88' lang='lat' dir='ltr'><strong>de</strong></span> <span class='ocrx_word' id='word_1_218' title='bbox 1302 2002 1379 2052; x_wconf 89' lang='lat' dir='ltr'><strong>statu</strong></span> 
     </span>
     <span class='ocr_line' id='line_1_22' title="bbox 172 2069 1377 2148; baseline -0.001 -17"><span class='ocrx_word' id='word_1_219' title='bbox 172 2071 312 2131; x_wconf 83' lang='lat' dir='ltr'><strong>Ecclesiae</strong></span> <span class='ocrx_word' id='word_1_220' title='bbox 326 2071 381 2131; x_wconf 89' lang='lat' dir='ltr'><strong>sub</strong></span> <span class='ocrx_word' id='word_1_221' title='bbox 396 2070 506 2129; x_wconf 87' lang='lat' dir='ltr'><strong>Massia</strong></span> <span class='ocrx_word' id='word_1_222' title='bbox 519 2070 728 2146; x_wconf 86' lang='lat' dir='ltr'><strong>intelliguntur,</strong></span> <span class='ocrx_word' id='word_1_223' title='bbox 744 2077 777 2128; x_wconf 92' lang='lat' dir='ltr'><strong>ut</strong></span> <span class='ocrx_word' id='word_1_224' title='bbox 791 2078 901 2129; x_wconf 90' lang='lat' dir='ltr'><strong>certum</strong></span> <span class='ocrx_word' id='word_1_225' title='bbox 915 2078 960 2129; x_wconf 90' lang='lat' dir='ltr'><strong>est</strong></span> <span class='ocrx_word' id='word_1_226' title='bbox 973 2069 1078 2129; x_wconf 89' lang='lat' dir='ltr'><strong>debere</strong></span> <span class='ocrx_word' id='word_1_227' title='bbox 1093 2091 1127 2129; x_wconf 94' lang='lat' dir='ltr'><strong>eo</strong></span> <span class='ocrx_word' id='word_1_228' title='bbox 1141 2091 1233 2148; x_wconf 89' lang='lat' dir='ltr'><strong>usque</strong></span> <span class='ocrx_word' id='word_1_229' title='bbox 1250 2072 1377 2148; x_wconf 89' lang='lat' dir='ltr'><strong>extendi,</strong></span> 
     </span>
     <span class='ocr_line' id='line_1_23' title="bbox 171 2149 1378 2230; baseline -0.002 -17"><span class='ocrx_word' id='word_1_230' title='bbox 171 2161 205 2213; x_wconf 92' lang='lat' dir='ltr'><strong>ut</strong></span> <span class='ocrx_word' id='word_1_231' title='bbox 217 2153 320 2230; x_wconf 89' lang='lat' dir='ltr'><strong>plenus</strong></span> <span class='ocrx_word' id='word_1_232' title='bbox 334 2171 433 2211; x_wconf 87' lang='lat' dir='ltr'><strong>eorum</strong></span> <span class='ocrx_word' id='word_1_233' title='bbox 448 2169 551 2210; x_wconf 89' lang='lat' dir='ltr'><strong>seusus</strong></span> <span class='ocrx_word' id='word_1_234' title='bbox 564 2150 712 2226; x_wconf 74' lang='lat' dir='ltr'><strong>habeatur,</strong></span> <span class='ocrx_word' id='word_1_235' title='bbox 724 2150 885 2210; x_wconf 89' lang='lat' dir='ltr'><strong>locutiones</strong></span> <span class='ocrx_word' id='word_1_236' title='bbox 899 2169 957 2209; x_wconf 90' lang='lat' dir='ltr'><strong>non</strong></span> <span class='ocrx_word' id='word_1_237' title='bbox 972 2158 1040 2210; x_wconf 91' lang='lat' dir='ltr'><strong>sunt</strong></span> <span class='ocrx_word' id='word_1_238' title='bbox 1053 2149 1091 2209; x_wconf 91' lang='lat' dir='ltr'><strong>ad</strong></span> <span class='ocrx_word' id='word_1_239' title='bbox 1103 2151 1217 2210; x_wconf 86' lang='lat' dir='ltr'><strong>literam</strong></span> <span class='ocrx_word' id='word_1_240' title='bbox 1230 2151 1378 2229; x_wconf 75' lang='lat' dir='ltr'><strong>urgenda,</strong></span> 
     </span>
     <span class='ocr_line' id='line_1_24' title="bbox 173 2229 1380 2309; baseline -0.001 -18"><span class='ocrx_word' id='word_1_241' title='bbox 173 2233 242 2309; x_wconf 89' lang='lat' dir='ltr'><strong>quia</strong></span> <span class='ocrx_word' id='word_1_242' title='bbox 255 2240 323 2290; x_wconf 90' lang='lat' dir='ltr'><strong>sunt</strong></span> <span class='ocrx_word' id='word_1_243' title='bbox 337 2230 513 2308; x_wconf 85' lang='lat' dir='ltr'><strong>symbolicae,</strong></span> <span class='ocrx_word' id='word_1_244' title='bbox 528 2249 587 2288; x_wconf 88' lang='lat' dir='ltr'><strong>nou</strong></span> <span class='ocrx_word' id='word_1_245' title='bbox 600 2229 732 2308; x_wconf 85' lang='lat' dir='ltr'><strong>propriae,</strong></span> <span class='ocrx_word' id='word_1_246' title='bbox 743 2231 849 2308; x_wconf 80' lang='lat' dir='ltr'><strong>typicae</strong></span> <span class='ocrx_word' id='word_1_247' title='bbox 859 2249 917 2289; x_wconf 91' lang='lat' dir='ltr'><strong>non</strong></span> <span class='ocrx_word' id='word_1_248' title='bbox 931 2229 1067 2307; x_wconf 76' lang='lat' dir='ltr'><strong>litorales,</strong></span> <span class='ocrx_word' id='word_1_249' title='bbox 1081 2230 1268 2308; x_wconf 76' lang='lat' dir='ltr'><strong>spiritualiter</strong></span> <span class='ocrx_word' id='word_1_250' title='bbox 1281 2241 1310 2290; x_wconf 89' lang='lat' dir='ltr'><strong>et</strong></span> <span class='ocrx_word' id='word_1_251' title='bbox 1320 2252 1380 2290; x_wconf 88' lang='lat' dir='ltr'><strong>nen</strong></span> 
     </span>
     <span class='ocr_line' id='line_1_25' title="bbox 173 2309 1379 2388; baseline 0.001 -18"><span class='ocrx_word' id='word_1_252' title='bbox 173 2311 327 2370; x_wconf 78' lang='lat' dir='ltr'><strong>carnaliter</strong></span> <span class='ocrx_word' id='word_1_253' title='bbox 340 2310 537 2388; x_wconf 74' lang='lat' dir='ltr'><strong>exponendas3</strong></span> <span class='ocrx_word' id='word_1_254' title='bbox 560 2310 653 2369; x_wconf 66' lang='lat' dir='ltr'><strong>Isralil</strong></span> <span class='ocrx_word' id='word_1_255' title='bbox 666 2309 879 2387; x_wconf 83' lang='lat' dir='ltr'><strong>restaurandus,</strong></span> <span class='ocrx_word' id='word_1_256' title='bbox 894 2330 952 2369; x_wconf 90' lang='lat' dir='ltr'><strong>non</strong></span> <span class='ocrx_word' id='word_1_257' title='bbox 970 2309 1128 2370; x_wconf 87' lang='lat' dir='ltr'><strong>secundum</strong></span> <span class='ocrx_word' id='word_1_258' title='bbox 1142 2331 1257 2370; x_wconf 90' lang='lat' dir='ltr'><strong>carnem</strong></span> <span class='ocrx_word' id='word_1_259' title='bbox 1271 2320 1301 2371; x_wconf 88' lang='lat' dir='ltr'><strong>et</strong></span> <span class='ocrx_word' id='word_1_260' title='bbox 1313 2312 1379 2371; x_wconf 88' lang='lat' dir='ltr'><strong>lite·</strong></span> 
     </span>
     <span class='ocr_line' id='line_1_26' title="bbox 174 2388 1380 2468; baseline 0 -18"><span class='ocrx_word' id='word_1_261' title='bbox 174 2411 245 2465; x_wconf 82' lang='lat' dir='ltr'><strong>rem,</strong></span> <span class='ocrx_word' id='word_1_262' title='bbox 268 2388 319 2448; x_wconf 89' lang='lat' dir='ltr'><strong>sed</strong></span> <span class='ocrx_word' id='word_1_263' title='bbox 333 2390 490 2450; x_wconf 86' lang='lat' dir='ltr'><strong>secundum</strong></span> <span class='ocrx_word' id='word_1_264' title='bbox 503 2390 723 2467; x_wconf 84' lang='lat' dir='ltr'><strong>promissionem</strong></span> <span class='ocrx_word' id='word_1_265' title='bbox 737 2397 766 2448; x_wconf 88' lang='lat' dir='ltr'><strong>at</strong></span> <span class='ocrx_word' id='word_1_266' title='bbox 780 2390 920 2468; x_wconf 89' lang='lat' dir='ltr'><strong>spiritum,</strong></span> <span class='ocrx_word' id='word_1_267' title='bbox 937 2391 1022 2449; x_wconf 90' lang='lat' dir='ltr'><strong>Rom.</strong></span> <span class='ocrx_word' id='word_1_268' title='bbox 1037 2391 1087 2466; x_wconf 72' lang='lat' dir='ltr'><strong>ix,</strong></span> <span class='ocrx_word' id='word_1_269' title='bbox 1105 2390 1183 2450; x_wconf 91' lang='lat' dir='ltr'><strong>Urbs</strong></span> <span class='ocrx_word' id='word_1_270' title='bbox 1198 2401 1305 2468; x_wconf 85' lang='lat' dir='ltr'><strong>sancte,</strong></span> <span class='ocrx_word' id='word_1_271' title='bbox 1320 2412 1380 2452; x_wconf 88' lang='lat' dir='ltr'><strong>non</strong></span> 
     </span>
     <span class='ocr_line' id='line_1_27' title="bbox 176 2469 1379 2549; baseline 0.003 -21"><span class='ocrx_word' id='word_1_272' title='bbox 176 2469 388 2546; x_wconf 87' lang='lat' dir='ltr'><strong>Hierosolyma,</strong></span> <span class='ocrx_word' id='word_1_273' title='bbox 403 2469 455 2529; x_wconf 90' lang='lat' dir='ltr'><strong>sed</strong></span> <span class='ocrx_word' id='word_1_274' title='bbox 469 2470 621 2546; x_wconf 86' lang='lat' dir='ltr'><strong>Ecclesia;</strong></span> <span class='ocrx_word' id='word_1_275' title='bbox 644 2469 746 2529; x_wconf 84' lang='lat' dir='ltr'><strong>Cultus</strong></span> <span class='ocrx_word' id='word_1_276' title='bbox 760 2471 952 2547; x_wconf 85' lang='lat' dir='ltr'><strong>renovandus,</strong></span> <span class='ocrx_word' id='word_1_277' title='bbox 968 2491 1026 2529; x_wconf 93' lang='lat' dir='ltr'><strong>non</strong></span> <span class='ocrx_word' id='word_1_278' title='bbox 1047 2471 1178 2546; x_wconf 88' lang='lat' dir='ltr'><strong>carnalis,</strong></span> <span class='ocrx_word' id='word_1_279' title='bbox 1194 2472 1247 2530; x_wconf 91' lang='lat' dir='ltr'><strong>sed</strong></span> <span class='ocrx_word' id='word_1_280' title='bbox 1264 2472 1379 2549; x_wconf 88' lang='lat' dir='ltr'><strong>spiritu·</strong></span> 
     </span>
     <span class='ocr_line' id='line_1_28' title="bbox 175 2548 1379 2630; baseline 0.002 -22"><span class='ocrx_word' id='word_1_281' title='bbox 175 2550 238 2626; x_wconf 88' lang='lat' dir='ltr'><strong>alis,</strong></span> <span class='ocrx_word' id='word_1_282' title='bbox 253 2548 422 2628; x_wconf 78' lang='lat' dir='ltr'><strong>designetur</strong></span> <span class='ocrx_word' id='word_1_283' title='bbox 435 2558 532 2609; x_wconf 90' lang='lat' dir='ltr'><strong>tamen</strong></span> <span class='ocrx_word' id='word_1_284' title='bbox 546 2569 598 2626; x_wconf 93' lang='lat' dir='ltr'><strong>pro</strong></span> <span class='ocrx_word' id='word_1_285' title='bbox 612 2549 777 2609; x_wconf 89' lang='lat' dir='ltr'><strong>conditione</strong></span> <span class='ocrx_word' id='word_1_286' title='bbox 787 2559 949 2628; x_wconf 89' lang='lat' dir='ltr'><strong>temporum</strong></span> <span class='ocrx_word' id='word_1_287' title='bbox 962 2559 992 2609; x_wconf 88' lang='lat' dir='ltr'><strong>et</strong></span> <span class='ocrx_word' id='word_1_288' title='bbox 1005 2558 1092 2628; x_wconf 88' lang='lat' dir='ltr'><strong>captu</strong></span> <span class='ocrx_word' id='word_1_289' title='bbox 1106 2551 1201 2628; x_wconf 86' lang='lat' dir='ltr'><strong>gentis</strong></span> <span class='ocrx_word' id='word_1_290' title='bbox 1215 2571 1266 2630; x_wconf 89' lang='lat' dir='ltr'><strong>per</strong></span> <span class='ocrx_word' id='word_1_291' title='bbox 1280 2572 1379 2610; x_wconf 88' lang='lat' dir='ltr'><strong>carna·</strong></span> 
     </span>
     <span class='ocr_line' id='line_1_29' title="bbox 174 2629 1380 2708; baseline 0.002 -19"><span class='ocrx_word' id='word_1_292' title='bbox 174 2630 303 2706; x_wconf 68' lang='grc' dir='ltr'>1οω,ουί</span> <span class='ocrx_word' id='word_1_293' title='bbox 327 2630 508 2708; x_wconf 87' lang='lat' dir='ltr'><strong>potissimum</strong></span> <span class='ocrx_word' id='word_1_294' title='bbox 529 2629 609 2688; x_wconf 87' lang='lat' dir='ltr'><strong>affixi</strong></span> <span class='ocrx_word' id='word_1_295' title='bbox 629 2638 711 2688; x_wconf 88' lang='lat' dir='ltr'><strong>erant</strong></span> <span class='ocrx_word' id='word_1_296' title='bbox 724 2629 842 2690; x_wconf 83' lang='lat' dir='ltr'><strong>Judaei:</strong></span> <span class='ocrx_word' id='word_1_297' title='bbox 864 2629 1015 2704; x_wconf 83' lang='lat' dir='ltr'><strong>Quomodo</strong></span> <span class='ocrx_word' id='word_1_298' title='bbox 1033 2631 1185 2708; x_wconf 75' lang='lat' dir='ltr'><strong>Propheta</strong></span> <span class='ocrx_word' id='word_1_299' title='bbox 1208 2631 1312 2691; x_wconf 81' lang='lat' dir='ltr'><strong>Preces</strong></span> <span class='ocrx_word' id='word_1_300' title='bbox 1326 2653 1380 2692; x_wconf 87' lang='lat' dir='ltr'><strong>vo·</strong></span> 
     </span>
     <span class='ocr_line' id='line_1_30' title="bbox 163 2709 1380 2788; baseline 0.001 -18"><span class='ocrx_word' id='word_1_301' title='bbox 163 2719 240 2784; x_wconf 56' lang='lat' dir='ltr'><strong>‚cant</strong></span> <span class='ocrx_word' id='word_1_302' title='bbox 254 2710 389 2786; x_wconf 87' lang='lat' dir='ltr'><strong>suffitum,</strong></span> <span class='ocrx_word' id='word_1_303' title='bbox 406 2709 631 2769; x_wconf 72' lang='lat' dir='ltr'><strong>conversionem</strong></span> <span class='ocrx_word' id='word_1_304' title='bbox 645 2709 775 2786; x_wconf 88' lang='lat' dir='ltr'><strong>gentium</strong></span> <span class='ocrx_word' id='word_1_305' title='bbox 796 2728 948 2769; x_wconf 88' lang='lat' dir='ltr'><strong>ascensum</strong></span> <span class='ocrx_word' id='word_1_306' title='bbox 959 2710 1203 2788; x_wconf 75' lang='lat' dir='ltr'><strong>Hierosolymam,</strong></span> <span class='ocrx_word' id='word_1_307' title='bbox 1224 2710 1380 2772; x_wconf 89' lang='lat' dir='ltr'><strong>Adoratio-</strong></span> 
     </span>
     <span class='ocr_line' id='line_1_31' title="bbox 173 2788 1379 2867; baseline 0.001 -18"><span class='ocrx_word' id='word_1_308' title='bbox 173 2810 239 2850; x_wconf 90' lang='lat' dir='ltr'><strong>nem</strong></span> <span class='ocrx_word' id='word_1_309' title='bbox 264 2790 440 2850; x_wconf 88' lang='lat' dir='ltr'><strong>oblationem</strong></span> <span class='ocrx_word' id='word_1_310' title='bbox 464 2788 662 2867; x_wconf 83' lang='lat' dir='ltr'><strong>thymiamitis,</strong></span> <span class='ocrx_word' id='word_1_311' title='bbox 685 2790 887 2867; x_wconf 72' lang='lat' dir='ltr'><strong>cognitionem</strong></span> <span class='ocrx_word' id='word_1_312' title='bbox 903 2791 959 2849; x_wconf 87' lang='lat' dir='ltr'><strong>Dei</strong></span> <span class='ocrx_word' id='word_1_313' title='bbox 982 2789 1110 2849; x_wconf 84' lang='lat' dir='ltr'><strong>visiones</strong></span> <span class='ocrx_word' id='word_1_314' title='bbox 1134 2799 1163 2849; x_wconf 91' lang='lat' dir='ltr'><strong>et</strong></span> <span class='ocrx_word' id='word_1_315' title='bbox 1188 2791 1307 2866; x_wconf 86' lang='lat' dir='ltr'><strong>somnia,</strong></span> <span class='ocrx_word' id='word_1_316' title='bbox 1324 2789 1379 2851; x_wconf 75' lang='lat' dir='ltr'><strong>dcc.</strong></span> 
     </span>
     <span class='ocr_line' id='line_1_32' title="bbox 175 2869 1381 2948; baseline 0.002 -19"><span class='ocrx_word' id='word_1_317' title='bbox 175 2871 408 2947; x_wconf 84' lang='lat' dir='ltr'><strong>Quotiescunque</strong></span> <span class='ocrx_word' id='word_1_318' title='bbox 432 2887 503 2946; x_wconf 88' lang='lat' dir='ltr'><strong>ergo</strong></span> <span class='ocrx_word' id='word_1_319' title='bbox 518 2869 670 2947; x_wconf 74' lang='lat' dir='ltr'><strong>Propheta</strong></span> <span class='ocrx_word' id='word_1_320' title='bbox 694 2870 852 2947; x_wconf 89' lang='lat' dir='ltr'><strong>loquuntur</strong></span> <span class='ocrx_word' id='word_1_321' title='bbox 872 2871 908 2929; x_wconf 93' lang='lat' dir='ltr'><strong>de</strong></span> <span class='ocrx_word' id='word_1_322' title='bbox 929 2871 1023 2929; x_wconf 89' lang='lat' dir='ltr'><strong>reditu</strong></span> <span class='ocrx_word' id='word_1_323' title='bbox 1039 2869 1143 2947; x_wconf 89' lang='lat' dir='ltr'><strong>Populi</strong></span> <span class='ocrx_word' id='word_1_324' title='bbox 1160 2870 1190 2946; x_wconf 82' lang='lat' dir='ltr'><strong>in</strong></span> <span class='ocrx_word' id='word_1_325' title='bbox 1204 2871 1334 2948; x_wconf 89' lang='lat' dir='ltr'><strong>patriam,</strong></span> <span class='ocrx_word' id='word_1_326' title='bbox 1351 2880 1381 2931; x_wconf 87' lang='lat' dir='ltr'><strong>et</strong></span> 
     </span>
     <span class='ocr_line' id='line_1_33' title="bbox 173 2948 1379 3028; baseline -0.002 -18"><span class='ocrx_word' id='word_1_327' title='bbox 173 2951 237 3028; x_wconf 90' lang='lat' dir='ltr'><strong>ejus</strong></span> <span class='ocrx_word' id='word_1_328' title='bbox 250 2951 441 3026; x_wconf 86' lang='lat' dir='ltr'><strong>restitutione,</strong></span> <span class='ocrx_word' id='word_1_329' title='bbox 456 2948 512 3007; x_wconf 93' lang='lat' dir='ltr'><strong>hoc</strong></span> <span class='ocrx_word' id='word_1_330' title='bbox 525 2957 622 3026; x_wconf 90' lang='lat' dir='ltr'><strong>potest</strong></span> <span class='ocrx_word' id='word_1_331' title='bbox 635 2949 761 3027; x_wconf 85' lang='lat' dir='ltr'><strong>intelligi</strong></span> <span class='ocrx_word' id='word_1_332' title='bbox 774 2950 879 3028; x_wconf 90' lang='lat' dir='ltr'><strong>partim</strong></span> <span class='ocrx_word' id='word_1_333' title='bbox 893 2949 929 3007; x_wconf 88' lang='lat' dir='ltr'><strong>ed</strong></span> <span class='ocrx_word' id='word_1_334' title='bbox 943 2950 1065 3024; x_wconf 86' lang='lat' dir='ltr'><strong>literam,</strong></span> <span class='ocrx_word' id='word_1_335' title='bbox 1080 2969 1132 3026; x_wconf 92' lang='lat' dir='ltr'><strong>pro</strong></span> <span class='ocrx_word' id='word_1_336' title='bbox 1152 2948 1246 3008; x_wconf 87' lang='lat' dir='ltr'><strong>reditu</strong></span> <span class='ocrx_word' id='word_1_337' title='bbox 1260 2967 1298 3008; x_wconf 85' lang='lat' dir='ltr'><strong>ex</strong></span> <span class='ocrx_word' id='word_1_338' title='bbox 1312 2971 1379 3028; x_wconf 91' lang='lat' dir='ltr'><strong>cap·</strong></span> 
     </span>
     <span class='ocr_line' id='line_1_34' title="bbox 173 3028 1379 3107; baseline -0.002 -17"><span class='ocrx_word' id='word_1_339' title='bbox 173 3030 296 3105; x_wconf 85' lang='lat' dir='ltr'><strong>tivitete,</strong></span> <span class='ocrx_word' id='word_1_340' title='bbox 312 3030 417 3107; x_wconf 85' lang='lat' dir='ltr'><strong>partim</strong></span> <span class='ocrx_word' id='word_1_341' title='bbox 430 3028 553 3106; x_wconf 84' lang='lat' dir='ltr'><strong>mystice</strong></span> <span class='ocrx_word' id='word_1_342' title='bbox 567 3037 597 3087; x_wconf 88' lang='lat' dir='ltr'><strong>et</strong></span> <span class='ocrx_word' id='word_1_343' title='bbox 611 3029 769 3106; x_wconf 90' lang='lat' dir='ltr'><strong>symbolice</strong></span> <span class='ocrx_word' id='word_1_344' title='bbox 784 3029 819 3088; x_wconf 90' lang='lat' dir='ltr'><strong>de</strong></span> <span class='ocrx_word' id='word_1_345' title='bbox 835 3029 974 3089; x_wconf 81' lang='lat' dir='ltr'><strong>Ecclesiae</strong></span> <span class='ocrx_word' id='word_1_346' title='bbox 989 3029 1067 3087; x_wconf 85' lang='lat' dir='ltr'><strong>Novi</strong></span> <span class='ocrx_word' id='word_1_347' title='bbox 1080 3029 1258 3088; x_wconf 86' lang='lat' dir='ltr'><strong>Testamenti</strong></span> <span class='ocrx_word' id='word_1_348' title='bbox 1272 3031 1379 3089; x_wconf 86' lang='lat' dir='ltr'><strong>consti·</strong></span> 
     </span>
     <span class='ocr_line' id='line_1_35' title="bbox 172 3107 1379 3186; baseline -0.001 -16"><span class='ocrx_word' id='word_1_349' title='bbox 172 3110 292 3186; x_wconf 89' lang='lat' dir='ltr'><strong>tutione,</strong></span> <span class='ocrx_word' id='word_1_350' title='bbox 308 3129 373 3186; x_wconf 83' lang='lat' dir='ltr'><strong>quae</strong></span> <span class='ocrx_word' id='word_1_351' title='bbox 388 3129 439 3186; x_wconf 90' lang='lat' dir='ltr'><strong>per</strong></span> <span class='ocrx_word' id='word_1_352' title='bbox 452 3107 590 3167; x_wconf 89' lang='lat' dir='ltr'><strong>terminos</strong></span> <span class='ocrx_word' id='word_1_353' title='bbox 603 3109 714 3186; x_wconf 87' lang='lat' dir='ltr'><strong>legales</strong></span> <span class='ocrx_word' id='word_1_354' title='bbox 727 3109 907 3168; x_wconf 88' lang='lat' dir='ltr'><strong>describitur.</strong></span> <span class='ocrx_word' id='word_1_355' title='bbox 950 3108 1025 3166; x_wconf 89' lang='lat' dir='ltr'><strong>Nam</strong></span> <span class='ocrx_word' id='word_1_356' title='bbox 1044 3108 1122 3186; x_wconf 91' lang='lat' dir='ltr'><strong>quod</strong></span> <span class='ocrx_word' id='word_1_357' title='bbox 1137 3107 1173 3166; x_wconf 91' lang='lat' dir='ltr'><strong>ad</strong></span> <span class='ocrx_word' id='word_1_358' title='bbox 1187 3109 1300 3167; x_wconf 87' lang='lat' dir='ltr'><strong>literam</strong></span> <span class='ocrx_word' id='word_1_359' title='bbox 1320 3130 1379 3169; x_wconf 92' lang='lat' dir='ltr'><strong>non</strong></span> 
     </span>
     <span class='ocr_line' id='line_1_36' title="bbox 172 3187 1381 3268; baseline 0 -20"><span class='ocrx_word' id='word_1_360' title='bbox 172 3189 285 3268; x_wconf 90' lang='lat' dir='ltr'><strong>possint</strong></span> <span class='ocrx_word' id='word_1_361' title='bbox 299 3188 468 3267; x_wconf 85' lang='lat' dir='ltr'><strong>simpliciter</strong></span> <span class='ocrx_word' id='word_1_362' title='bbox 487 3187 621 3265; x_wconf 88' lang='lat' dir='ltr'><strong>intelligi,</strong></span> <span class='ocrx_word' id='word_1_363' title='bbox 636 3208 675 3246; x_wconf 89' lang='lat' dir='ltr'><strong>ex</strong></span> <span class='ocrx_word' id='word_1_364' title='bbox 688 3208 723 3248; x_wconf 89' lang='lat' dir='ltr'><strong>eo</strong></span> <span class='ocrx_word' id='word_1_365' title='bbox 744 3190 814 3248; x_wconf 89' lang='lat' dir='ltr'><strong>eatis</strong></span> <span class='ocrx_word' id='word_1_366' title='bbox 829 3197 917 3267; x_wconf 86' lang='lat' dir='ltr'><strong>patet,</strong></span> <span class='ocrx_word' id='word_1_367' title='bbox 933 3188 1011 3266; x_wconf 89' lang='lat' dir='ltr'><strong>quod</strong></span> <span class='ocrx_word' id='word_1_368' title='bbox 1031 3189 1094 3247; x_wconf 85' lang='lat' dir='ltr'><strong>haec</strong></span> <span class='ocrx_word' id='word_1_369' title='bbox 1115 3208 1169 3247; x_wconf 90' lang='lat' dir='ltr'><strong>nec</strong></span> <span class='ocrx_word' id='word_1_370' title='bbox 1182 3189 1301 3266; x_wconf 89' lang='lat' dir='ltr'><strong>implete</strong></span> <span class='ocrx_word' id='word_1_371' title='bbox 1322 3190 1381 3248; x_wconf 88' lang='lat' dir='ltr'><strong>sint</strong></span> 
     </span>
     <span class='ocr_line' id='line_1_37' title="bbox 172 3268 1380 3347; baseline 0.002 -20"><span class='ocrx_word' id='word_1_372' title='bbox 172 3271 321 3345; x_wconf 86' lang='lat' dir='ltr'><strong>hactenus,</strong></span> <span class='ocrx_word' id='word_1_373' title='bbox 335 3289 390 3328; x_wconf 91' lang='lat' dir='ltr'><strong>nec</strong></span> <span class='ocrx_word' id='word_1_374' title='bbox 411 3268 525 3345; x_wconf 86' lang='lat' dir='ltr'><strong>impleri</strong></span> <span class='ocrx_word' id='word_1_375' title='bbox 548 3268 669 3345; x_wconf 88' lang='lat' dir='ltr'><strong>possint,</strong></span> <span class='ocrx_word' id='word_1_376' title='bbox 684 3268 831 3328; x_wconf 87' lang='lat' dir='ltr'><strong>destructo</strong></span> <span class='ocrx_word' id='word_1_377' title='bbox 856 3269 945 3328; x_wconf 88' lang='lat' dir='ltr'><strong>semel</strong></span> <span class='ocrx_word' id='word_1_378' title='bbox 958 3269 1089 3347; x_wconf 90' lang='lat' dir='ltr'><strong>Templo,</strong></span> <span class='ocrx_word' id='word_1_379' title='bbox 1103 3277 1219 3328; x_wconf 83' lang='lat' dir='ltr'><strong>vastata</strong></span> <span class='ocrx_word' id='word_1_380' title='bbox 1242 3269 1380 3329; x_wconf 88' lang='lat' dir='ltr'><strong>Hieroso·</strong></span> 
     </span>
     <span class='ocr_line' id='line_1_38' title="bbox 166 3349 567 3427; baseline 0.002 -21"><span class='ocrx_word' id='word_1_381' title='bbox 166 3349 262 3427; x_wconf 83' lang='lat' dir='ltr'><strong>-lyma,</strong></span> <span class='ocrx_word' id='word_1_382' title='bbox 274 3357 304 3408; x_wconf 90' lang='lat' dir='ltr'><strong>et</strong></span> <span class='ocrx_word' id='word_1_383' title='bbox 317 3349 457 3426; x_wconf 85' lang='lat' dir='ltr'><strong>dissipate</strong></span> <span class='ocrx_word' id='word_1_384' title='bbox 470 3355 567 3425; x_wconf 83' lang='lat' dir='ltr'><strong>gente.</strong></span> 
     </span>
    </p>

    <p class='ocr_par' dir='ltr' id='par_1_5' title="bbox 173 3427 1381 4381">
     <span class='ocr_line' id='line_1_39' title="bbox 214 3427 1379 3508; baseline 0.003 -22"><span class='ocrx_word' id='word_1_385' title='bbox 214 3428 322 3488; x_wconf 89' lang='lat' dir='ltr'>XVII.</span> <span class='ocrx_word' id='word_1_386' title='bbox 346 3428 378 3486; x_wconf 87' lang='lat' dir='ltr'><strong>Si</strong></span> <span class='ocrx_word' id='word_1_387' title='bbox 392 3427 529 3506; x_wconf 81' lang='lat' dir='ltr'><strong>Apostoli</strong></span> <span class='ocrx_word' id='word_1_388' title='bbox 543 3427 727 3488; x_wconf 82' lang='lat' dir='ltr'><strong>coeremoniae</strong></span> <span class='ocrx_word' id='word_1_389' title='bbox 748 3427 938 3488; x_wconf 87' lang='lat' dir='ltr'><strong>observarunt</strong></span> <span class='ocrx_word' id='word_1_390' title='bbox 954 3435 1021 3508; x_wconf 90' lang='lat' dir='ltr'><strong>post</strong></span> <span class='ocrx_word' id='word_1_391' title='bbox 1036 3427 1143 3488; x_wconf 83' lang='lat' dir='ltr'><strong>Christi</strong></span> <span class='ocrx_word' id='word_1_392' title='bbox 1156 3435 1278 3489; x_wconf 87' lang='lat' dir='ltr'><strong>mortem</strong></span> <span class='ocrx_word' id='word_1_393' title='bbox 1293 3436 1322 3488; x_wconf 89' lang='lat' dir='ltr'><strong>et</strong></span> <span class='ocrx_word' id='word_1_394' title='bbox 1335 3449 1379 3490; x_wconf 91' lang='lat' dir='ltr'><strong>re·</strong></span> 
     </span>
     <span class='ocr_line' id='line_1_40' title="bbox 175 3506 1378 3585; baseline 0.001 -18"><span class='ocrx_word' id='word_1_395' title='bbox 175 3507 389 3583; x_wconf 87' lang='lat' dir='ltr'><strong>surrectionem,</strong></span> <span class='ocrx_word' id='word_1_396' title='bbox 410 3527 469 3566; x_wconf 92' lang='lat' dir='ltr'><strong>non</strong></span> <span class='ocrx_word' id='word_1_397' title='bbox 482 3506 613 3566; x_wconf 88' lang='lat' dir='ltr'><strong>fecerunt</strong></span> <span class='ocrx_word' id='word_1_398' title='bbox 629 3527 667 3566; x_wconf 88' lang='lat' dir='ltr'><strong>ex</strong></span> <span class='ocrx_word' id='word_1_399' title='bbox 680 3509 861 3584; x_wconf 87' lang='lat' dir='ltr'><strong>necessitate,</strong></span> <span class='ocrx_word' id='word_1_400' title='bbox 884 3508 936 3568; x_wconf 90' lang='lat' dir='ltr'><strong>sed</strong></span> <span class='ocrx_word' id='word_1_401' title='bbox 955 3529 992 3567; x_wconf 87' lang='lat' dir='ltr'><strong>ax</strong></span> <span class='ocrx_word' id='word_1_402' title='bbox 1007 3509 1155 3585; x_wconf 88' lang='lat' dir='ltr'><strong>charitate,</strong></span> <span class='ocrx_word' id='word_1_403' title='bbox 1174 3516 1207 3569; x_wconf 90' lang='lat' dir='ltr'><strong>ut</strong></span> <span class='ocrx_word' id='word_1_404' title='bbox 1221 3529 1252 3568; x_wconf 85' lang='lat' dir='ltr'><strong>sc</strong></span> <span class='ocrx_word' id='word_1_405' title='bbox 1267 3530 1378 3568; x_wconf 89' lang='lat' dir='ltr'><strong>accom-</strong></span> 
     </span>
     <span class='ocr_line' id='line_1_41' title="bbox 174 3587 1379 3667; baseline 0.002 -22"><span class='ocrx_word' id='word_1_406' title='bbox 174 3587 324 3647; x_wconf 87' lang='lat' dir='ltr'><strong>modarent</strong></span> <span class='ocrx_word' id='word_1_407' title='bbox 337 3587 496 3648; x_wconf 88' lang='lat' dir='ltr'><strong>infirmitati</strong></span> <span class='ocrx_word' id='word_1_408' title='bbox 509 3587 689 3662; x_wconf 76' lang='lat' dir='ltr'><strong>dedecorum,</strong></span> <span class='ocrx_word' id='word_1_409' title='bbox 712 3587 816 3664; x_wconf 91' lang='lat' dir='ltr'><strong>partim</strong></span> <span class='ocrx_word' id='word_1_410' title='bbox 830 3596 864 3647; x_wconf 93' lang='lat' dir='ltr'><strong>ut</strong></span> <span class='ocrx_word' id='word_1_411' title='bbox 877 3588 1062 3648; x_wconf 89' lang='lat' dir='ltr'><strong>ostenderent</strong></span> <span class='ocrx_word' id='word_1_412' title='bbox 1079 3608 1110 3648; x_wconf 90' lang='lat' dir='ltr'><strong>se</strong></span> <span class='ocrx_word' id='word_1_413' title='bbox 1125 3589 1198 3667; x_wconf 88' lang='lat' dir='ltr'><strong>Legi</strong></span> <span class='ocrx_word' id='word_1_414' title='bbox 1213 3590 1307 3648; x_wconf 82' lang='lat' dir='ltr'><strong>Masis</strong></span> <span class='ocrx_word' id='word_1_415' title='bbox 1321 3609 1379 3649; x_wconf 92' lang='lat' dir='ltr'><strong>non</strong></span> 
     </span>
     <span class='ocr_line' id='line_1_42' title="bbox 175 3665 1380 3746; baseline 0.004 -23"><span class='ocrx_word' id='word_1_416' title='bbox 175 3667 330 3743; x_wconf 87' lang='lat' dir='ltr'><strong>adversari,</strong></span> <span class='ocrx_word' id='word_1_417' title='bbox 345 3675 378 3727; x_wconf 92' lang='lat' dir='ltr'><strong>ut</strong></span> <span class='ocrx_word' id='word_1_418' title='bbox 391 3665 527 3726; x_wconf 88' lang='lat' dir='ltr'><strong>malevoli</strong></span> <span class='ocrx_word' id='word_1_419' title='bbox 544 3666 666 3726; x_wconf 90' lang='lat' dir='ltr'><strong>Paulum</strong></span> <span class='ocrx_word' id='word_1_420' title='bbox 680 3667 810 3745; x_wconf 91' lang='lat' dir='ltr'><strong>improbe</strong></span> <span class='ocrx_word' id='word_1_421' title='bbox 824 3667 1080 3744; x_wconf 88' lang='lat' dir='ltr'><strong>calumniabantur,</strong></span> <span class='ocrx_word' id='word_1_422' title='bbox 1095 3670 1200 3746; x_wconf 89' lang='lat' dir='ltr'><strong>partim</strong></span> <span class='ocrx_word' id='word_1_423' title='bbox 1214 3678 1247 3729; x_wconf 95' lang='lat' dir='ltr'><strong>ut</strong></span> <span class='ocrx_word' id='word_1_424' title='bbox 1257 3669 1279 3729; x_wconf 89' lang='lat' dir='ltr'>J</span> <span class='ocrx_word' id='word_1_425' title='bbox 1280 3669 1380 3728; x_wconf 86' lang='lat' dir='ltr'><strong>udasos</strong></span> 
     </span>
     <span class='ocr_line' id='line_1_43' title="bbox 176 3746 1378 3826; baseline 0.004 -23"><span class='ocrx_word' id='word_1_426' title='bbox 176 3746 291 3804; x_wconf 83' lang='lat' dir='ltr'><strong>Christo</strong></span> <span class='ocrx_word' id='word_1_427' title='bbox 304 3746 513 3821; x_wconf 73' lang='lat' dir='ltr'><strong>lucrifacerent,</strong></span> <span class='ocrx_word' id='word_1_428' title='bbox 531 3749 545 3804; x_wconf 95' lang='lat'>1</span> <span class='ocrx_word' id='word_1_429' title='bbox 562 3747 628 3805; x_wconf 85' lang='lat' dir='ltr'><strong>Cor.</strong></span> <span class='ocrx_word' id='word_1_430' title='bbox 643 3747 684 3806; x_wconf 86' lang='lat' dir='ltr'><strong>ix.</strong></span> <span class='ocrx_word' id='word_1_431' title='bbox 699 3750 747 3822; x_wconf 94' lang='lat'><strong>20,</strong></span> <span class='ocrx_word' id='word_1_432' title='bbox 762 3748 867 3823; x_wconf 90' lang='lat' dir='ltr'><strong>partim</strong></span> <span class='ocrx_word' id='word_1_433' title='bbox 878 3756 910 3807; x_wconf 91' lang='lat' dir='ltr'><strong>ut</strong></span> <span class='ocrx_word' id='word_1_434' title='bbox 926 3749 1112 3826; x_wconf 79' lang='lat' dir='ltr'><strong>Synagogem</strong></span> <span class='ocrx_word' id='word_1_435' title='bbox 1126 3749 1282 3808; x_wconf 89' lang='lat' dir='ltr'><strong>honorifice</strong></span> <span class='ocrx_word' id='word_1_436' title='bbox 1297 3769 1378 3826; x_wconf 88' lang='lat' dir='ltr'><strong>sepe·</strong></span> 
     </span>
     <span class='ocr_line' id='line_1_44' title="bbox 173 3825 1380 3905; baseline 0.002 -21"><span class='ocrx_word' id='word_1_437' title='bbox 173 3825 260 3884; x_wconf 82' lang='lat' dir='ltr'><strong>lirant</strong></span> <span class='ocrx_word' id='word_1_438' title='bbox 276 3848 283 3885; x_wconf 92' lang='lat'><strong>:</strong></span> <span class='ocrx_word' id='word_1_439' title='bbox 304 3825 383 3903; x_wconf 91' lang='lat' dir='ltr'><strong>quod</strong></span> <span class='ocrx_word' id='word_1_440' title='bbox 396 3827 445 3885; x_wconf 87' lang='lat' dir='ltr'><strong>vel</strong></span> <span class='ocrx_word' id='word_1_441' title='bbox 459 3846 497 3885; x_wconf 89' lang='lat' dir='ltr'><strong>ex</strong></span> <span class='ocrx_word' id='word_1_442' title='bbox 510 3845 545 3886; x_wconf 92' lang='lat' dir='ltr'><strong>eo</strong></span> <span class='ocrx_word' id='word_1_443' title='bbox 559 3825 720 3885; x_wconf 88' lang='lat' dir='ltr'><strong>luculenter</strong></span> <span class='ocrx_word' id='word_1_444' title='bbox 733 3835 854 3903; x_wconf 63' lang='lat' dir='ltr'><strong>consmt,</strong></span> <span class='ocrx_word' id='word_1_445' title='bbox 867 3826 945 3904; x_wconf 92' lang='lat' dir='ltr'><strong>quod</strong></span> <span class='ocrx_word' id='word_1_446' title='bbox 957 3827 1026 3887; x_wconf 89' lang='lat' dir='ltr'><strong>licet</strong></span> <span class='ocrx_word' id='word_1_447' title='bbox 1037 3827 1150 3905; x_wconf 89' lang='lat' dir='ltr'><strong>agendo</strong></span> <span class='ocrx_word' id='word_1_448' title='bbox 1162 3849 1227 3886; x_wconf 89' lang='lat' dir='ltr'><strong>cum</strong></span> <span class='ocrx_word' id='word_1_449' title='bbox 1241 3828 1380 3887; x_wconf 84' lang='lat' dir='ltr'><strong>fratribus</strong></span> 
     </span>
     <span class='ocr_line' id='line_1_45' title="bbox 173 3905 1381 3984; baseline 0.003 -22"><span class='ocrx_word' id='word_1_450' title='bbox 173 3905 295 3964; x_wconf 89' lang='lat' dir='ltr'><strong>infirmis</strong></span> <span class='ocrx_word' id='word_1_451' title='bbox 308 3906 454 3966; x_wconf 87' lang='lat' dir='ltr'><strong>voluerint</strong></span> <span class='ocrx_word' id='word_1_452' title='bbox 467 3906 510 3965; x_wconf 90' lang='lat' dir='ltr'><strong>uti</strong></span> <span class='ocrx_word' id='word_1_453' title='bbox 523 3905 617 3964; x_wconf 91' lang='lat' dir='ltr'><strong>adhuc</strong></span> <span class='ocrx_word' id='word_1_454' title='bbox 631 3905 670 3964; x_wconf 90' lang='lat' dir='ltr'><strong>ad</strong></span> <span class='ocrx_word' id='word_1_455' title='bbox 682 3915 796 3983; x_wconf 90' lang='lat' dir='ltr'><strong>tempus</strong></span> <span class='ocrx_word' id='word_1_456' title='bbox 815 3907 1001 3982; x_wconf 77' lang='lat' dir='ltr'><strong>ceremoniis,</strong></span> <span class='ocrx_word' id='word_1_457' title='bbox 1017 3928 1066 3966; x_wconf 84' lang='lat' dir='ltr'><strong>aas</strong></span> <span class='ocrx_word' id='word_1_458' title='bbox 1079 3915 1176 3966; x_wconf 91' lang='lat' dir='ltr'><strong>tamen</strong></span> <span class='ocrx_word' id='word_1_459' title='bbox 1191 3907 1306 3984; x_wconf 91' lang='lat' dir='ltr'><strong>quando</strong></span> <span class='ocrx_word' id='word_1_460' title='bbox 1320 3906 1381 3966; x_wconf 83' lang='lat' dir='ltr'><strong>illis</strong></span> 
     </span>
     <span class='ocr_line' id='line_1_46' title="bbox 173 3984 1379 4063; baseline 0.001 -21"><span class='ocrx_word' id='word_1_461' title='bbox 173 4003 221 4043; x_wconf 89' lang='lat' dir='ltr'><strong>res</strong></span> <span class='ocrx_word' id='word_1_462' title='bbox 234 3984 290 4043; x_wconf 88' lang='lat' dir='ltr'><strong>fuit</strong></span> <span class='ocrx_word' id='word_1_463' title='bbox 307 4005 373 4044; x_wconf 92' lang='lat' dir='ltr'><strong>cum</strong></span> <span class='ocrx_word' id='word_1_464' title='bbox 391 3985 673 4063; x_wconf 87' lang='lat' dir='ltr'><strong>Pseudo-Apostolis</strong></span> <span class='ocrx_word' id='word_1_465' title='bbox 687 3993 716 4044; x_wconf 91' lang='lat' dir='ltr'><strong>et</strong></span> <span class='ocrx_word' id='word_1_466' title='bbox 730 3985 916 4044; x_wconf 74' lang='lat' dir='ltr'><strong>Adversarii·</strong></span> <span class='ocrx_word' id='word_1_467' title='bbox 935 3987 1130 4063; x_wconf 86' lang='lat' dir='ltr'><strong>pertinacibus</strong></span> <span class='ocrx_word' id='word_1_468' title='bbox 1149 3995 1314 4046; x_wconf 88' lang='lat' dir='ltr'><strong>constanter</strong></span> <span class='ocrx_word' id='word_1_469' title='bbox 1334 4006 1379 4044; x_wconf 90' lang='lat' dir='ltr'><strong>re-</strong></span> 
     </span>
     <span class='ocr_line' id='line_1_47' title="bbox 173 4063 1380 4142; baseline 0.002 -20"><span class='ocrx_word' id='word_1_470' title='bbox 173 4063 329 4141; x_wconf 90' lang='lat' dir='ltr'><strong>pudiarint.</strong></span> <span class='ocrx_word' id='word_1_471' title='bbox 372 4064 481 4124; x_wconf 86' lang='lat' dir='ltr'><strong>Paulus</strong></span> <span class='ocrx_word' id='word_1_472' title='bbox 500 4065 551 4142; x_wconf 87' lang='lat' dir='ltr'><strong>qni</strong></span> <span class='ocrx_word' id='word_1_473' title='bbox 569 4065 754 4123; x_wconf 87' lang='lat' dir='ltr'><strong>Timotheum</strong></span> <span class='ocrx_word' id='word_1_474' title='bbox 771 4065 866 4125; x_wconf 83' lang='lat' dir='ltr'><strong>voluit</strong></span> <span class='ocrx_word' id='word_1_475' title='bbox 886 4065 1061 4140; x_wconf 88' lang='lat' dir='ltr'><strong>circumcidi,</strong></span> <span class='ocrx_word' id='word_1_476' title='bbox 1081 4065 1150 4125; x_wconf 84' lang='lat' dir='ltr'><strong>Act.</strong></span> <span class='ocrx_word' id='word_1_477' title='bbox 1165 4066 1226 4124; x_wconf 78' lang='lat' dir='ltr'><strong>xvi.</strong></span> <span class='ocrx_word' id='word_1_478' title='bbox 1242 4069 1270 4142; x_wconf 89' lang='lat'><strong>3,</strong></span> <span class='ocrx_word' id='word_1_479' title='bbox 1286 4065 1380 4124; x_wconf 88' lang='lat' dir='ltr'><strong>noluit</strong></span> 
     </span>
     <span class='ocr_line' id='line_1_48' title="bbox 173 4143 1377 4223; baseline 0.002 -22"><span class='ocrx_word' id='word_1_480' title='bbox 173 4153 271 4202; x_wconf 88' lang='lat' dir='ltr'><strong>tamen</strong></span> <span class='ocrx_word' id='word_1_481' title='bbox 290 4143 441 4220; x_wconf 80' lang='lat' dir='ltr'><strong>disputans</strong></span> <span class='ocrx_word' id='word_1_482' title='bbox 462 4153 563 4204; x_wconf 88' lang='lat' dir='ltr'><strong>contra</strong></span> <span class='ocrx_word' id='word_1_483' title='bbox 582 4143 672 4203; x_wconf 87' lang='lat' dir='ltr'><strong>falsos</strong></span> <span class='ocrx_word' id='word_1_484' title='bbox 692 4143 803 4219; x_wconf 69' lang='lat' dir='ltr'><strong>frenes,</strong></span> <span class='ocrx_word' id='word_1_485' title='bbox 827 4146 878 4222; x_wconf 93' lang='lat' dir='ltr'><strong>qui</strong></span> <span class='ocrx_word' id='word_1_486' title='bbox 898 4146 1108 4204; x_wconf 88' lang='lat' dir='ltr'><strong>insidiabantur</strong></span> <span class='ocrx_word' id='word_1_487' title='bbox 1128 4145 1256 4205; x_wconf 87' lang='lat' dir='ltr'><strong>libertati</strong></span> <span class='ocrx_word' id='word_1_488' title='bbox 1276 4145 1377 4223; x_wconf 90' lang='lat' dir='ltr'><strong>ipsius,</strong></span> 
     </span>
     <span class='ocr_line' id='line_1_49' title="bbox 173 4223 1379 4300; baseline 0.002 -19"><span class='ocrx_word' id='word_1_489' title='bbox 173 4223 273 4282; x_wconf 89' lang='lat' dir='ltr'><strong>Titum</strong></span> <span class='ocrx_word' id='word_1_490' title='bbox 287 4224 501 4299; x_wconf 88' lang='lat' dir='ltr'><strong>circumcidere,</strong></span> <span class='ocrx_word' id='word_1_491' title='bbox 514 4224 581 4284; x_wconf 87' lang='lat' dir='ltr'><strong>Gal.</strong></span> <span class='ocrx_word' id='word_1_492' title='bbox 592 4224 622 4282; x_wconf 92' lang='lat' dir='ltr'><strong>ii.</strong></span> <span class='ocrx_word' id='word_1_493' title='bbox 635 4227 663 4298; x_wconf 89' lang='grc'><strong>3,</strong></span> <span class='ocrx_word' id='word_1_494' title='bbox 675 4226 703 4300; x_wconf 86' lang='grc'><strong>4,</strong></span> <span class='ocrx_word' id='word_1_495' title='bbox 715 4243 752 4282; x_wconf 88' lang='lat' dir='ltr'><strong>ne</strong></span> <span class='ocrx_word' id='word_1_496' title='bbox 763 4223 845 4283; x_wconf 89' lang='lat' dir='ltr'><strong>daret</strong></span> <span class='ocrx_word' id='word_1_497' title='bbox 858 4225 917 4283; x_wconf 88' lang='lat' dir='ltr'><strong>illis</strong></span> <span class='ocrx_word' id='word_1_498' title='bbox 931 4225 1087 4283; x_wconf 83' lang='lat' dir='ltr'><strong>cavillandi</strong></span> <span class='ocrx_word' id='word_1_499' title='bbox 1101 4243 1209 4300; x_wconf 89' lang='lat' dir='ltr'><strong>ansam,</strong></span> <span class='ocrx_word' id='word_1_500' title='bbox 1222 4233 1251 4284; x_wconf 92' lang='lat' dir='ltr'><strong>et</strong></span> <span class='ocrx_word' id='word_1_501' title='bbox 1261 4225 1379 4283; x_wconf 89' lang='lat' dir='ltr'><strong>Petrum</strong></span> 
     </span>
     <span class='ocr_line' id='line_1_50' title="bbox 173 4302 1344 4381; baseline 0 -21"><span class='ocrx_word' id='word_1_502' title='bbox 173 4302 240 4361; x_wconf 90' lang='lat' dir='ltr'><strong>ideo</strong></span> <span class='ocrx_word' id='word_1_503' title='bbox 256 4323 356 4362; x_wconf 86' lang='lat' dir='ltr'><strong>severe</strong></span> <span class='ocrx_word' id='word_1_504' title='bbox 370 4303 564 4380; x_wconf 88' lang='lat' dir='ltr'><strong>reprehendit,</strong></span> <span class='ocrx_word' id='word_1_505' title='bbox 579 4304 658 4381; x_wconf 91' lang='lat' dir='ltr'><strong>quod</strong></span> <span class='ocrx_word' id='word_1_506' title='bbox 668 4303 843 4380; x_wconf 78' lang='lat' dir='ltr'><strong>judaizaret.</strong></span> <span class='ocrx_word' id='word_1_507' title='bbox 885 4303 954 4363; x_wconf 93' lang='lat' dir='ltr'><strong>Vid.</strong></span> <span class='ocrx_word' id='word_1_508' title='bbox 970 4303 1050 4381; x_wconf 85' lang='lat' dir='ltr'><strong>Aug.</strong></span> <span class='ocrx_word' id='word_1_509' title='bbox 1066 4304 1104 4363; x_wconf 92' lang='lat' dir='ltr'><strong>ad</strong></span> <span class='ocrx_word' id='word_1_510' title='bbox 1119 4304 1220 4363; x_wconf 92' lang='lat' dir='ltr'><strong>Hiero.</strong></span> <span class='ocrx_word' id='word_1_511' title='bbox 1235 4323 1280 4380; x_wconf 89' lang='lat' dir='ltr'><strong>ep.</strong></span> <span class='ocrx_word' id='word_1_512' title='bbox 1298 4305 1344 4361; x_wconf 84' lang='lat'><strong>19.</strong></span> 
     </span>
    </p>

    <p class='ocr_par' dir='ltr' id='par_1_6' title="bbox 173 4382 1385 4699">
     <span class='ocr_line' id='line_1_51' title="bbox 216 4382 1381 4461; baseline 0.001 -22"><span class='ocrx_word' id='word_1_513' title='bbox 216 4383 342 4441; x_wconf 90' lang='lat' dir='ltr'><strong>XVIII.</strong></span> <span class='ocrx_word' id='word_1_514' title='bbox 370 4385 470 4442; x_wconf 85' lang='lat' dir='ltr'><strong>Votum</strong></span> <span class='ocrx_word' id='word_1_515' title='bbox 483 4383 571 4442; x_wconf 81' lang='lat' dir='ltr'><strong>Pauli</strong></span> <span class='ocrx_word' id='word_1_516' title='bbox 582 4383 619 4441; x_wconf 94' lang='lat' dir='ltr'><strong>de</strong></span> <span class='ocrx_word' id='word_1_517' title='bbox 633 4383 780 4443; x_wconf 88' lang='lat' dir='ltr'><strong>tondendo</strong></span> <span class='ocrx_word' id='word_1_518' title='bbox 795 4383 897 4461; x_wconf 87' lang='lat' dir='ltr'><strong>capite,</strong></span> <span class='ocrx_word' id='word_1_519' title='bbox 913 4383 982 4442; x_wconf 86' lang='lat' dir='ltr'><strong>Act.</strong></span> <span class='ocrx_word' id='word_1_520' title='bbox 996 4385 1080 4442; x_wconf 88' lang='lat' dir='ltr'><strong>xviii.</strong></span> <span class='ocrx_word' id='word_1_521' title='bbox 1097 4386 1143 4458; x_wconf 83' lang='lat'><strong>18,</strong></span> <span class='ocrx_word' id='word_1_522' title='bbox 1161 4403 1220 4441; x_wconf 89' lang='lat' dir='ltr'><strong>non</strong></span> <span class='ocrx_word' id='word_1_523' title='bbox 1233 4382 1288 4440; x_wconf 85' lang='lat' dir='ltr'><strong>fuit</strong></span> <span class='ocrx_word' id='word_1_524' title='bbox 1301 4391 1381 4440; x_wconf 71' lang='lat' dir='ltr'><strong>ocare</strong></span> 
     </span>
     <span class='ocr_line' id='line_1_52' title="bbox 174 4459 1380 4541; baseline -0.001 -21"><span class='ocrx_word' id='word_1_525' title='bbox 174 4462 338 4540; x_wconf 64' lang='lat' dir='ltr'><strong>Religionis,</strong></span> <span class='ocrx_word' id='word_1_526' title='bbox 354 4463 437 4540; x_wconf 87' lang='lat' dir='ltr'><strong>quasi</strong></span> <span class='ocrx_word' id='word_1_527' title='bbox 452 4463 563 4539; x_wconf 90' lang='lat' dir='ltr'><strong>aliquid</strong></span> <span class='ocrx_word' id='word_1_528' title='bbox 578 4463 641 4522; x_wconf 88' lang='lat' dir='ltr'><strong>Deo</strong></span> <span class='ocrx_word' id='word_1_529' title='bbox 655 4463 835 4541; x_wconf 84' lang='lat' dir='ltr'><strong>promisisset</strong></span> <span class='ocrx_word' id='word_1_530' title='bbox 855 4483 893 4521; x_wconf 86' lang='lat' dir='ltr'><strong>ex</strong></span> <span class='ocrx_word' id='word_1_531' title='bbox 908 4462 988 4541; x_wconf 90' lang='lat' dir='ltr'><strong>Lege</strong></span> <span class='ocrx_word' id='word_1_532' title='bbox 1008 4471 1146 4540; x_wconf 87' lang='lat' dir='ltr'><strong>tanquam</strong></span> <span class='ocrx_word' id='word_1_533' title='bbox 1159 4469 1269 4538; x_wconf 88' lang='lat' dir='ltr'><strong>partem</strong></span> <span class='ocrx_word' id='word_1_534' title='bbox 1284 4459 1380 4519; x_wconf 89' lang='lat' dir='ltr'><strong>cultus</strong></span> 
     </span>
     <span class='ocr_line' id='line_1_53' title="bbox 173 4539 1382 4621; baseline -0.001 -22"><span class='ocrx_word' id='word_1_535' title='bbox 173 4541 350 4618; x_wconf 86' lang='lat' dir='ltr'><strong>necessarii;</strong></span> <span class='ocrx_word' id='word_1_536' title='bbox 373 4541 425 4600; x_wconf 89' lang='lat' dir='ltr'><strong>sed</strong></span> <span class='ocrx_word' id='word_1_537' title='bbox 438 4543 594 4618; x_wconf 69' lang='lat' dir='ltr'><strong>charitates,</strong></span> <span class='ocrx_word' id='word_1_538' title='bbox 609 4562 667 4621; x_wconf 92' lang='lat' dir='ltr'><strong>quo</strong></span> <span class='ocrx_word' id='word_1_539' title='bbox 681 4563 712 4602; x_wconf 91' lang='lat' dir='ltr'><strong>sc</strong></span> <span class='ocrx_word' id='word_1_540' title='bbox 726 4543 956 4603; x_wconf 87' lang='lat' dir='ltr'><strong>accommodaret</strong></span> <span class='ocrx_word' id='word_1_541' title='bbox 969 4541 1099 4618; x_wconf 85' lang='lat' dir='ltr'><strong>infirmis,</strong></span> <span class='ocrx_word' id='word_1_542' title='bbox 1111 4539 1266 4600; x_wconf 88' lang='lat' dir='ltr'><strong>ostendens</strong></span> <span class='ocrx_word' id='word_1_543' title='bbox 1281 4558 1311 4599; x_wconf 89' lang='lat' dir='ltr'><strong>se</strong></span> <span class='ocrx_word' id='word_1_544' title='bbox 1322 4559 1382 4598; x_wconf 92' lang='lat' dir='ltr'><strong>non</strong></span> 
     </span>
     <span class='ocr_line' id='line_1_54' title="bbox 176 4619 1385 4699; baseline -0.001 -19"><span class='ocrx_word' id='word_1_545' title='bbox 176 4641 240 4680; x_wconf 83' lang='lat' dir='ltr'><strong>esse</strong></span> <span class='ocrx_word' id='word_1_546' title='bbox 255 4619 346 4699; x_wconf 87' lang='lat' dir='ltr'><strong>Legis</strong></span> <span class='ocrx_word' id='word_1_547' title='bbox 360 4629 595 4699; x_wconf 85' lang='lat' dir='ltr'><strong>contemptorem,</strong></span> <span class='ocrx_word' id='word_1_548' title='bbox 612 4622 664 4683; x_wconf 88' lang='lat' dir='ltr'><strong>sed</strong></span> <span class='ocrx_word' id='word_1_549' title='bbox 687 4625 705 4656; x_wconf 85' lang='lat'>“</span> <span class='ocrx_word' id='word_1_550' title='bbox 715 4621 823 4682; x_wconf 87' lang='lat' dir='ltr'><strong>factum</strong></span> <span class='ocrx_word' id='word_1_551' title='bbox 838 4643 901 4682; x_wconf 88' lang='lat' dir='ltr'><strong>esse</strong></span> <span class='ocrx_word' id='word_1_552' title='bbox 915 4622 1049 4684; x_wconf 90' lang='lat' dir='ltr'><strong>omnibus</strong></span> <span class='ocrx_word' id='word_1_553' title='bbox 1063 4621 1189 4697; x_wconf 86' lang='lat' dir='ltr'><strong>omnia,&#39;’</strong></span> <span class='ocrx_word' id='word_1_554' title='bbox 1206 4623 1222 4677; x_wconf 92' lang='lat'>1</span> <span class='ocrx_word' id='word_1_555' title='bbox 1239 4619 1304 4679; x_wconf 84' lang='lat' dir='ltr'><strong>Gor.</strong></span> <span class='ocrx_word' id='word_1_556' title='bbox 1318 4619 1360 4678; x_wconf 85' lang='lat' dir='ltr'><strong>ix.</strong></span> <span class='ocrx_word' id='word_1_557' title='bbox 1373 4629 1385 4679; x_wconf 76' lang='lat' dir='ltr'><strong>t</strong></span> 
     </span>
    </p>
   </div>
   <div class='ocr_carea' id='block_1_3' title="bbox 0 0 1613 5194">
    <p class='ocr_par' dir='ltr' id='par_1_7' title="bbox 0 0 1613 5194">
     <span class='ocr_line' id='line_1_55' title="bbox 0 0 1613 5194; baseline 0 0"><span class='ocrx_word' id='word_1_558' title='bbox 0 0 1613 5194; x_wconf 95' lang='lat' dir='ltr'><strong> </strong></span> 
     </span>
    </p>
   </div>
  </div>
 </body>
</html>
