<?xml version="1.0" encoding="UTF-8"?>
<!DOCTYPE html PUBLIC "-//W3C//DTD XHTML 1.0 Transitional//EN"
    "http://www.w3.org/TR/xhtml1/DTD/xhtml1-transitional.dtd">
<html xmlns="http://www.w3.org/1999/xhtml" xml:lang="en" lang="en">
 <head>
  <title>
</title>
<meta http-equiv="Content-Type" content="text/html;charset=utf-8" />
  <meta name='ocr-system' content='tesseract 3.04.00' />
  <meta name='ocr-capabilities' content='ocr_page ocr_carea ocr_par ocr_line ocrx_word'/>
</head>
<body>
  <div class='ocr_page' id='page_1' title='image "./francisciturret00pictgoog_0663.png"; bbox 0 0 3152 5198; ppageno 0'>
   <div class='ocr_carea' id='block_1_1' title="bbox 223 297 1468 381">
    <p class='ocr_par' dir='ltr' id='par_1_1' title="bbox 223 297 1468 381">
     <span class='ocr_line' id='line_1_1' title="bbox 223 297 1468 381; baseline -0.003 -17"><span class='ocrx_word' id='word_1_1' title='bbox 223 305 281 364; x_wconf 60' lang='lat'>622</span> <span class='ocrx_word' id='word_1_2' title='bbox 627 319 718 361; x_wconf 79' lang='lat' dir='ltr'>torus</span> <span class='ocrx_word' id='word_1_3' title='bbox 734 319 863 360; x_wconf 75' lang='lat' dir='ltr'>uncinus</span> <span class='ocrx_word' id='word_1_4' title='bbox 878 317 1032 361; x_wconf 76' lang='lat' dir='ltr'>suminus.</span> <span class='ocrx_word' id='word_1_5' title='bbox 1269 297 1421 381; x_wconf 63' lang='lat' dir='ltr'>[eumer.</span> <span class='ocrx_word' id='word_1_6' title='bbox 1440 321 1468 360; x_wconf 82' lang='lat' dir='ltr'>r.</span> 
     </span>
    </p>
   </div>
   <div class='ocr_carea' id='block_1_2' title="bbox 223 460 1555 4684">
    <p class='ocr_par' dir='ltr' id='par_1_2' title="bbox 223 460 1555 938">
     <span class='ocr_line' id='line_1_2' title="bbox 223 460 1465 540; baseline -0.002 -18"><span class='ocrx_word' id='word_1_7' title='bbox 223 467 279 524; x_wconf 90' lang='lat' dir='ltr'>rito</span> <span class='ocrx_word' id='word_1_8' title='bbox 294 463 384 539; x_wconf 83' lang='lat' dir='ltr'><strong>reddi,</strong></span> <span class='ocrx_word' id='word_1_9' title='bbox 397 461 448 522; x_wconf 88' lang='lat' dir='ltr'>sed</span> <span class='ocrx_word' id='word_1_10' title='bbox 463 483 524 522; x_wconf 89' lang='lat' dir='ltr'>esse</span> <span class='ocrx_word' id='word_1_11' title='bbox 537 461 695 540; x_wconf 75' lang='lat' dir='ltr'>gratuitum</span> <span class='ocrx_word' id='word_1_12' title='bbox 706 461 822 536; x_wconf 90' lang='lat' dir='ltr'>donum,</span> <span class='ocrx_word' id='word_1_13' title='bbox 830 461 911 538; x_wconf 77' lang='lat' dir='ltr'>¹quod</span> <span class='ocrx_word' id='word_1_14' title='bbox 926 482 964 520; x_wconf 82' lang='lat' dir='ltr'>ex</span> <span class='ocrx_word' id='word_1_15' title='bbox 978 481 1057 518; x_wconf 86' lang='lat' dir='ltr'>mera</span> <span class='ocrx_word' id='word_1_16' title='bbox 1066 460 1243 520; x_wconf 74' lang='lat' dir='ltr'>liberalitate</span> <span class='ocrx_word' id='word_1_17' title='bbox 1255 463 1465 520; x_wconf 82' lang='lat' dir='ltr'>conseretur?</span> 
     </span>
     <span class='ocr_line' id='line_1_3' title="bbox 226 541 1461 620; baseline -0.002 -16"><span class='ocrx_word' id='word_1_18' title='bbox 226 545 310 620; x_wconf 80' lang='lat' dir='ltr'>Quod</span> <span class='ocrx_word' id='word_1_19' title='bbox 325 545 451 620; x_wconf 79' lang='lat' dir='ltr'><strong>August.</strong></span> <span class='ocrx_word' id='word_1_20' title='bbox 467 544 539 602; x_wconf 88' lang='lat' dir='ltr'>bene</span> <span class='ocrx_word' id='word_1_21' title='bbox 555 541 689 600; x_wconf 82' lang='lat' dir='ltr'>observet</span> <span class='ocrx_word' id='word_1_22' title='bbox 700 542 735 602; x_wconf 91' lang='lat' dir='ltr'>de</span> <span class='ocrx_word' id='word_1_23' title='bbox 748 543 828 601; x_wconf 88' lang='lat' dir='ltr'>Gret.</span> <span class='ocrx_word' id='word_1_24' title='bbox 842 550 871 601; x_wconf 92' lang='lat' dir='ltr'>et</span> <span class='ocrx_word' id='word_1_25' title='bbox 886 541 950 600; x_wconf 91' lang='lat' dir='ltr'><strong>Lib.</strong></span> <span class='ocrx_word' id='word_1_26' title='bbox 965 541 1039 599; x_wconf 89' lang='lat' dir='ltr'>Arb.</span> <span class='ocrx_word' id='word_1_27' title='bbox 1054 561 1116 618; x_wconf 83' lang='lat' dir='ltr'>esp.</span> <span class='ocrx_word' id='word_1_28' title='bbox 1133 544 1165 616; x_wconf 75' lang='lat'>93</span> <span class='ocrx_word' id='word_1_29' title='bbox 1190 542 1300 600; x_wconf 85' lang='lat' dir='ltr'>“Cum</span> <span class='ocrx_word' id='word_1_30' title='bbox 1316 545 1461 620; x_wconf 83' lang='lat' dir='ltr'>posser,”</span> 
     </span>
     <span class='ocr_line' id='line_1_4' title="bbox 226 619 1461 702; baseline -0.003 -18"><span class='ocrx_word' id='word_1_31' title='bbox 226 625 327 702; x_wconf 85' lang='lat' dir='ltr'>iuquit,</span> <span class='ocrx_word' id='word_1_32' title='bbox 346 627 362 657; x_wconf 77' lang='lat'>‘¹</span> <span class='ocrx_word' id='word_1_33' title='bbox 370 623 473 699; x_wconf 82' lang='lat' dir='ltr'><strong>dicere,</strong></span> <span class='ocrx_word' id='word_1_34' title='bbox 483 619 664 699; x_wconf 78' lang='lat' dir='ltr'>Stipendium</span> <span class='ocrx_word' id='word_1_35' title='bbox 670 623 792 700; x_wconf 71' lang='lat' dir='ltr'>justitiae</span> <span class='ocrx_word' id='word_1_36' title='bbox 803 623 864 680; x_wconf 80' lang='lat' dir='ltr'>vita</span> <span class='ocrx_word' id='word_1_37' title='bbox 875 630 989 697; x_wconf 79' lang='lat' dir='ltr'>mtemc,</span> <span class='ocrx_word' id='word_1_38' title='bbox 999 621 1101 679; x_wconf 76' lang='lat' dir='ltr'>meluit</span> <span class='ocrx_word' id='word_1_39' title='bbox 1111 621 1216 697; x_wconf 89' lang='lat' dir='ltr'>dicere,</span> <span class='ocrx_word' id='word_1_40' title='bbox 1229 622 1343 682; x_wconf 80' lang='lat' dir='ltr'><strong>Gratia</strong></span> <span class='ocrx_word' id='word_1_41' title='bbox 1356 633 1461 681; x_wconf 81' lang='lat' dir='ltr'>autem</span> 
     </span>
     <span class='ocr_line' id='line_1_5' title="bbox 225 701 1555 778; baseline -0.002 -16"><span class='ocrx_word' id='word_1_42' title='bbox 225 706 287 765; x_wconf 83' lang='lat' dir='ltr'>vite</span> <span class='ocrx_word' id='word_1_43' title='bbox 300 713 415 778; x_wconf 75' lang='lat' dir='ltr'>esterna,</span> <span class='ocrx_word' id='word_1_44' title='bbox 431 711 464 762; x_wconf 92' lang='lat' dir='ltr'>ut</span> <span class='ocrx_word' id='word_1_45' title='bbox 477 704 545 761; x_wconf 90' lang='lat' dir='ltr'>hinc</span> <span class='ocrx_word' id='word_1_46' title='bbox 558 702 792 778; x_wconf 80' lang='lat' dir='ltr'>intelligeremus,</span> <span class='ocrx_word' id='word_1_47' title='bbox 809 722 867 759; x_wconf 93' lang='lat' dir='ltr'>non</span> <span class='ocrx_word' id='word_1_48' title='bbox 890 721 941 778; x_wconf 91' lang='lat' dir='ltr'>pro</span> <span class='ocrx_word' id='word_1_49' title='bbox 965 701 1075 760; x_wconf 90' lang='lat' dir='ltr'>meritis</span> <span class='ocrx_word' id='word_1_50' title='bbox 1096 701 1204 760; x_wconf 89' lang='lat' dir='ltr'>uostris</span> <span class='ocrx_word' id='word_1_51' title='bbox 1222 703 1325 760; x_wconf 87' lang='lat' dir='ltr'>Deum</span> <span class='ocrx_word' id='word_1_52' title='bbox 1342 722 1404 760; x_wconf 88' lang='lat' dir='ltr'>nos</span> <span class='ocrx_word' id='word_1_53' title='bbox 1419 703 1459 760; x_wconf 77' lang='lat' dir='ltr'>sd</span> <span class='ocrx_word' id='word_1_54' title='bbox 1554 711 1555 738; x_wconf 82' lang='lat'>³</span> 
     </span>
     <span class='ocr_line' id='line_1_6' title="bbox 225 781 1459 859; baseline -0.002 -17"><span class='ocrx_word' id='word_1_55' title='bbox 225 785 316 843; x_wconf 78' lang='lat' dir='ltr'>vitem</span> <span class='ocrx_word' id='word_1_56' title='bbox 331 793 476 858; x_wconf 78' lang='lat' dir='ltr'>retemem,</span> <span class='ocrx_word' id='word_1_57' title='bbox 500 782 551 842; x_wconf 89' lang='lat' dir='ltr'>sed</span> <span class='ocrx_word' id='word_1_58' title='bbox 574 802 625 858; x_wconf 92' lang='lat' dir='ltr'>pro</span> <span class='ocrx_word' id='word_1_59' title='bbox 650 801 701 838; x_wconf 83' lang='lat' dir='ltr'>sue</span> <span class='ocrx_word' id='word_1_60' title='bbox 725 781 908 839; x_wconf 77' lang='lat' dir='ltr'>miseratione</span> <span class='ocrx_word' id='word_1_61' title='bbox 931 781 1114 858; x_wconf 86' lang='lat' dir='ltr'>perducere.&#39;&#39;</span> <span class='ocrx_word' id='word_1_62' title='bbox 1158 781 1272 839; x_wconf 84' lang='lat' dir='ltr'>Eodem</span> <span class='ocrx_word' id='word_1_63' title='bbox 1298 783 1459 859; x_wconf 80' lang='lat' dir='ltr'>pertinent</span> 
     </span>
     <span class='ocr_line' id='line_1_7' title="bbox 227 859 1453 938; baseline -0.001 -17"><span class='ocrx_word' id='word_1_64' title='bbox 227 865 308 922; x_wconf 81' lang='lat' dir='ltr'>voris</span> <span class='ocrx_word' id='word_1_65' title='bbox 321 863 372 922; x_wconf 86' lang='lat' dir='ltr'>ille</span> <span class='ocrx_word' id='word_1_66' title='bbox 385 863 457 938; x_wconf 84' lang='lat' dir='ltr'>loce,</span> <span class='ocrx_word' id='word_1_67' title='bbox 474 865 523 922; x_wconf 91' lang='lat' dir='ltr'>nbi</span> <span class='ocrx_word' id='word_1_68' title='bbox 538 862 615 920; x_wconf 81' lang='lat' dir='ltr'>selus</span> <span class='ocrx_word' id='word_1_69' title='bbox 627 859 731 918; x_wconf 90' lang='lat' dir='ltr'>dicitur</span> <span class='ocrx_word' id='word_1_70' title='bbox 745 881 808 918; x_wconf 90' lang='lat' dir='ltr'>esse</span> <span class='ocrx_word' id='word_1_71' title='bbox 824 881 841 919; x_wconf 86' lang='lat' dir='ltr'>e</span> <span class='ocrx_word' id='word_1_72' title='bbox 855 862 1059 936; x_wconf 84' lang='lat' dir='ltr'>misericordie,</span> <span class='ocrx_word' id='word_1_73' title='bbox 1076 861 1153 919; x_wconf 83' lang='lat' dir='ltr'>Psel.</span> <span class='ocrx_word' id='word_1_74' title='bbox 1169 861 1227 918; x_wconf 90' lang='lat' dir='ltr'>ciii.</span> <span class='ocrx_word' id='word_1_75' title='bbox 1242 866 1270 936; x_wconf 74' lang='lat'>4,</span> <span class='ocrx_word' id='word_1_76' title='bbox 1291 861 1387 936; x_wconf 80' lang='lat' dir='ltr'>“Qui</span> <span class='ocrx_word' id='word_1_77' title='bbox 1402 883 1453 920; x_wconf 85' lang='lat' dir='ltr'>eo·</span> 
     </span>
    </p>

    <p class='ocr_par' dir='ltr' id='par_1_3' title="bbox 226 939 1453 1016">
     <span class='ocr_line' id='line_1_8' title="bbox 226 939 1453 1016; baseline -0.002 -14"><span class='ocrx_word' id='word_1_78' title='bbox 226 954 310 1004; x_wconf 80' lang='lat' dir='ltr'>rorrnt</span> <span class='ocrx_word' id='word_1_79' title='bbox 323 953 352 1004; x_wconf 90' lang='lat' dir='ltr'>te</span> <span class='ocrx_word' id='word_1_80' title='bbox 361 941 555 1002; x_wconf 75' lang='lat' dir='ltr'>misericordia</span> <span class='ocrx_word' id='word_1_81' title='bbox 564 961 571 1014; x_wconf 74' lang='lat'><em>3</em></span> <span class='ocrx_word' id='word_1_82' title='bbox 581 941 597 965; x_wconf 87' lang='lat'>&#39;’</span> <span class='ocrx_word' id='word_1_83' title='bbox 609 939 684 1016; x_wconf 91' lang='lat' dir='ltr'>Eph.</span> <span class='ocrx_word' id='word_1_84' title='bbox 697 940 725 998; x_wconf 88' lang='lat' dir='ltr'>ii.</span> <span class='ocrx_word' id='word_1_85' title='bbox 742 943 769 1014; x_wconf 89' lang='lat'>8,</span> <span class='ocrx_word' id='word_1_86' title='bbox 785 942 813 1016; x_wconf 78' lang='lat'>9,</span> <span class='ocrx_word' id='word_1_87' title='bbox 838 943 855 972; x_wconf 78' lang='lat'>‘⁴</span> <span class='ocrx_word' id='word_1_88' title='bbox 866 941 967 1000; x_wconf 76' lang='lat' dir='ltr'>Gratis</span> <span class='ocrx_word' id='word_1_89' title='bbox 977 942 1084 1000; x_wconf 88' lang='lat' dir='ltr'>servati</span> <span class='ocrx_word' id='word_1_90' title='bbox 1094 941 1178 1016; x_wconf 74' lang='lat' dir='ltr'>estis,</span> <span class='ocrx_word' id='word_1_91' title='bbox 1187 941 1204 966; x_wconf 87' lang='lat'>’¹</span> <span class='ocrx_word' id='word_1_92' title='bbox 1214 947 1264 1000; x_wconf 79' lang='lat' dir='ltr'>&amp;e</span> <span class='ocrx_word' id='word_1_93' title='bbox 1289 942 1352 1000; x_wconf 83' lang='lat' dir='ltr'>Tit.</span> <span class='ocrx_word' id='word_1_94' title='bbox 1364 943 1407 1000; x_wconf 90' lang='lat' dir='ltr'>iii.</span> <span class='ocrx_word' id='word_1_95' title='bbox 1422 945 1453 1016; x_wconf 85' lang='lat'>5,</span> 
     </span>
    </p>

    <p class='ocr_par' dir='ltr' id='par_1_4' title="bbox 227 1018 1458 1098">
     <span class='ocr_line' id='line_1_9' title="bbox 227 1018 1458 1098; baseline -0.002 -16"><span class='ocrx_word' id='word_1_96' title='bbox 227 1029 245 1056; x_wconf 85' lang='lat'>“</span> <span class='ocrx_word' id='word_1_97' title='bbox 258 1023 457 1082; x_wconf 83' lang='lat' dir='ltr'>Misericordia</span> <span class='ocrx_word' id='word_1_98' title='bbox 471 1041 522 1080; x_wconf 82' lang='lat' dir='ltr'>sue</span> <span class='ocrx_word' id='word_1_99' title='bbox 536 1020 663 1078; x_wconf 76' lang='lat' dir='ltr'>servavit</span> <span class='ocrx_word' id='word_1_100' title='bbox 674 1021 757 1094; x_wconf 84' lang='lat' dir='ltr'>nos,&#39;’</span> <span class='ocrx_word' id='word_1_101' title='bbox 770 1018 823 1079; x_wconf 79' lang='lat' dir='ltr'>&amp;c</span> <span class='ocrx_word' id='word_1_102' title='bbox 865 1020 938 1079; x_wconf 88' lang='lat' dir='ltr'>Cum</span> <span class='ocrx_word' id='word_1_103' title='bbox 952 1023 1027 1079; x_wconf 90' lang='lat' dir='ltr'>enim</span> <span class='ocrx_word' id='word_1_104' title='bbox 1042 1021 1238 1080; x_wconf 83' lang='lat' dir='ltr'>misericordie</span> <span class='ocrx_word' id='word_1_105' title='bbox 1262 1022 1303 1080; x_wconf 90' lang='lat' dir='ltr'>sit</span> <span class='ocrx_word' id='word_1_106' title='bbox 1317 1023 1458 1098; x_wconf 75' lang='lat' dir='ltr'>gratuite</span> 
     </span>
    </p>

    <p class='ocr_par' dir='ltr' id='par_1_5' title="bbox 227 1100 1267 1178">
     <span class='ocr_line' id='line_1_10' title="bbox 227 1100 1267 1178; baseline -0.004 -14"><span class='ocrx_word' id='word_1_107' title='bbox 227 1115 257 1164; x_wconf 87' lang='lat' dir='ltr'>ct</span> <span class='ocrx_word' id='word_1_108' title='bbox 271 1104 406 1176; x_wconf 85' lang='lat' dir='ltr'>indebite,</span> <span class='ocrx_word' id='word_1_109' title='bbox 423 1101 447 1160; x_wconf 89' lang='lat' dir='ltr'>si</span> <span class='ocrx_word' id='word_1_110' title='bbox 462 1101 540 1160; x_wconf 82' lang='lat' dir='ltr'>salus</span> <span class='ocrx_word' id='word_1_111' title='bbox 552 1108 595 1158; x_wconf 92' lang='lat' dir='ltr'>est</span> <span class='ocrx_word' id='word_1_112' title='bbox 609 1120 627 1157; x_wconf 78' lang='lat' dir='ltr'><strong>a</strong></span> <span class='ocrx_word' id='word_1_113' title='bbox 640 1100 844 1175; x_wconf 79' lang='lat' dir='ltr'>misericordie,</span> <span class='ocrx_word' id='word_1_114' title='bbox 859 1120 917 1158; x_wconf 91' lang='lat' dir='ltr'>non</span> <span class='ocrx_word' id='word_1_115' title='bbox 930 1109 1026 1178; x_wconf 89' lang='lat' dir='ltr'>potest</span> <span class='ocrx_word' id='word_1_116' title='bbox 1040 1121 1103 1160; x_wconf 89' lang='lat' dir='ltr'>esse</span> <span class='ocrx_word' id='word_1_117' title='bbox 1117 1101 1267 1160; x_wconf 84' lang='lat' dir='ltr'>emeritis.</span> 
     </span>
    </p>

    <p class='ocr_par' dir='ltr' id='par_1_6' title="bbox 228 1180 1453 1898">
     <span class='ocr_line' id='line_1_11' title="bbox 267 1180 1453 1258; baseline 0 -18"><span class='ocrx_word' id='word_1_118' title='bbox 267 1182 373 1240; x_wconf 88' lang='lat' dir='ltr'>XVII.</span> <span class='ocrx_word' id='word_1_119' title='bbox 398 1182 517 1238; x_wconf 79' lang='lat' dir='ltr'>Frustra</span> <span class='ocrx_word' id='word_1_120' title='bbox 531 1181 680 1257; x_wconf 81' lang='lat' dir='ltr'>reponitur</span> <span class='ocrx_word' id='word_1_121' title='bbox 694 1181 783 1239; x_wconf 85' lang='lat' dir='ltr'>vitem</span> <span class='ocrx_word' id='word_1_122' title='bbox 798 1189 933 1238; x_wconf 77' lang='lat' dir='ltr'>aeternam</span> <span class='ocrx_word' id='word_1_123' title='bbox 948 1180 1005 1239; x_wconf 91' lang='lat' dir='ltr'>dici</span> <span class='ocrx_word' id='word_1_124' title='bbox 1020 1182 1151 1256; x_wconf 75' lang='lat' dir='ltr'>gratiam,</span> <span class='ocrx_word' id='word_1_125' title='bbox 1163 1201 1222 1240; x_wconf 89' lang='lat' dir='ltr'>non</span> <span class='ocrx_word' id='word_1_126' title='bbox 1233 1181 1314 1258; x_wconf 90' lang='lat' dir='ltr'>quod</span> <span class='ocrx_word' id='word_1_127' title='bbox 1328 1201 1393 1238; x_wconf 90' lang='lat' dir='ltr'>non</span> <span class='ocrx_word' id='word_1_128' title='bbox 1408 1181 1453 1240; x_wconf 82' lang='lat' dir='ltr'>sit</span> 
     </span>
     <span class='ocr_line' id='line_1_12' title="bbox 228 1260 1451 1338; baseline -0.002 -18"><span class='ocrx_word' id='word_1_129' title='bbox 228 1281 337 1320; x_wconf 86' lang='lat' dir='ltr'>merces</span> <span class='ocrx_word' id='word_1_130' title='bbox 351 1260 454 1333; x_wconf 89' lang='lat' dir='ltr'>meriti,</span> <span class='ocrx_word' id='word_1_131' title='bbox 471 1260 521 1318; x_wconf 91' lang='lat' dir='ltr'>sed</span> <span class='ocrx_word' id='word_1_132' title='bbox 536 1261 604 1338; x_wconf 84' lang='lat' dir='ltr'>quin</span> <span class='ocrx_word' id='word_1_133' title='bbox 618 1261 681 1338; x_wconf 82' lang='lat' dir='ltr'>ipsa</span> <span class='ocrx_word' id='word_1_134' title='bbox 704 1261 807 1318; x_wconf 85' lang='lat' dir='ltr'>merita</span> <span class='ocrx_word' id='word_1_135' title='bbox 829 1269 896 1320; x_wconf 89' lang='lat' dir='ltr'>suut</span> <span class='ocrx_word' id='word_1_136' title='bbox 918 1281 955 1319; x_wconf 86' lang='lat' dir='ltr'>ex</span> <span class='ocrx_word' id='word_1_137' title='bbox 977 1261 1079 1338; x_wconf 84' lang='lat' dir='ltr'>gretie.</span> <span class='ocrx_word' id='word_1_138' title='bbox 1122 1261 1197 1335; x_wconf 79' lang='lat' dir='ltr'>Quis</span> <span class='ocrx_word' id='word_1_139' title='bbox 1220 1261 1276 1320; x_wconf 79' lang='lat' dir='ltr'>iste</span> <span class='ocrx_word' id='word_1_140' title='bbox 1300 1269 1374 1320; x_wconf 86' lang='lat' dir='ltr'>suut</span> <span class='ocrx_word' id='word_1_141' title='bbox 1388 1273 1451 1318; x_wconf 68' lang='grc' dir='ltr'>ἀιό-</span> 
     </span>
     <span class='ocr_line' id='line_1_13' title="bbox 229 1339 1450 1418; baseline 0.004 -21"><span class='ocrx_word' id='word_1_142' title='bbox 229 1368 316 1416; x_wconf 70' lang='lat' dir='ltr'>ema,</span> <span class='ocrx_word' id='word_1_143' title='bbox 332 1339 400 1400; x_wconf 85' lang='lat' dir='ltr'>dare</span> <span class='ocrx_word' id='word_1_144' title='bbox 420 1340 530 1418; x_wconf 79' lang='lat' dir='ltr'>aliquid</span> <span class='ocrx_word' id='word_1_145' title='bbox 545 1361 581 1400; x_wconf 84' lang='lat' dir='ltr'>cx</span> <span class='ocrx_word' id='word_1_146' title='bbox 597 1341 697 1416; x_wconf 82' lang='lat' dir='ltr'>gretie,</span> <span class='ocrx_word' id='word_1_147' title='bbox 717 1349 745 1398; x_wconf 91' lang='lat' dir='ltr'>et</span> <span class='ocrx_word' id='word_1_148' title='bbox 768 1340 835 1399; x_wconf 86' lang='lat' dir='ltr'>dere</span> <span class='ocrx_word' id='word_1_149' title='bbox 860 1361 898 1398; x_wconf 81' lang='lat' dir='ltr'>ex</span> <span class='ocrx_word' id='word_1_150' title='bbox 919 1341 1030 1414; x_wconf 91' lang='lat' dir='ltr'>meritc,</span> <span class='ocrx_word' id='word_1_151' title='bbox 1046 1341 1179 1400; x_wconf 90' lang='lat' dir='ltr'>meritum</span> <span class='ocrx_word' id='word_1_152' title='bbox 1204 1342 1280 1399; x_wconf 90' lang='lat' dir='ltr'>enim</span> <span class='ocrx_word' id='word_1_153' title='bbox 1297 1341 1370 1399; x_wconf 81' lang='lat' dir='ltr'>feeit</span> <span class='ocrx_word' id='word_1_154' title='bbox 1385 1364 1450 1402; x_wconf 87' lang='lat' dir='ltr'>rem</span> 
     </span>
     <span class='ocr_line' id='line_1_14' title="bbox 229 1420 1449 1499; baseline 0.003 -21"><span class='ocrx_word' id='word_1_155' title='bbox 229 1420 375 1497; x_wconf 62' lang='lat' dir='ltr'>debitam</span> <span class='ocrx_word' id='word_1_156' title='bbox 398 1431 428 1481; x_wconf 82' lang='lat' dir='ltr'>et</span> <span class='ocrx_word' id='word_1_157' title='bbox 448 1422 542 1499; x_wconf 85' lang='lat' dir='ltr'>gretie</span> <span class='ocrx_word' id='word_1_158' title='bbox 563 1420 720 1478; x_wconf 79' lang='lat' dir='ltr'>indebitam</span> <span class='ocrx_word' id='word_1_159' title='bbox 745 1420 899 1497; x_wconf 80' lang='lat' dir='ltr'>supponit3</span> <span class='ocrx_word' id='word_1_160' title='bbox 922 1420 1060 1496; x_wconf 90' lang='lat' dir='ltr'>quicquid</span> <span class='ocrx_word' id='word_1_161' title='bbox 1082 1441 1152 1497; x_wconf 85' lang='lat' dir='ltr'>ergo</span> <span class='ocrx_word' id='word_1_162' title='bbox 1169 1421 1254 1480; x_wconf 84' lang='lat' dir='ltr'>datur</span> <span class='ocrx_word' id='word_1_163' title='bbox 1275 1441 1314 1479; x_wconf 84' lang='lat' dir='ltr'>ex</span> <span class='ocrx_word' id='word_1_164' title='bbox 1338 1424 1449 1498; x_wconf 80' lang='lat' dir='ltr'>grstia,</span> 
     </span>
     <span class='ocr_line' id='line_1_15' title="bbox 229 1499 1450 1579; baseline 0.003 -21"><span class='ocrx_word' id='word_1_165' title='bbox 229 1521 287 1560; x_wconf 91' lang='lat' dir='ltr'>non</span> <span class='ocrx_word' id='word_1_166' title='bbox 301 1510 396 1578; x_wconf 89' lang='lat' dir='ltr'>potest</span> <span class='ocrx_word' id='word_1_167' title='bbox 411 1501 472 1560; x_wconf 86' lang='lat' dir='ltr'>deri</span> <span class='ocrx_word' id='word_1_168' title='bbox 487 1521 523 1559; x_wconf 87' lang='lat' dir='ltr'>ex</span> <span class='ocrx_word' id='word_1_169' title='bbox 539 1501 648 1574; x_wconf 90' lang='lat' dir='ltr'>merito,</span> <span class='ocrx_word' id='word_1_170' title='bbox 665 1499 736 1558; x_wconf 80' lang='lat' dir='ltr'>ulios</span> <span class='ocrx_word' id='word_1_171' title='bbox 757 1500 850 1576; x_wconf 84' lang='lat' dir='ltr'>gretie</span> <span class='ocrx_word' id='word_1_172' title='bbox 870 1520 928 1558; x_wconf 92' lang='lat' dir='ltr'>uon</span> <span class='ocrx_word' id='word_1_173' title='bbox 950 1510 1026 1558; x_wconf 86' lang='lat' dir='ltr'>esset</span> <span class='ocrx_word' id='word_1_174' title='bbox 1047 1500 1148 1577; x_wconf 76' lang='lat' dir='ltr'>gretie,</span> <span class='ocrx_word' id='word_1_175' title='bbox 1172 1501 1247 1558; x_wconf 86' lang='lat' dir='ltr'>Rom</span> <span class='ocrx_word' id='word_1_176' title='bbox 1261 1501 1304 1558; x_wconf 83' lang='lat' dir='ltr'>xi.</span> <span class='ocrx_word' id='word_1_177' title='bbox 1321 1505 1349 1574; x_wconf 87' lang='lat'>6,</span> <span class='ocrx_word' id='word_1_178' title='bbox 1366 1504 1450 1579; x_wconf 84' lang='lat' dir='ltr'>quod</span> 
     </span>
     <span class='ocr_line' id='line_1_16' title="bbox 229 1578 1449 1659; baseline 0.002 -21"><span class='ocrx_word' id='word_1_179' title='bbox 229 1582 291 1659; x_wconf 90' lang='lat' dir='ltr'>ipse</span> <span class='ocrx_word' id='word_1_180' title='bbox 304 1581 440 1640; x_wconf 82' lang='lat' dir='ltr'>Bellorm.</span> <span class='ocrx_word' id='word_1_181' title='bbox 450 1602 509 1640; x_wconf 90' lang='lat' dir='ltr'>uon</span> <span class='ocrx_word' id='word_1_182' title='bbox 520 1580 664 1650; x_wconf 89' lang='lat' dir='ltr'>diffitetur,</span> <span class='ocrx_word' id='word_1_183' title='bbox 675 1579 724 1656; x_wconf 90' lang='lat' dir='ltr'>qui</span> <span class='ocrx_word' id='word_1_184' title='bbox 734 1578 812 1655; x_wconf 89' lang='lat' dir='ltr'>dicit,</span> <span class='ocrx_word' id='word_1_185' title='bbox 825 1600 886 1657; x_wconf 81' lang='lat' dir='ltr'>cap.</span> <span class='ocrx_word' id='word_1_186' title='bbox 898 1579 969 1655; x_wconf 82' lang='lat' dir='ltr'>xiv,</span> <span class='ocrx_word' id='word_1_187' title='bbox 984 1581 1013 1638; x_wconf 88' lang='lat' dir='ltr'>iu</span> <span class='ocrx_word' id='word_1_188' title='bbox 1027 1579 1176 1657; x_wconf 82' lang='lat' dir='ltr'>pensando</span> <span class='ocrx_word' id='word_1_189' title='bbox 1185 1581 1297 1654; x_wconf 87' lang='lat' dir='ltr'>merito,</span> <span class='ocrx_word' id='word_1_190' title='bbox 1310 1589 1339 1639; x_wconf 91' lang='lat' dir='ltr'>et</span> <span class='ocrx_word' id='word_1_191' title='bbox 1353 1583 1449 1640; x_wconf 86' lang='lat' dir='ltr'>tribu-</span> 
     </span>
     <span class='ocr_line' id='line_1_17' title="bbox 230 1660 1450 1737; baseline -0.002 -16"><span class='ocrx_word' id='word_1_192' title='bbox 230 1661 305 1722; x_wconf 80' lang='lat' dir='ltr'>enda</span> <span class='ocrx_word' id='word_1_193' title='bbox 316 1661 414 1721; x_wconf 80' lang='lat' dir='ltr'>debito</span> <span class='ocrx_word' id='word_1_194' title='bbox 427 1661 566 1736; x_wconf 87' lang='lat' dir='ltr'>mercede,</span> <span class='ocrx_word' id='word_1_195' title='bbox 578 1661 591 1737; x_wconf 91' lang='lat' dir='ltr'>j</span> <span class='ocrx_word' id='word_1_196' title='bbox 596 1660 722 1718; x_wconf 81' lang='lat' dir='ltr'>ustitiam</span> <span class='ocrx_word' id='word_1_197' title='bbox 733 1660 877 1735; x_wconf 83' lang='lat' dir='ltr'>quendem</span> <span class='ocrx_word' id='word_1_198' title='bbox 889 1661 1123 1718; x_wconf 85' lang='lat' dir='ltr'>commutativsm</span> <span class='ocrx_word' id='word_1_199' title='bbox 1134 1661 1270 1734; x_wconf 79' lang='lat' dir='ltr'>exerceri,</span> <span class='ocrx_word' id='word_1_200' title='bbox 1281 1661 1322 1718; x_wconf 89' lang='lat' dir='ltr'>id.</span> <span class='ocrx_word' id='word_1_201' title='bbox 1332 1682 1399 1719; x_wconf 82' lang='lat' dir='ltr'>cnm</span> <span class='ocrx_word' id='word_1_202' title='bbox 1416 1663 1450 1719; x_wconf 86' lang='lat' dir='ltr'>in</span> 
     </span>
     <span class='ocr_line' id='line_1_18' title="bbox 228 1739 1448 1819; baseline 0 -19"><span class='ocrx_word' id='word_1_203' title='bbox 228 1762 286 1819; x_wconf 88' lang='lat' dir='ltr'>que</span> <span class='ocrx_word' id='word_1_204' title='bbox 300 1741 371 1800; x_wconf 80' lang='lat' dir='ltr'>citro</span> <span class='ocrx_word' id='word_1_205' title='bbox 385 1761 499 1800; x_wconf 90' lang='lat' dir='ltr'>omnem</span> <span class='ocrx_word' id='word_1_206' title='bbox 513 1760 697 1818; x_wconf 81' lang='lat' dir='ltr'>personarum</span> <span class='ocrx_word' id='word_1_207' title='bbox 713 1739 851 1798; x_wconf 78' lang='lat' dir='ltr'>rationem</span> <span class='ocrx_word' id='word_1_208' title='bbox 866 1748 997 1798; x_wconf 82' lang='lat' dir='ltr'>servetur</span> <span class='ocrx_word' id='word_1_209' title='bbox 1010 1739 1041 1798; x_wconf 94' lang='lat' dir='ltr'>in</span> <span class='ocrx_word' id='word_1_210' title='bbox 1055 1739 1151 1798; x_wconf 83' lang='lat' dir='ltr'>dendo</span> <span class='ocrx_word' id='word_1_211' title='bbox 1165 1748 1194 1798; x_wconf 91' lang='lat' dir='ltr'>et</span> <span class='ocrx_word' id='word_1_212' title='bbox 1207 1741 1380 1818; x_wconf 79' lang='lat' dir='ltr'>accipiendo</span> <span class='ocrx_word' id='word_1_213' title='bbox 1394 1741 1448 1800; x_wconf 88' lang='lat' dir='ltr'>de-</span> 
     </span>
     <span class='ocr_line' id='line_1_19' title="bbox 229 1819 818 1898; baseline -0.007 -18"><span class='ocrx_word' id='word_1_214' title='bbox 229 1823 291 1880; x_wconf 83' lang='lat' dir='ltr'>bite</span> <span class='ocrx_word' id='word_1_215' title='bbox 305 1821 455 1898; x_wconf 80' lang='lat' dir='ltr'>aequslites</span> <span class='ocrx_word' id='word_1_216' title='bbox 469 1821 626 1880; x_wconf 90' lang='lat' dir='ltr'>secundum</span> <span class='ocrx_word' id='word_1_217' title='bbox 641 1819 818 1896; x_wconf 74' lang='lat' dir='ltr'>qualitatem.</span> 
     </span>
    </p>

    <p class='ocr_par' dir='ltr' id='par_1_7' title="bbox 229 1899 1447 2058">
     <span class='ocr_line' id='line_1_20' title="bbox 229 1899 1447 2058; baseline 0.002 -19"><span class='ocrx_word' id='word_1_218' title='bbox 229 1939 472 2001; x_wconf 59' lang='lat' dir='ltr'>...eom</span> <span class='ocrx_word' id='word_1_219' title='bbox 492 1900 658 2039; x_wconf 63' lang='lat' dir='ltr'>..tlh</span> <span class='ocrx_word' id='word_1_220' title='bbox 672 1899 1447 2058; x_wconf 66' lang='lat' dir='ltr'>htetethtletmtlttrtestr</span> 
     </span>
    </p>

    <p class='ocr_par' dir='ltr' id='par_1_8' title="bbox 228 2024 1447 3077">
     <span class='ocr_line' id='line_1_21' title="bbox 1050 2024 1057 2054; baseline 0 0"><span class='ocrx_word' id='word_1_221' title='bbox 1050 2024 1057 2054; x_wconf 79' lang='lat' dir='ltr'>l</span> 
     </span>
     <span class='ocr_line' id='line_1_22' title="bbox 231 2059 1446 2136; baseline 0.002 -18"><span class='ocrx_word' id='word_1_222' title='bbox 231 2061 313 2122; x_wconf 87' lang='lat' dir='ltr'>loeus</span> <span class='ocrx_word' id='word_1_223' title='bbox 327 2059 437 2119; x_wconf 88' lang='lat' dir='ltr'>meritis</span> <span class='ocrx_word' id='word_1_224' title='bbox 451 2060 566 2136; x_wconf 89' lang='lat' dir='ltr'>nostris,</span> <span class='ocrx_word' id='word_1_225' title='bbox 583 2059 651 2118; x_wconf 81' lang='lat' dir='ltr'>Act.</span> <span class='ocrx_word' id='word_1_226' title='bbox 665 2080 715 2117; x_wconf 82' lang='lat' dir='ltr'>xx.</span> <span class='ocrx_word' id='word_1_227' title='bbox 731 2061 778 2132; x_wconf 78' lang='lat'>28,</span> <span class='ocrx_word' id='word_1_228' title='bbox 796 2059 873 2118; x_wconf 86' lang='lat' dir='ltr'>Heb.</span> <span class='ocrx_word' id='word_1_229' title='bbox 888 2059 928 2118; x_wconf 88' lang='lat' dir='ltr'>ix.</span> <span class='ocrx_word' id='word_1_230' title='bbox 946 2062 991 2134; x_wconf 80' lang='lat'>12,</span> <span class='ocrx_word' id='word_1_231' title='bbox 1008 2059 1076 2118; x_wconf 84' lang='lat' dir='ltr'>Act</span> <span class='ocrx_word' id='word_1_232' title='bbox 1092 2060 1131 2118; x_wconf 83' lang='lat' dir='ltr'>iv.</span> <span class='ocrx_word' id='word_1_233' title='bbox 1150 2063 1195 2118; x_wconf 80' lang='lat'>12.</span> <span class='ocrx_word' id='word_1_234' title='bbox 1238 2060 1326 2118; x_wconf 78' lang='lat' dir='ltr'>Retio</span> <span class='ocrx_word' id='word_1_235' title='bbox 1341 2081 1446 2120; x_wconf 84' lang='lat' dir='ltr'>conse·</span> 
     </span>
     <span class='ocr_line' id='line_1_23' title="bbox 230 2138 1447 2218; baseline -0.002 -16"><span class='ocrx_word' id='word_1_236' title='bbox 230 2142 357 2218; x_wconf 72' lang='lat' dir='ltr'>quentiae</span> <span class='ocrx_word' id='word_1_237' title='bbox 368 2139 475 2216; x_wconf 86' lang='lat' dir='ltr'>petitur</span> <span class='ocrx_word' id='word_1_238' title='bbox 486 2160 524 2199; x_wconf 88' lang='lat' dir='ltr'>ex</span> <span class='ocrx_word' id='word_1_239' title='bbox 533 2140 630 2198; x_wconf 75' lang='lat' dir='ltr'>seriis.</span> <span class='ocrx_word' id='word_1_240' title='bbox 665 2143 691 2197; x_wconf 94' lang='lat'>1.</span> <span class='ocrx_word' id='word_1_241' title='bbox 714 2139 788 2213; x_wconf 84' lang='lat' dir='ltr'>Quia</span> <span class='ocrx_word' id='word_1_242' title='bbox 798 2141 925 2198; x_wconf 83' lang='lat' dir='ltr'>actiones</span> <span class='ocrx_word' id='word_1_243' title='bbox 936 2145 1063 2210; x_wconf 67' lang='grc' dir='ltr'>θωιδμκιὶ</span> <span class='ocrx_word' id='word_1_244' title='bbox 1075 2149 1103 2198; x_wconf 87' lang='lat' dir='ltr'>et</span> <span class='ocrx_word' id='word_1_245' title='bbox 1114 2138 1337 2216; x_wconf 87' lang='lat' dir='ltr'>Redemptoriae,</span> <span class='ocrx_word' id='word_1_246' title='bbox 1347 2141 1447 2216; x_wconf 81' lang='lat' dir='ltr'>qualis</span> 
     </span>
     <span class='ocr_line' id='line_1_24' title="bbox 229 2219 1443 2296; baseline -0.001 -16"><span class='ocrx_word' id='word_1_247' title='bbox 229 2231 274 2282; x_wconf 88' lang='lat' dir='ltr'>est</span> <span class='ocrx_word' id='word_1_248' title='bbox 288 2223 352 2294; x_wconf 83' lang='lat' dir='ltr'>iste,</span> <span class='ocrx_word' id='word_1_249' title='bbox 368 2219 409 2278; x_wconf 83' lang='lat' dir='ltr'>ite</span> <span class='ocrx_word' id='word_1_250' title='bbox 423 2229 490 2278; x_wconf 89' lang='lat' dir='ltr'>sunt</span> <span class='ocrx_word' id='word_1_251' title='bbox 505 2219 627 2296; x_wconf 81' lang='lat' dir='ltr'>proprios</span> <span class='ocrx_word' id='word_1_252' title='bbox 642 2219 765 2293; x_wconf 87' lang='lat' dir='ltr'>Christo,</span> <span class='ocrx_word' id='word_1_253' title='bbox 781 2228 813 2277; x_wconf 91' lang='lat' dir='ltr'>ut</span> <span class='ocrx_word' id='word_1_254' title='bbox 829 2220 895 2277; x_wconf 82' lang='lat' dir='ltr'>aliis</span> <span class='ocrx_word' id='word_1_255' title='bbox 909 2219 966 2278; x_wconf 90' lang='lat' dir='ltr'>siut</span> <span class='ocrx_word' id='word_1_256' title='bbox 980 2221 1065 2296; x_wconf 86' lang='lat' dir='ltr'>plane</span> <span class='ocrx_word' id='word_1_257' title='bbox 1080 2227 1229 2292; x_wconf 54' lang='lat' dir='ltr'>tereremus,</span> <span class='ocrx_word' id='word_1_258' title='bbox 1245 2219 1314 2295; x_wconf 79' lang='lat' dir='ltr'>quie</span> <span class='ocrx_word' id='word_1_259' title='bbox 1328 2219 1366 2278; x_wconf 87' lang='lat' dir='ltr'>ad</span> <span class='ocrx_word' id='word_1_260' title='bbox 1381 2221 1443 2279; x_wconf 86' lang='lat' dir='ltr'>offi-</span> 
     </span>
     <span class='ocr_line' id='line_1_25' title="bbox 232 2297 1443 2376; baseline 0 -18"><span class='ocrx_word' id='word_1_261' title='bbox 232 2301 309 2359; x_wconf 92' lang='lat' dir='ltr'>cium</span> <span class='ocrx_word' id='word_1_262' title='bbox 322 2299 468 2375; x_wconf 89' lang='lat' dir='ltr'>pertinent</span> <span class='ocrx_word' id='word_1_263' title='bbox 489 2298 532 2355; x_wconf 93' lang='lat' dir='ltr'>illi</span> <span class='ocrx_word' id='word_1_264' title='bbox 555 2300 609 2357; x_wconf 90' lang='lat' dir='ltr'>soli</span> <span class='ocrx_word' id='word_1_265' title='bbox 632 2298 845 2357; x_wconf 79' lang='lat' dir='ltr'>demandatum.</span> <span class='ocrx_word' id='word_1_266' title='bbox 888 2303 915 2358; x_wconf 83' lang='lat'>2.</span> <span class='ocrx_word' id='word_1_267' title='bbox 939 2299 1012 2372; x_wconf 85' lang='lat' dir='ltr'>Quia</span> <span class='ocrx_word' id='word_1_268' title='bbox 1036 2297 1114 2376; x_wconf 92' lang='lat' dir='ltr'>quod</span> <span class='ocrx_word' id='word_1_269' title='bbox 1128 2305 1173 2355; x_wconf 89' lang='lat' dir='ltr'>est</span> <span class='ocrx_word' id='word_1_270' title='bbox 1186 2317 1237 2374; x_wconf 89' lang='lat' dir='ltr'>per</span> <span class='ocrx_word' id='word_1_271' title='bbox 1252 2319 1282 2357; x_wconf 91' lang='lat' dir='ltr'>se</span> <span class='ocrx_word' id='word_1_272' title='bbox 1296 2308 1327 2358; x_wconf 89' lang='lat' dir='ltr'>et</span> <span class='ocrx_word' id='word_1_273' title='bbox 1341 2300 1443 2359; x_wconf 88' lang='lat' dir='ltr'>imme-</span> 
     </span>
     <span class='ocr_line' id='line_1_26' title="bbox 229 2375 1442 2455; baseline 0.002 -18"><span class='ocrx_word' id='word_1_274' title='bbox 229 2378 306 2437; x_wconf 80' lang='lat' dir='ltr'>diate</span> <span class='ocrx_word' id='word_1_275' title='bbox 330 2375 602 2435; x_wconf 88' lang='lat' dir='ltr'>sufficientissimum</span> <span class='ocrx_word' id='word_1_276' title='bbox 625 2377 662 2434; x_wconf 86' lang='lat' dir='ltr'>ad</span> <span class='ocrx_word' id='word_1_277' title='bbox 683 2377 758 2452; x_wconf 90' lang='lat' dir='ltr'>juris</span> <span class='ocrx_word' id='word_1_278' title='bbox 783 2379 905 2455; x_wconf 88' lang='lat' dir='ltr'>olicujus</span> <span class='ocrx_word' id='word_1_279' title='bbox 930 2379 1156 2455; x_wconf 76' lang='lat' dir='ltr'>acquisitionem,</span> <span class='ocrx_word' id='word_1_280' title='bbox 1172 2397 1230 2436; x_wconf 89' lang='lat' dir='ltr'>uon</span> <span class='ocrx_word' id='word_1_281' title='bbox 1254 2398 1328 2455; x_wconf 90' lang='lat' dir='ltr'>opus</span> <span class='ocrx_word' id='word_1_282' title='bbox 1352 2379 1442 2439; x_wconf 77' lang='lat' dir='ltr'>hebet</span> 
     </span>
     <span class='ocr_line' id='line_1_27' title="bbox 228 2454 1441 2534; baseline 0 -17"><span class='ocrx_word' id='word_1_283' title='bbox 228 2456 414 2534; x_wconf 80' lang='lat' dir='ltr'>adjunctione</span> <span class='ocrx_word' id='word_1_284' title='bbox 438 2455 556 2514; x_wconf 74' lang='lat' dir='ltr'>alterius</span> <span class='ocrx_word' id='word_1_285' title='bbox 578 2455 619 2512; x_wconf 89' lang='lat' dir='ltr'>rei</span> <span class='ocrx_word' id='word_1_286' title='bbox 644 2454 682 2512; x_wconf 81' lang='lat' dir='ltr'>ad</span> <span class='ocrx_word' id='word_1_287' title='bbox 705 2455 777 2514; x_wconf 92' lang='lat' dir='ltr'>illud</span> <span class='ocrx_word' id='word_1_288' title='bbox 802 2458 1016 2533; x_wconf 80' lang='lat' dir='ltr'>acquirendum.</span> <span class='ocrx_word' id='word_1_289' title='bbox 1064 2459 1107 2516; x_wconf 85' lang='lat' dir='ltr'>At</span> <span class='ocrx_word' id='word_1_290' title='bbox 1130 2456 1189 2514; x_wconf 79' lang='lat' dir='ltr'>tsle</span> <span class='ocrx_word' id='word_1_291' title='bbox 1216 2477 1281 2516; x_wconf 85' lang='lat' dir='ltr'>esso</span> <span class='ocrx_word' id='word_1_292' title='bbox 1304 2461 1441 2518; x_wconf 85' lang='lat' dir='ltr'>meritum</span> 
     </span>
     <span class='ocr_line' id='line_1_28' title="bbox 229 2535 1440 2614; baseline 0 -17"><span class='ocrx_word' id='word_1_293' title='bbox 229 2536 336 2598; x_wconf 84' lang='lat' dir='ltr'>Christi</span> <span class='ocrx_word' id='word_1_294' title='bbox 350 2555 434 2594; x_wconf 90' lang='lat' dir='ltr'>nemo</span> <span class='ocrx_word' id='word_1_295' title='bbox 448 2555 554 2610; x_wconf 82' lang='lat' dir='ltr'>negare</span> <span class='ocrx_word' id='word_1_296' title='bbox 569 2543 672 2612; x_wconf 89' lang='lat' dir='ltr'>potest.</span> <span class='ocrx_word' id='word_1_297' title='bbox 714 2537 742 2592; x_wconf 89' lang='lat'>3.</span> <span class='ocrx_word' id='word_1_298' title='bbox 766 2535 831 2594; x_wconf 87' lang='lat' dir='ltr'>lIoe</span> <span class='ocrx_word' id='word_1_299' title='bbox 854 2548 953 2612; x_wconf 81' lang='lat' dir='ltr'>aperte</span> <span class='ocrx_word' id='word_1_300' title='bbox 976 2537 1097 2614; x_wconf 78' lang='lat' dir='ltr'>deroget</span> <span class='ocrx_word' id='word_1_301' title='bbox 1113 2537 1224 2596; x_wconf 88' lang='lat' dir='ltr'>meritis</span> <span class='ocrx_word' id='word_1_302' title='bbox 1239 2539 1356 2612; x_wconf 79' lang='lat' dir='ltr'>Christi,</span> <span class='ocrx_word' id='word_1_303' title='bbox 1374 2559 1440 2597; x_wconf 78' lang='lat' dir='ltr'>nem</span> 
     </span>
     <span class='ocr_line' id='line_1_29' title="bbox 233 2613 1445 2693; baseline 0 -15"><span class='ocrx_word' id='word_1_304' title='bbox 233 2639 298 2678; x_wconf 91' lang='lat' dir='ltr'>cum</span> <span class='ocrx_word' id='word_1_305' title='bbox 313 2615 416 2676; x_wconf 88' lang='lat' dir='ltr'>mereri</span> <span class='ocrx_word' id='word_1_306' title='bbox 430 2615 468 2674; x_wconf 88' lang='lat' dir='ltr'>sit</span> <span class='ocrx_word' id='word_1_307' title='bbox 483 2615 533 2690; x_wconf 91' lang='lat' dir='ltr'>jus</span> <span class='ocrx_word' id='word_1_308' title='bbox 547 2613 665 2692; x_wconf 71' lang='lat' dir='ltr'>aliquod</span> <span class='ocrx_word' id='word_1_309' title='bbox 684 2633 858 2690; x_wconf 84' lang='lat' dir='ltr'>comparere,</span> <span class='ocrx_word' id='word_1_310' title='bbox 873 2617 952 2693; x_wconf 91' lang='lat' dir='ltr'>quod</span> <span class='ocrx_word' id='word_1_311' title='bbox 966 2626 1052 2676; x_wconf 83' lang='lat' dir='ltr'>antee</span> <span class='ocrx_word' id='word_1_312' title='bbox 1073 2637 1130 2676; x_wconf 91' lang='lat' dir='ltr'>non</span> <span class='ocrx_word' id='word_1_313' title='bbox 1153 2617 1332 2692; x_wconf 79' lang='lat' dir='ltr'>hebebatur3</span> <span class='ocrx_word' id='word_1_314' title='bbox 1355 2619 1380 2677; x_wconf 91' lang='lat' dir='ltr'>si</span> <span class='ocrx_word' id='word_1_315' title='bbox 1394 2621 1445 2678; x_wconf 92' lang='lat' dir='ltr'>bo-</span> 
     </span>
     <span class='ocr_line' id='line_1_30' title="bbox 228 2693 1440 2776; baseline 0.002 -20"><span class='ocrx_word' id='word_1_316' title='bbox 228 2699 321 2756; x_wconf 91' lang='lat' dir='ltr'>miues</span> <span class='ocrx_word' id='word_1_317' title='bbox 335 2697 469 2775; x_wconf 88' lang='lat' dir='ltr'>operibus</span> <span class='ocrx_word' id='word_1_318' title='bbox 483 2695 543 2754; x_wconf 88' lang='lat' dir='ltr'>suis</span> <span class='ocrx_word' id='word_1_319' title='bbox 558 2693 664 2754; x_wconf 89' lang='lat' dir='ltr'>debent</span> <span class='ocrx_word' id='word_1_320' title='bbox 677 2695 778 2752; x_wconf 89' lang='lat' dir='ltr'>mereri</span> <span class='ocrx_word' id='word_1_321' title='bbox 793 2695 891 2770; x_wconf 69' lang='lat' dir='ltr'>vitem,</span> <span class='ocrx_word' id='word_1_322' title='bbox 908 2697 1037 2774; x_wconf 89' lang='lat' dir='ltr'>sequitur</span> <span class='ocrx_word' id='word_1_323' title='bbox 1051 2697 1116 2754; x_wconf 85' lang='lat' dir='ltr'>illos</span> <span class='ocrx_word' id='word_1_324' title='bbox 1130 2705 1196 2756; x_wconf 84' lang='lat' dir='ltr'>ente</span> <span class='ocrx_word' id='word_1_325' title='bbox 1211 2717 1264 2755; x_wconf 81' lang='lat' dir='ltr'>sua</span> <span class='ocrx_word' id='word_1_326' title='bbox 1276 2699 1381 2757; x_wconf 80' lang='lat' dir='ltr'>merite</span> <span class='ocrx_word' id='word_1_327' title='bbox 1391 2700 1440 2776; x_wconf 88' lang='lat' dir='ltr'>jus</span> 
     </span>
     <span class='ocr_line' id='line_1_31' title="bbox 230 2775 1441 2855; baseline 0 -18"><span class='ocrx_word' id='word_1_328' title='bbox 230 2779 268 2838; x_wconf 84' lang='lat' dir='ltr'>ad</span> <span class='ocrx_word' id='word_1_329' title='bbox 283 2779 361 2836; x_wconf 85' lang='lat' dir='ltr'>illem</span> <span class='ocrx_word' id='word_1_330' title='bbox 375 2797 434 2836; x_wconf 91' lang='lat' dir='ltr'>uon</span> <span class='ocrx_word' id='word_1_331' title='bbox 448 2775 592 2850; x_wconf 79' lang='lat' dir='ltr'>habuisse,</span> <span class='ocrx_word' id='word_1_332' title='bbox 607 2785 636 2834; x_wconf 88' lang='lat' dir='ltr'>et</span> <span class='ocrx_word' id='word_1_333' title='bbox 657 2775 699 2833; x_wconf 88' lang='lat' dir='ltr'>sio</span> <span class='ocrx_word' id='word_1_334' title='bbox 720 2775 864 2834; x_wconf 82' lang='lat' dir='ltr'>Christum</span> <span class='ocrx_word' id='word_1_335' title='bbox 887 2797 945 2834; x_wconf 90' lang='lat' dir='ltr'>uon</span> <span class='ocrx_word' id='word_1_336' title='bbox 966 2775 1090 2852; x_wconf 80' lang='lat' dir='ltr'>perfec-te</span> <span class='ocrx_word' id='word_1_337' title='bbox 1105 2775 1184 2833; x_wconf 85' lang='lat' dir='ltr'>illem</span> <span class='ocrx_word' id='word_1_338' title='bbox 1198 2777 1347 2851; x_wconf 87' lang='lat' dir='ltr'>meruisse,</span> <span class='ocrx_word' id='word_1_339' title='bbox 1363 2778 1441 2855; x_wconf 91' lang='lat' dir='ltr'>quod</span> 
     </span>
     <span class='ocr_line' id='line_1_32' title="bbox 232 2854 1439 2934; baseline -0.002 -16"><span class='ocrx_word' id='word_1_340' title='bbox 232 2860 293 2918; x_wconf 90' lang='lat' dir='ltr'>sine</span> <span class='ocrx_word' id='word_1_341' title='bbox 308 2856 487 2934; x_wconf 80' lang='lat' dir='ltr'>blasphemis</span> <span class='ocrx_word' id='word_1_342' title='bbox 501 2855 558 2913; x_wconf 91' lang='lat' dir='ltr'>dici</span> <span class='ocrx_word' id='word_1_343' title='bbox 577 2854 685 2932; x_wconf 86' lang='lat' dir='ltr'>nequit.</span> <span class='ocrx_word' id='word_1_344' title='bbox 729 2855 848 2914; x_wconf 79' lang='lat' dir='ltr'>Fatetur</span> <span class='ocrx_word' id='word_1_345' title='bbox 869 2856 946 2914; x_wconf 88' lang='lat' dir='ltr'>bone</span> <span class='ocrx_word' id='word_1_346' title='bbox 969 2856 1096 2914; x_wconf 81' lang='lat' dir='ltr'>coelestia</span> <span class='ocrx_word' id='word_1_347' title='bbox 1119 2855 1201 2914; x_wconf 81' lang='lat' dir='ltr'>adse</span> <span class='ocrx_word' id='word_1_348' title='bbox 1216 2875 1274 2914; x_wconf 91' lang='lat' dir='ltr'>non</span> <span class='ocrx_word' id='word_1_349' title='bbox 1289 2858 1439 2934; x_wconf 85' lang='lat' dir='ltr'>pertinere,</span> 
     </span>
     <span class='ocr_line' id='line_1_33' title="bbox 231 2935 1439 3016; baseline -0.001 -19"><span class='ocrx_word' id='word_1_350' title='bbox 231 2937 282 3016; x_wconf 91' lang='lat' dir='ltr'>qui</span> <span class='ocrx_word' id='word_1_351' title='bbox 296 2957 330 2997; x_wconf 81' lang='lat' dir='ltr'>en</span> <span class='ocrx_word' id='word_1_352' title='bbox 345 2936 405 2996; x_wconf 87' lang='lat' dir='ltr'>suis</span> <span class='ocrx_word' id='word_1_353' title='bbox 419 2935 528 2994; x_wconf 86' lang='lat' dir='ltr'>moritis</span> <span class='ocrx_word' id='word_1_354' title='bbox 541 2935 606 2993; x_wconf 84' lang='lat' dir='ltr'>vult</span> <span class='ocrx_word' id='word_1_355' title='bbox 628 2935 784 3012; x_wconf 72' lang='lat' dir='ltr'>consequi,</span> <span class='ocrx_word' id='word_1_356' title='bbox 808 2935 910 3011; x_wconf 80' lang='lat' dir='ltr'>lljuret</span> <span class='ocrx_word' id='word_1_357' title='bbox 931 2935 1045 2994; x_wconf 90' lang='lat' dir='ltr'>titulum</span> <span class='ocrx_word' id='word_1_358' title='bbox 1069 2935 1200 3010; x_wconf 83' lang='lat' dir='ltr'>baeredis,</span> <span class='ocrx_word' id='word_1_359' title='bbox 1216 2936 1266 3012; x_wconf 93' lang='lat' dir='ltr'>qui</span> <span class='ocrx_word' id='word_1_360' title='bbox 1290 2935 1354 2995; x_wconf 86' lang='lat' dir='ltr'>vult</span> <span class='ocrx_word' id='word_1_361' title='bbox 1376 2957 1439 2996; x_wconf 87' lang='lat' dir='ltr'>esse</span> 
     </span>
     <span class='ocr_line' id='line_1_34' title="bbox 232 3025 353 3077; baseline 0 -1"><span class='ocrx_word' id='word_1_362' title='bbox 232 3025 353 3077; x_wconf 89' lang='lat' dir='ltr'>emtor.</span> 
     </span>
    </p>

    <p class='ocr_par' dir='ltr' id='par_1_9' title="bbox 228 3039 1442 4684">
     <span class='ocr_line' id='line_1_35' title="bbox 274 3039 1441 3174; baseline -0.002 -18"><span class='ocrx_word' id='word_1_363' title='bbox 274 3039 368 3156; x_wconf 67' lang='lat' dir='ltr'>illx.</span> <span class='ocrx_word' id='word_1_364' title='bbox 393 3097 460 3156; x_wconf 82' lang='lat' dir='ltr'>Scio</span> <span class='ocrx_word' id='word_1_365' title='bbox 482 3095 529 3154; x_wconf 91' lang='lat' dir='ltr'>hic</span> <span class='ocrx_word' id='word_1_366' title='bbox 553 3097 666 3174; x_wconf 88' lang='lat' dir='ltr'>excipi:</span> <span class='ocrx_word' id='word_1_367' title='bbox 689 3100 714 3154; x_wconf 93' lang='lat'>1.</span> <span class='ocrx_word' id='word_1_368' title='bbox 741 3096 846 3155; x_wconf 83' lang='lat' dir='ltr'>Merite</span> <span class='ocrx_word' id='word_1_369' title='bbox 867 3105 966 3156; x_wconf 82' lang='lat' dir='ltr'>nostra</span> <span class='ocrx_word' id='word_1_370' title='bbox 988 3116 1047 3155; x_wconf 89' lang='lat' dir='ltr'>uon</span> <span class='ocrx_word' id='word_1_371' title='bbox 1069 3097 1240 3174; x_wconf 80' lang='lat' dir='ltr'>opponendo</span> <span class='ocrx_word' id='word_1_372' title='bbox 1254 3115 1317 3155; x_wconf 90' lang='lat' dir='ltr'>osse</span> <span class='ocrx_word' id='word_1_373' title='bbox 1332 3093 1441 3155; x_wconf 87' lang='lat' dir='ltr'>meritis</span> 
     </span>
     <span class='ocr_line' id='line_1_36' title="bbox 234 3175 1440 3254; baseline -0.002 -18"><span class='ocrx_word' id='word_1_374' title='bbox 234 3179 349 3252; x_wconf 80' lang='lat' dir='ltr'>Christi,</span> <span class='ocrx_word' id='word_1_375' title='bbox 366 3198 430 3236; x_wconf 90' lang='lat' dir='ltr'>curn</span> <span class='ocrx_word' id='word_1_376' title='bbox 446 3197 481 3235; x_wconf 87' lang='lat' dir='ltr'>ex</span> <span class='ocrx_word' id='word_1_377' title='bbox 506 3176 565 3234; x_wconf 89' lang='lat' dir='ltr'>illis</span> <span class='ocrx_word' id='word_1_378' title='bbox 585 3185 748 3249; x_wconf 84' lang='lat' dir='ltr'>nascantur,</span> <span class='ocrx_word' id='word_1_379' title='bbox 764 3185 793 3235; x_wconf 89' lang='lat' dir='ltr'>et</span> <span class='ocrx_word' id='word_1_380' title='bbox 807 3176 949 3254; x_wconf 92' lang='lat' dir='ltr'>quidquid</span> <span class='ocrx_word' id='word_1_381' title='bbox 972 3177 1067 3236; x_wconf 84' lang='lat' dir='ltr'>leudis</span> <span class='ocrx_word' id='word_1_382' title='bbox 1091 3177 1207 3252; x_wconf 86' lang='lat' dir='ltr'>hebent,</span> <span class='ocrx_word' id='word_1_383' title='bbox 1231 3175 1262 3234; x_wconf 92' lang='lat' dir='ltr'>id</span> <span class='ocrx_word' id='word_1_384' title='bbox 1290 3185 1383 3236; x_wconf 88' lang='lat' dir='ltr'>totum</span> <span class='ocrx_word' id='word_1_385' title='bbox 1398 3195 1440 3234; x_wconf 88' lang='lat' dir='ltr'>re-</span> 
     </span>
     <span class='ocr_line' id='line_1_37' title="bbox 232 3255 1442 3333; baseline -0.003 -16"><span class='ocrx_word' id='word_1_386' title='bbox 232 3258 362 3317; x_wconf 85' lang='lat' dir='ltr'>dundare</span> <span class='ocrx_word' id='word_1_387' title='bbox 376 3258 405 3314; x_wconf 92' lang='lat' dir='ltr'>in</span> <span class='ocrx_word' id='word_1_388' title='bbox 426 3256 540 3315; x_wconf 84' lang='lat' dir='ltr'>leudem</span> <span class='ocrx_word' id='word_1_389' title='bbox 556 3257 721 3314; x_wconf 87' lang='lat' dir='ltr'>meritorum</span> <span class='ocrx_word' id='word_1_390' title='bbox 744 3256 869 3330; x_wconf 90' lang='lat' dir='ltr'>Christi;</span> <span class='ocrx_word' id='word_1_391' title='bbox 893 3258 954 3316; x_wconf 85' lang='lat' dir='ltr'>Nec</span> <span class='ocrx_word' id='word_1_392' title='bbox 975 3257 1082 3333; x_wconf 87' lang='lat' dir='ltr'>requiri</span> <span class='ocrx_word' id='word_1_393' title='bbox 1095 3255 1199 3314; x_wconf 87' lang='lat' dir='ltr'>merite</span> <span class='ocrx_word' id='word_1_394' title='bbox 1212 3265 1312 3314; x_wconf 85' lang='lat' dir='ltr'>nostre</span> <span class='ocrx_word' id='word_1_395' title='bbox 1324 3267 1442 3333; x_wconf 83' lang='lat' dir='ltr'>propter</span> 
     </span>
     <span class='ocr_line' id='line_1_38' title="bbox 232 3335 1440 3413; baseline 0 -19"><span class='ocrx_word' id='word_1_396' title='bbox 232 3337 462 3395; x_wconf 82' lang='lat' dir='ltr'>insufficientiam</span> <span class='ocrx_word' id='word_1_397' title='bbox 490 3336 616 3413; x_wconf 80' lang='lat' dir='ltr'>aliquam</span> <span class='ocrx_word' id='word_1_398' title='bbox 644 3336 811 3394; x_wconf 90' lang='lat' dir='ltr'>meritorum</span> <span class='ocrx_word' id='word_1_399' title='bbox 840 3337 955 3411; x_wconf 80' lang='lat' dir='ltr'>Christi,</span> <span class='ocrx_word' id='word_1_400' title='bbox 985 3335 1036 3394; x_wconf 89' lang='lat' dir='ltr'>sed</span> <span class='ocrx_word' id='word_1_401' title='bbox 1063 3343 1181 3413; x_wconf 88' lang='lat' dir='ltr'>propter</span> <span class='ocrx_word' id='word_1_402' title='bbox 1214 3336 1371 3394; x_wconf 77' lang='lat' dir='ltr'>maximam</span> <span class='ocrx_word' id='word_1_403' title='bbox 1392 3355 1440 3394; x_wconf 90' lang='lat' dir='ltr'>eo·</span> 
     </span>
     <span class='ocr_line' id='line_1_39' title="bbox 233 3415 1442 3493; baseline 0.001 -20"><span class='ocrx_word' id='word_1_404' title='bbox 233 3435 297 3473; x_wconf 91' lang='lat' dir='ltr'>rum</span> <span class='ocrx_word' id='word_1_405' title='bbox 325 3416 489 3488; x_wconf 83' lang='lat' dir='ltr'>efficaciam,</span> <span class='ocrx_word' id='word_1_406' title='bbox 519 3415 624 3491; x_wconf 87' lang='lat' dir='ltr'>quippe</span> <span class='ocrx_word' id='word_1_407' title='bbox 647 3415 698 3491; x_wconf 90' lang='lat' dir='ltr'>qui</span> <span class='ocrx_word' id='word_1_408' title='bbox 726 3436 743 3473; x_wconf 85' lang='lat' dir='ltr'>e</span> <span class='ocrx_word' id='word_1_409' title='bbox 769 3415 831 3473; x_wconf 87' lang='lat' dir='ltr'>Deo</span> <span class='ocrx_word' id='word_1_410' title='bbox 859 3415 932 3474; x_wconf 93' lang='lat' dir='ltr'>illud</span> <span class='ocrx_word' id='word_1_411' title='bbox 960 3416 1124 3489; x_wconf 85' lang='lat' dir='ltr'>obtinuerit,</span> <span class='ocrx_word' id='word_1_412' title='bbox 1150 3424 1182 3474; x_wconf 93' lang='lat' dir='ltr'>ut</span> <span class='ocrx_word' id='word_1_413' title='bbox 1209 3435 1361 3493; x_wconf 88' lang='lat' dir='ltr'>possemus</span> <span class='ocrx_word' id='word_1_414' title='bbox 1387 3435 1442 3474; x_wconf 88' lang='lat' dir='ltr'>nos</span> 
     </span>
     <span class='ocr_line' id='line_1_40' title="bbox 232 3493 1440 3572; baseline 0 -20"><span class='ocrx_word' id='word_1_415' title='bbox 232 3494 288 3572; x_wconf 89' lang='lat' dir='ltr'>ipsi</span> <span class='ocrx_word' id='word_1_416' title='bbox 311 3493 433 3570; x_wconf 88' lang='lat' dir='ltr'>propriis</span> <span class='ocrx_word' id='word_1_417' title='bbox 456 3494 565 3551; x_wconf 89' lang='lat' dir='ltr'>meritis</span> <span class='ocrx_word' id='word_1_418' title='bbox 588 3495 677 3552; x_wconf 85' lang='lat' dir='ltr'>vitem</span> <span class='ocrx_word' id='word_1_419' title='bbox 693 3495 838 3572; x_wconf 86' lang='lat' dir='ltr'>consequi,</span> <span class='ocrx_word' id='word_1_420' title='bbox 864 3505 896 3554; x_wconf 93' lang='lat' dir='ltr'>ut</span> <span class='ocrx_word' id='word_1_421' title='bbox 910 3495 988 3572; x_wconf 91' lang='lat' dir='ltr'>quod</span> <span class='ocrx_word' id='word_1_422' title='bbox 1004 3495 1083 3554; x_wconf 89' lang='lat' dir='ltr'>Deus</span> <span class='ocrx_word' id='word_1_423' title='bbox 1108 3495 1175 3554; x_wconf 81' lang='lat' dir='ltr'>Sole</span> <span class='ocrx_word' id='word_1_424' title='bbox 1202 3495 1293 3554; x_wconf 89' lang='lat' dir='ltr'>utitur</span> <span class='ocrx_word' id='word_1_425' title='bbox 1307 3493 1345 3553; x_wconf 80' lang='lat' dir='ltr'>ad</span> <span class='ocrx_word' id='word_1_426' title='bbox 1358 3515 1440 3553; x_wconf 92' lang='lat' dir='ltr'>mun·</span> 
     </span>
     <span class='ocr_line' id='line_1_41' title="bbox 234 3571 1440 3650; baseline -0.001 -18"><span class='ocrx_word' id='word_1_427' title='bbox 234 3575 302 3632; x_wconf 90' lang='lat' dir='ltr'>dum</span> <span class='ocrx_word' id='word_1_428' title='bbox 317 3571 528 3644; x_wconf 81' lang='lat' dir='ltr'>illustrandum,</span> <span class='ocrx_word' id='word_1_429' title='bbox 544 3591 602 3629; x_wconf 89' lang='lat' dir='ltr'>non</span> <span class='ocrx_word' id='word_1_430' title='bbox 617 3582 661 3631; x_wconf 88' lang='lat' dir='ltr'>est</span> <span class='ocrx_word' id='word_1_431' title='bbox 675 3573 772 3650; x_wconf 76' lang='lat' dir='ltr'>eliqua</span> <span class='ocrx_word' id='word_1_432' title='bbox 786 3575 968 3634; x_wconf 77' lang='lat' dir='ltr'>imbecillitas</span> <span class='ocrx_word' id='word_1_433' title='bbox 980 3575 1009 3634; x_wconf 91' lang='lat' dir='ltr'>in</span> <span class='ocrx_word' id='word_1_434' title='bbox 1021 3576 1092 3650; x_wconf 90' lang='lat' dir='ltr'>Deo,</span> <span class='ocrx_word' id='word_1_435' title='bbox 1115 3574 1167 3635; x_wconf 89' lang='lat' dir='ltr'>sed</span> <span class='ocrx_word' id='word_1_436' title='bbox 1178 3575 1242 3650; x_wconf 88' lang='lat' dir='ltr'>ejus</span> <span class='ocrx_word' id='word_1_437' title='bbox 1261 3575 1440 3650; x_wconf 85' lang='lat' dir='ltr'>omnipoten-</span> 
     </span>
     <span class='ocr_line' id='line_1_42' title="bbox 231 3648 1437 3730; baseline 0 -18"><span class='ocrx_word' id='word_1_438' title='bbox 231 3655 280 3728; x_wconf 82' lang='lat' dir='ltr'>tio,</span> <span class='ocrx_word' id='word_1_439' title='bbox 296 3652 345 3730; x_wconf 92' lang='lat' dir='ltr'>qui</span> <span class='ocrx_word' id='word_1_440' title='bbox 361 3671 417 3710; x_wconf 89' lang='lat' dir='ltr'>non</span> <span class='ocrx_word' id='word_1_441' title='bbox 433 3648 526 3707; x_wconf 84' lang='lat' dir='ltr'>solum</span> <span class='ocrx_word' id='word_1_442' title='bbox 541 3652 634 3726; x_wconf 87' lang='lat' dir='ltr'>potuit</span> <span class='ocrx_word' id='word_1_443' title='bbox 648 3651 721 3709; x_wconf 94' lang='lat' dir='ltr'>illud</span> <span class='ocrx_word' id='word_1_444' title='bbox 733 3653 825 3712; x_wconf 83' lang='lat' dir='ltr'>fucere</span> <span class='ocrx_word' id='word_1_445' title='bbox 836 3674 887 3729; x_wconf 84' lang='lat' dir='ltr'>per</span> <span class='ocrx_word' id='word_1_446' title='bbox 898 3675 936 3728; x_wconf 91' lang='lat' dir='ltr'>se,</span> <span class='ocrx_word' id='word_1_447' title='bbox 949 3654 1000 3714; x_wconf 90' lang='lat' dir='ltr'>sed</span> <span class='ocrx_word' id='word_1_448' title='bbox 1014 3656 1101 3713; x_wconf 83' lang='lat' dir='ltr'>etiem</span> <span class='ocrx_word' id='word_1_449' title='bbox 1116 3654 1157 3712; x_wconf 90' lang='lat' dir='ltr'>rei</span> <span class='ocrx_word' id='word_1_450' title='bbox 1172 3663 1275 3712; x_wconf 82' lang='lat' dir='ltr'>creetae</span> <span class='ocrx_word' id='word_1_451' title='bbox 1289 3655 1347 3712; x_wconf 86' lang='lat' dir='ltr'>vim</span> <span class='ocrx_word' id='word_1_452' title='bbox 1364 3654 1437 3712; x_wconf 91' lang='lat' dir='ltr'>illud</span> 
     </span>
     <span class='ocr_line' id='line_1_43' title="bbox 234 3729 1439 3809; baseline -0.001 -17"><span class='ocrx_word' id='word_1_453' title='bbox 234 3733 357 3794; x_wconf 82' lang='lat' dir='ltr'>faciendi</span> <span class='ocrx_word' id='word_1_454' title='bbox 372 3731 506 3790; x_wconf 88' lang='lat' dir='ltr'>tribuero.</span> <span class='ocrx_word' id='word_1_455' title='bbox 550 3729 637 3806; x_wconf 91' lang='lat' dir='ltr'>Resp.</span> <span class='ocrx_word' id='word_1_456' title='bbox 655 3729 712 3787; x_wconf 87' lang='lat' dir='ltr'>Sed</span> <span class='ocrx_word' id='word_1_457' title='bbox 726 3733 816 3806; x_wconf 84' lang='lat' dir='ltr'>gratis</span> <span class='ocrx_word' id='word_1_458' title='bbox 839 3733 1059 3809; x_wconf 84' lang='lat' dir='ltr'>istafinguntur,</span> <span class='ocrx_word' id='word_1_459' title='bbox 1074 3753 1140 3792; x_wconf 79' lang='lat' dir='ltr'>nem</span> <span class='ocrx_word' id='word_1_460' title='bbox 1152 3734 1254 3793; x_wconf 81' lang='lat' dir='ltr'>merite</span> <span class='ocrx_word' id='word_1_461' title='bbox 1268 3745 1367 3792; x_wconf 79' lang='lat' dir='ltr'>nostre</span> <span class='ocrx_word' id='word_1_462' title='bbox 1380 3753 1439 3792; x_wconf 91' lang='lat' dir='ltr'>non</span> 
     </span>
     <span class='ocr_line' id='line_1_44' title="bbox 233 3809 1439 3892; baseline -0.002 -19"><span class='ocrx_word' id='word_1_463' title='bbox 233 3822 354 3892; x_wconf 87' lang='lat' dir='ltr'>possunt</span> <span class='ocrx_word' id='word_1_464' title='bbox 369 3811 501 3888; x_wconf 85' lang='lat' dir='ltr'>componi</span> <span class='ocrx_word' id='word_1_465' title='bbox 513 3829 576 3869; x_wconf 91' lang='lat' dir='ltr'>cum</span> <span class='ocrx_word' id='word_1_466' title='bbox 603 3809 712 3868; x_wconf 91' lang='lat' dir='ltr'>meritis</span> <span class='ocrx_word' id='word_1_467' title='bbox 731 3811 846 3886; x_wconf 85' lang='lat' dir='ltr'>Christi,</span> <span class='ocrx_word' id='word_1_468' title='bbox 863 3832 915 3869; x_wconf 90' lang='lat' dir='ltr'>nec</span> <span class='ocrx_word' id='word_1_469' title='bbox 939 3821 972 3870; x_wconf 94' lang='lat' dir='ltr'>ut</span> <span class='ocrx_word' id='word_1_470' title='bbox 986 3833 1080 3871; x_wconf 83' lang='lat' dir='ltr'>eeusae</span> <span class='ocrx_word' id='word_1_471' title='bbox 1096 3813 1189 3887; x_wconf 79' lang='lat' dir='ltr'>sociae,</span> <span class='ocrx_word' id='word_1_472' title='bbox 1206 3813 1356 3890; x_wconf 87' lang='lat' dir='ltr'>inquibus</span> <span class='ocrx_word' id='word_1_473' title='bbox 1379 3834 1439 3871; x_wconf 88' lang='lat' dir='ltr'>non</span> 
     </span>
     <span class='ocr_line' id='line_1_45' title="bbox 233 3889 1440 3972; baseline 0 -20"><span class='ocrx_word' id='word_1_474' title='bbox 233 3904 278 3954; x_wconf 91' lang='lat' dir='ltr'>est</span> <span class='ocrx_word' id='word_1_475' title='bbox 291 3892 484 3972; x_wconf 82' lang='lat' dir='ltr'>dependentia</span> <span class='ocrx_word' id='word_1_476' title='bbox 498 3890 583 3950; x_wconf 90' lang='lat' dir='ltr'>unius</span> <span class='ocrx_word' id='word_1_477' title='bbox 597 3889 634 3948; x_wconf 83' lang='lat' dir='ltr'>ab</span> <span class='ocrx_word' id='word_1_478' title='bbox 653 3889 761 3965; x_wconf 76' lang='lat' dir='ltr'>alters5</span> <span class='ocrx_word' id='word_1_479' title='bbox 784 3899 815 3949; x_wconf 89' lang='lat' dir='ltr'>ut</span> <span class='ocrx_word' id='word_1_480' title='bbox 830 3892 1003 3968; x_wconf 90' lang='lat' dir='ltr'>pertendunt</span> <span class='ocrx_word' id='word_1_481' title='bbox 1017 3913 1081 3952; x_wconf 90' lang='lat' dir='ltr'>esse</span> <span class='ocrx_word' id='word_1_482' title='bbox 1095 3893 1170 3952; x_wconf 88' lang='lat' dir='ltr'>inter</span> <span class='ocrx_word' id='word_1_483' title='bbox 1184 3893 1318 3952; x_wconf 89' lang='lat' dir='ltr'>meritum</span> <span class='ocrx_word' id='word_1_484' title='bbox 1333 3892 1440 3952; x_wconf 81' lang='lat' dir='ltr'>Christi</span> 
     </span>
     <span class='ocr_line' id='line_1_46' title="bbox 234 3969 1440 4049; baseline 0 -17"><span class='ocrx_word' id='word_1_485' title='bbox 234 3984 264 4032; x_wconf 91' lang='lat' dir='ltr'>et</span> <span class='ocrx_word' id='word_1_486' title='bbox 277 3983 383 4044; x_wconf 82' lang='lat' dir='ltr'>nostro,</span> <span class='ocrx_word' id='word_1_487' title='bbox 409 3982 438 4032; x_wconf 90' lang='lat' dir='ltr'>ct</span> <span class='ocrx_word' id='word_1_488' title='bbox 465 3992 530 4049; x_wconf 75' lang='lat' dir='ltr'>quse</span> <span class='ocrx_word' id='word_1_489' title='bbox 545 3969 677 4030; x_wconf 83' lang='lat' dir='ltr'>effectum</span> <span class='ocrx_word' id='word_1_490' title='bbox 699 3971 857 4047; x_wconf 84' lang='lat' dir='ltr'>pertieliter</span> <span class='ocrx_word' id='word_1_491' title='bbox 871 3991 928 4030; x_wconf 91' lang='lat' dir='ltr'>non</span> <span class='ocrx_word' id='word_1_492' title='bbox 954 3971 1081 4032; x_wconf 81' lang='lat' dir='ltr'>totaliter</span> <span class='ocrx_word' id='word_1_493' title='bbox 1108 3971 1280 4049; x_wconf 88' lang='lat' dir='ltr'>producunt,</span> <span class='ocrx_word' id='word_1_494' title='bbox 1302 3973 1380 4049; x_wconf 89' lang='lat' dir='ltr'>quod</span> <span class='ocrx_word' id='word_1_495' title='bbox 1402 3973 1440 4032; x_wconf 85' lang='lat' dir='ltr'>de</span> 
     </span>
     <span class='ocr_line' id='line_1_47' title="bbox 235 4050 1441 4128; baseline 0 -16"><span class='ocrx_word' id='word_1_496' title='bbox 235 4053 349 4112; x_wconf 88' lang='lat' dir='ltr'>Christo</span> <span class='ocrx_word' id='word_1_497' title='bbox 363 4053 420 4110; x_wconf 92' lang='lat' dir='ltr'>dici</span> <span class='ocrx_word' id='word_1_498' title='bbox 435 4052 543 4128; x_wconf 89' lang='lat' dir='ltr'>nequit,</span> <span class='ocrx_word' id='word_1_499' title='bbox 556 4050 605 4126; x_wconf 91' lang='lat' dir='ltr'>qui</span> <span class='ocrx_word' id='word_1_500' title='bbox 620 4059 664 4108; x_wconf 87' lang='lat' dir='ltr'>cst</span> <span class='ocrx_word' id='word_1_501' title='bbox 678 4070 734 4108; x_wconf 92' lang='lat' dir='ltr'>uon</span> <span class='ocrx_word' id='word_1_502' title='bbox 746 4051 832 4110; x_wconf 92' lang='lat' dir='ltr'>modo</span> <span class='ocrx_word' id='word_1_503' title='bbox 845 4051 968 4120; x_wconf 87' lang='lat' dir='ltr'>Author,</span> <span class='ocrx_word' id='word_1_504' title='bbox 984 4051 1035 4110; x_wconf 91' lang='lat' dir='ltr'>sed</span> <span class='ocrx_word' id='word_1_505' title='bbox 1046 4062 1075 4112; x_wconf 88' lang='lat' dir='ltr'>et</span> <span class='ocrx_word' id='word_1_506' title='bbox 1084 4053 1306 4111; x_wconf 84' lang='lat' dir='ltr'>Consummstor</span> <span class='ocrx_word' id='word_1_507' title='bbox 1320 4051 1441 4128; x_wconf 76' lang='lat' dir='ltr'>solutis3</span> 
     </span>
     <span class='ocr_line' id='line_1_48' title="bbox 233 4131 1437 4208; baseline 0.001 -18"><span class='ocrx_word' id='word_1_508' title='bbox 233 4131 294 4190; x_wconf 90' lang='lat' dir='ltr'>Nec</span> <span class='ocrx_word' id='word_1_509' title='bbox 310 4141 341 4190; x_wconf 91' lang='lat' dir='ltr'>ut</span> <span class='ocrx_word' id='word_1_510' title='bbox 355 4152 449 4190; x_wconf 86' lang='lat' dir='ltr'>cousse</span> <span class='ocrx_word' id='word_1_511' title='bbox 472 4131 644 4189; x_wconf 68' lang='lat' dir='ltr'>subalternae</span> <span class='ocrx_word' id='word_1_512' title='bbox 669 4139 698 4188; x_wconf 89' lang='lat' dir='ltr'>ct</span> <span class='ocrx_word' id='word_1_513' title='bbox 720 4131 922 4206; x_wconf 68' lang='lat' dir='ltr'>subordinatas,</span> <span class='ocrx_word' id='word_1_514' title='bbox 938 4131 1006 4208; x_wconf 87' lang='lat' dir='ltr'>quie</span> <span class='ocrx_word' id='word_1_515' title='bbox 1028 4133 1161 4190; x_wconf 89' lang='lat' dir='ltr'>meritum</span> <span class='ocrx_word' id='word_1_516' title='bbox 1177 4152 1215 4190; x_wconf 86' lang='lat' dir='ltr'>ex</span> <span class='ocrx_word' id='word_1_517' title='bbox 1243 4152 1274 4190; x_wconf 85' lang='lat' dir='ltr'>se</span> <span class='ocrx_word' id='word_1_518' title='bbox 1289 4152 1347 4190; x_wconf 90' lang='lat' dir='ltr'>non</span> <span class='ocrx_word' id='word_1_519' title='bbox 1367 4131 1437 4192; x_wconf 84' lang='lat' dir='ltr'>dicit</span> 
     </span>
     <span class='ocr_line' id='line_1_49' title="bbox 234 4209 1440 4288; baseline -0.004 -18"><span class='ocrx_word' id='word_1_520' title='bbox 234 4211 363 4270; x_wconf 88' lang='lat' dir='ltr'>ordinem</span> <span class='ocrx_word' id='word_1_521' title='bbox 386 4210 422 4268; x_wconf 81' lang='lat' dir='ltr'>ed</span> <span class='ocrx_word' id='word_1_522' title='bbox 445 4209 524 4268; x_wconf 86' lang='lat' dir='ltr'>aliud</span> <span class='ocrx_word' id='word_1_523' title='bbox 542 4209 683 4281; x_wconf 88' lang='lat' dir='ltr'>moritum,</span> <span class='ocrx_word' id='word_1_524' title='bbox 701 4210 751 4267; x_wconf 91' lang='lat' dir='ltr'>sed</span> <span class='ocrx_word' id='word_1_525' title='bbox 774 4211 870 4287; x_wconf 90' lang='lat' dir='ltr'>potius</span> <span class='ocrx_word' id='word_1_526' title='bbox 884 4221 1045 4288; x_wconf 87' lang='lat' dir='ltr'>respectum</span> <span class='ocrx_word' id='word_1_527' title='bbox 1060 4209 1097 4268; x_wconf 85' lang='lat' dir='ltr'>sd</span> <span class='ocrx_word' id='word_1_528' title='bbox 1111 4211 1282 4271; x_wconf 86' lang='lat' dir='ltr'>mercedem.</span> <span class='ocrx_word' id='word_1_529' title='bbox 1324 4215 1353 4270; x_wconf 84' lang='lat'>2.</span> <span class='ocrx_word' id='word_1_530' title='bbox 1375 4219 1440 4266; x_wconf 57' lang='lat' dir='ltr'>&#39;Art</span> 
     </span>
     <span class='ocr_line' id='line_1_50' title="bbox 234 4288 1440 4368; baseline 0.002 -21"><span class='ocrx_word' id='word_1_531' title='bbox 234 4319 318 4347; x_wconf 59' lang='lat' dir='ltr'>essen</span> <span class='ocrx_word' id='word_1_532' title='bbox 332 4299 376 4348; x_wconf 87' lang='lat' dir='ltr'>cst</span> <span class='ocrx_word' id='word_1_533' title='bbox 389 4289 485 4348; x_wconf 88' lang='lat' dir='ltr'>dicere</span> <span class='ocrx_word' id='word_1_534' title='bbox 500 4310 536 4347; x_wconf 88' lang='lat' dir='ltr'>ex</span> <span class='ocrx_word' id='word_1_535' title='bbox 551 4288 660 4346; x_wconf 84' lang='lat' dir='ltr'>meritis</span> <span class='ocrx_word' id='word_1_536' title='bbox 675 4289 782 4348; x_wconf 84' lang='lat' dir='ltr'>Christi</span> <span class='ocrx_word' id='word_1_537' title='bbox 796 4291 875 4348; x_wconf 84' lang='lat' dir='ltr'>nasci</span> <span class='ocrx_word' id='word_1_538' title='bbox 891 4291 992 4350; x_wconf 85' lang='lat' dir='ltr'>merite.</span> <span class='ocrx_word' id='word_1_539' title='bbox 1006 4299 1112 4364; x_wconf 81' lang='lat' dir='ltr'>nostra,</span> <span class='ocrx_word' id='word_1_540' title='bbox 1135 4291 1204 4368; x_wconf 87' lang='lat' dir='ltr'>quie</span> <span class='ocrx_word' id='word_1_541' title='bbox 1218 4299 1250 4350; x_wconf 89' lang='lat' dir='ltr'>ut</span> <span class='ocrx_word' id='word_1_542' title='bbox 1271 4311 1329 4348; x_wconf 90' lang='lat' dir='ltr'>uon</span> <span class='ocrx_word' id='word_1_543' title='bbox 1344 4299 1440 4368; x_wconf 84' lang='lat' dir='ltr'>potest</span> 
     </span>
     <span class='ocr_line' id='line_1_51' title="bbox 234 4368 1439 4447; baseline 0 -19"><span class='ocrx_word' id='word_1_544' title='bbox 234 4369 291 4428; x_wconf 88' lang='lat' dir='ltr'>diei</span> <span class='ocrx_word' id='word_1_545' title='bbox 314 4391 351 4428; x_wconf 88' lang='lat' dir='ltr'>ex</span> <span class='ocrx_word' id='word_1_546' title='bbox 367 4369 472 4428; x_wconf 90' lang='lat' dir='ltr'>Christi</span> <span class='ocrx_word' id='word_1_547' title='bbox 492 4368 688 4445; x_wconf 88' lang='lat' dir='ltr'>redemptione</span> <span class='ocrx_word' id='word_1_548' title='bbox 707 4369 787 4428; x_wconf 85' lang='lat' dir='ltr'>nasci</span> <span class='ocrx_word' id='word_1_549' title='bbox 808 4369 893 4427; x_wconf 81' lang='lat' dir='ltr'>aliem</span> <span class='ocrx_word' id='word_1_550' title='bbox 916 4369 1160 4447; x_wconf 65' lang='lat' dir='ltr'>redemptionem</span> <span class='ocrx_word' id='word_1_551' title='bbox 1184 4371 1230 4429; x_wconf 86' lang='lat' dir='ltr'>Ite</span> <span class='ocrx_word' id='word_1_552' title='bbox 1254 4389 1308 4428; x_wconf 88' lang='lat' dir='ltr'>nec</span> <span class='ocrx_word' id='word_1_553' title='bbox 1322 4389 1359 4430; x_wconf 83' lang='lat' dir='ltr'>ex</span> <span class='ocrx_word' id='word_1_554' title='bbox 1374 4371 1439 4446; x_wconf 87' lang='lat' dir='ltr'>ejus</span> 
     </span>
     <span class='ocr_line' id='line_1_52' title="bbox 232 4447 1438 4526; baseline 0 -19"><span class='ocrx_word' id='word_1_555' title='bbox 232 4450 334 4508; x_wconf 87' lang='lat' dir='ltr'>merito</span> <span class='ocrx_word' id='word_1_556' title='bbox 349 4449 479 4525; x_wconf 80' lang='lat' dir='ltr'>generari</span> <span class='ocrx_word' id='word_1_557' title='bbox 494 4447 572 4504; x_wconf 83' lang='lat' dir='ltr'>eliud</span> <span class='ocrx_word' id='word_1_558' title='bbox 588 4449 718 4506; x_wconf 89' lang='lat' dir='ltr'>meritum</span> <span class='ocrx_word' id='word_1_559' title='bbox 731 4470 739 4520; x_wconf 83' lang='lat'><strong>;</strong></span> <span class='ocrx_word' id='word_1_560' title='bbox 761 4457 790 4507; x_wconf 90' lang='lat' dir='ltr'>et</span> <span class='ocrx_word' id='word_1_561' title='bbox 804 4457 836 4507; x_wconf 94' lang='lat' dir='ltr'>ut</span> <span class='ocrx_word' id='word_1_562' title='bbox 851 4449 981 4508; x_wconf 86' lang='lat' dir='ltr'>Christus</span> <span class='ocrx_word' id='word_1_563' title='bbox 995 4469 1053 4508; x_wconf 90' lang='lat' dir='ltr'>uon</span> <span class='ocrx_word' id='word_1_564' title='bbox 1067 4449 1199 4526; x_wconf 89' lang='lat' dir='ltr'>producit</span> <span class='ocrx_word' id='word_1_565' title='bbox 1220 4450 1293 4508; x_wconf 86' lang='lat' dir='ltr'>ulios</span> <span class='ocrx_word' id='word_1_566' title='bbox 1308 4450 1438 4508; x_wconf 84' lang='lat' dir='ltr'>Christos</span> 
     </span>
     <span class='ocr_line' id='line_1_53' title="bbox 231 4527 1435 4602; baseline 0.001 -18"><span class='ocrx_word' id='word_1_567' title='bbox 231 4529 417 4600; x_wconf 58' lang='lat' dir='ltr'>secundm-im</span> <span class='ocrx_word' id='word_1_568' title='bbox 451 4528 563 4584; x_wconf 82' lang='lat' dir='ltr'>Itanee</span> <span class='ocrx_word' id='word_1_569' title='bbox 592 4528 655 4602; x_wconf 87' lang='lat' dir='ltr'>ejus</span> <span class='ocrx_word' id='word_1_570' title='bbox 670 4528 801 4585; x_wconf 89' lang='lat' dir='ltr'>meritum</span> <span class='ocrx_word' id='word_1_571' title='bbox 824 4527 881 4586; x_wconf 85' lang='lat' dir='ltr'>alia</span> <span class='ocrx_word' id='word_1_572' title='bbox 909 4528 1036 4587; x_wconf 81' lang='lat' dir='ltr'>seeundo</span> <span class='ocrx_word' id='word_1_573' title='bbox 1057 4530 1167 4588; x_wconf 81' lang='lat' dir='ltr'>merite.</span> <span class='ocrx_word' id='word_1_574' title='bbox 1217 4533 1245 4588; x_wconf 90' lang='grc'>3.</span> <span class='ocrx_word' id='word_1_575' title='bbox 1267 4529 1435 4587; x_wconf 82' lang='lat' dir='ltr'>Felsissime</span> 
     </span>
     <span class='ocr_line' id='line_1_54' title="bbox 228 4605 1434 4684; baseline 0.003 -24"><span class='ocrx_word' id='word_1_576' title='bbox 228 4606 313 4660; x_wconf 80' lang='lat' dir='ltr'>etiam</span> <span class='ocrx_word' id='word_1_577' title='bbox 326 4605 430 4661; x_wconf 90' lang='lat' dir='ltr'>dicitur</span> <span class='ocrx_word' id='word_1_578' title='bbox 444 4605 575 4662; x_wconf 85' lang='lat' dir='ltr'>Christus</span> <span class='ocrx_word' id='word_1_579' title='bbox 586 4605 669 4661; x_wconf 88' lang='lat' dir='ltr'>nobis</span> <span class='ocrx_word' id='word_1_580' title='bbox 685 4605 822 4663; x_wconf 84' lang='lat' dir='ltr'>meruisse</span> <span class='ocrx_word' id='word_1_581' title='bbox 836 4609 892 4663; x_wconf 89' lang='lat' dir='ltr'>vim</span> <span class='ocrx_word' id='word_1_582' title='bbox 905 4608 1042 4683; x_wconf 90' lang='lat' dir='ltr'>merendi,</span> <span class='ocrx_word' id='word_1_583' title='bbox 1059 4609 1127 4684; x_wconf 86' lang='lat' dir='ltr'>quin</span> <span class='ocrx_word' id='word_1_584' title='bbox 1141 4609 1183 4666; x_wconf 86' lang='lat' dir='ltr'>sic</span> <span class='ocrx_word' id='word_1_585' title='bbox 1199 4609 1331 4667; x_wconf 83' lang='lat' dir='ltr'>Cluistus</span> <span class='ocrx_word' id='word_1_586' title='bbox 1343 4609 1434 4684; x_wconf 79' lang='lat' dir='ltr'>ipsam</span> 
     </span>
    </p>
   </div>
   <div class='ocr_carea' id='block_1_3' title="bbox 0 0 1591 5188">
    <p class='ocr_par' dir='ltr' id='par_1_10' title="bbox 0 0 1591 5188">
     <span class='ocr_line' id='line_1_55' title="bbox 0 0 1591 5188; baseline 0 0"><span class='ocrx_word' id='word_1_587' title='bbox 0 0 1591 5188; x_wconf 95' lang='lat' dir='ltr'> </span> 
     </span>
    </p>
   </div>
  </div>
 </body>
</html>
