3150 5206
128 375 245 424 Qums'r.
261 352 342 434 vua]
401 397 403 404 .
585 371 624 410 ns
640 371 764 410 I'OEDERE
780 367 910 412 suerin.
1157 396 1162 404 .
1278 354 1335 411 211

127 516 248 594 guinem
263 517 446 575 victimarum
460 521 493 571 ut
506 511 610 588 futura,
627 511 678 570 sed
693 511 806 571 suffecit
827 511 1125 570 commemorationem
1145 511 1208 588 ejus
1222 511 1284 570 fieri
1306 511 1336 569 in

127 597 331 655 communione
354 604 383 654 ct
405 593 596 671 applicatione
619 592 691 668 ejus,
715 613 779 669 quae
800 611 852 668 per
866 590 998 668 symbola
1018 592 1100 668 panis
1114 599 1143 650 ct
1157 591 1218 649 vini
1232 593 1336 650 melius

126 684 359 754 representatur.

221 811 227 822 ,
352 809 359 822 ,
432 753 527 810 XXI.
550 755 577 810 4.
595 751 718 810 Ratione
728 751 902 830 saeviatis,-
914 750 1026 825 Quiain
1038 751 1335 810 l⁷etcriTostamento

134 811 156 856 ι
167 811 278 914 Μζζῗίξ
286 811 369 894 suan-
393 832 571 908 frequentius
582 831 739 908 urgebatur
748 831 812 888 Lex
822 831 943 907 ejusque
954 829 1080 908 perfecta
1094 831 1266 906 obedientia,
1277 851 1335 889 non

287 903 293 922 ⁹
393 911 509 989 quidem
531 911 657 969 exclusis
681 910 848 988 simpliciter
875 909 1113 986 promissionibus
1139 911 1334 987 Evangelieis,

127 995 180 1054 sed
203 1003 302 1054 tamen
316 1013 350 1053 eo
369 993 434 1067 fine,
450 1000 483 1050 ut
503 991 649 1067 Rigorosa
670 990 720 1047 illa
734 989 905 1048 obedientiae
926 990 1085 1066 exactione,
1101 991 1225 1067 populus
1239 991 1334 1050 adhuc

128 1075 234 1150 infans,
250 1074 334 1151 quasi
349 1073 403 1131 suh
416 1071 508 1130 tutela
521 1069 723 1144 contineretur,
739 1079 768 1128 et
789 1068 826 1127 ad
840 1069 1026 1146 quaerendum
1042 1069 1187 1128 Christum
1210 1073 1335 1148 compel-

127 1156 256 1229 leretur,
280 1153 322 1211 At
335 1153 366 1209 in
382 1151 466 1208 Novo
480 1150 688 1226 frequentiores
703 1157 770 1207 sunt
784 1149 988 1226 promissiones
1003 1150 1198 1226 Evangelicae,
1213 1171 1271 1209 non
1292 1160 1335 1209 ta·

128 1254 196 1293 men
210 1233 331 1292 exclusa
343 1233 421 1308 Lege
432 1229 469 1288 ad
478 1249 583 1288 novam
595 1229 787 1288 obedientiam
798 1229 1025 1306 regenerationis
1035 1230 1129 1306 gratia
1143 1230 1335 1306 praestandum

129 1313 306 1390 impellente.
349 1312 410 1369 Nec
425 1311 471 1368 hie
486 1309 592 1386 opponi
606 1308 692 1367 debet
707 1329 779 1366 onus
793 1308 897 1367 durum
913 1308 1021 1384 Crucis,
1034 1329 1120 1385 quam
1133 1310 1264 1369 Christus
1276 1312 1336 1370 suis

128 1393 253 1471 imponit
266 1393 296 1452 in
312 1393 396 1450 Novo
413 1391 607 1448 Testamento.
664 1389 732 1464 luia,
748 1397 938 1465 praeterquam
960 1388 1038 1465 qnod
1060 1389 1121 1448 Piis
1135 1390 1251 1448 Veteris
1266 1391 1335 1450 Tes-

129 1473 251 1531 tamenti
273 1493 332 1530 non
346 1470 445 1545 defuit,
461 1477 494 1528 ut
515 1469 578 1526 haec
592 1477 637 1527 est
658 1488 719 1526 sors
733 1468 861 1526 fidelium
877 1469 907 1526 in
925 1468 1111 1544 hosmundo,
1128 1470 1235 1529 Christi
1250 1470 1334 1530 disei-

129 1553 207 1630 pulis
221 1573 280 1611 non
294 1561 353 1610 tam
368 1550 454 1609 debet
468 1569 531 1608 esse
546 1548 634 1621 oneri,
650 1568 736 1624 quam
750 1548 944 1624 honori,·Gal.
960 1548 998 1606 vi.
1013 1551 1101 1624 14,11
1116 1549 1221 1608 Christi
1230 1551 1336 1627 jugum

130 1642 175 1692 est
189 1633 254 1691 leve
269 1640 298 1692 et
313 1650 410 1705 suave,
428 1628 533 1687 Matth.
548 1629 588 1686 xi.
604 1631 652 1686 30.
695 1627 763 1685 Huc
777 1627 901 1704 pertinet
911 1627 1018 1686 donum
1032 1628 1156 1704 Spiritus
1168 1629 1274 1704 Sancti,
1287 1631 1337 1706 qui

129 1712 199 1770 licet
216 1713 279 1789 jam
294 1711 348 1770 sub
363 1709 464 1768 Veteri
485 1709 671 1768 Testamenta
691 1727 750 1764 non
771 1707 931 1782 denegatus
952 1707 1038 1766 fuerit
1055 1708 1207 1782 'Patribus
1222 1711 1337 1785 parcius

129 1798 228 1850 tamari
250 1803 279 1851 et
303 1789 450 1850 remissius
471 1799 532 1846 tum
547 1787 624 1845 vires
646 1807 713 1845 suas
733 1787 879 1862 exerebat,
894 1806 946 1863 pro
967 1795 1095 1863 tempore
1109 1795 1138 1845 et
1152 1789 1337 1848 revelationis

131 1871 237 1948 modo;
268 1891 345 1931 nunc
360 1889 428 1928 vero
442 1869 530 1944 longe
545 1867 705 1926 1111111111
725 1866 827 1942 majori
848 1867 939 1943 copia,
955 1875 987 1925 ut
1000 1867 1093 1944 major
1107 1876 1136 1925 et
1149 1868 1272 1944 amplior
1292 1877 1337 1927 est

131 1953 233 2028 gratita
248 1951 395 2025 revelati0,
411 1948 512 2006 debuit
526 1946 731 2005 communicari
745 1946 799 2004 sub
814 1946 899 2004 Novo
909 1947 997 2022 juxta
1012 1947 1165 2006 Oraculum
1180 1948 1201 2006 J
1203 1949 1284 2023 odiis,
1306 1949 1336 2008 ii.

130 2034 180 2108 28,
190 2033 275 2110 cujus
285 2030 525 2108 complementum
540 2027 570 2084 in
585 2026 677 2103 prima
693 2026 863 2084 Pentecoste
874 2034 958 2102 urget
973 2025 1089 2102 Pardus,
1104 2026 1171 2086 Act.
1187 2027 1216 2086 ii.
1229 2031 1275 2104 17,
1288 2030 1334 2088 18.

435 2107 546 2165 XXII.
570 2111 597 2166 5.
621 2106 744 2164 Ratione
758 2106 941 2181 Persectiouis
949 2131 961 2178 ;
983 2105 1122 2181 Quamvis
1136 2106 1211 2164 enim
1226 2107 1335 2184 perfec·

127 2177 150 2224 5·
164 2177 374 2280 Μῆῗᾞῗῑῗθθ·
393 2188 501 2246 tionem
524 2186 705 2244 essentialem
732 2185 825 2244 Vetus
849 2185 1065 2244 Testamentum
1088 2187 1220 2246 habuerit
1241 2189 1337 2266 quoad

237 2251 252 2281 ⁰
298 2269 304 2288 '
393 2266 582 2326 substantiam
607 2265 724 2324 foederis
751 2265 871 2343 gratiae;
893 2286 951 2323 non
978 2265 1080 2325 habuit
1107 2276 1203 2326 tamen
1228 2268 1336 2344 perfec·

129 2349 240 2407 tionem
254 2347 460 2407 accidentalem
476 2345 572 2423 quoad
593 2344 733 2422 gradum3
757 2345 825 2422 quia
845 2353 906 2404 tota
926 2345 977 2404 illa
997 2347 1156 2405 oeconomia
1170 2349 1268 2424 typica
1282 2348 1337 2408 fuit

128 2435 159 2486 et
173 2427 344 2501 umbratilis,
360 2447 424 2504 quae
438 2447 456 2485 a
471 2427 555 2484 Novo
569 2445 627 2483 non
641 2425 735 2484 nrinus
750 2424 854 2501 differt,
869 2445 955 2502 quarn
970 2427 1032 2484 mla
1046 2429 1079 2507 τῇ
1091 2427 1167 2504 alaisa,
1183 2427 1335 2486 adumbra-

129 2507 173 2566 tio
187 2507 282 2566 tenuis
297 2516 326 2565 et
339 2506 419 2565 rudis
433 2505 597 2580 delineatiO,
613 2525 631 2562 a
644 2505 713 2562 viva
727 2512 755 2563 et
769 2525 906 2581 expressa
919 2506 1054 2583 imagine.
1083 2508 1161 2566 llino
1176 2507 1337 2585 Apostolus

128 2586 236 2646 tribuit
250 2587 293 2645 illi
306 2587 430 2662 afflarat,
448 2586 524 2644 Heh.
540 2585 589 2644 vii.
605 2587 633 2660 8,
655 2586 682 2659 9,
708 2587 753 2660 10,
776 2584 843 2643 dum
866 2585 927 2663 ugit
948 2585 984 2645 de
1004 2586 1219 2663 imperfectione
1236 2588 1335 2646 Sacer-

129 2666 204 2725 dotii
219 2666 351 2742 Levitici,
376 2687 433 2743 quo
452 2666 592 2740 abrogato
616 2663 812 2724 suscitandum
837 2673 898 2723 erat
923 2665 1002 2724 aliud
1027 2667 1184 2725 secundum
1206 2667 1335 2726 ordinem

131 2746 347 2822 Melchisedeci,
360 2765 424 2806 cum
439 2744 576 2822 perfactio
597 2763 655 2801 non
676 2753 753 2804 esset
773 2745 803 2801 iu
817 2744 913 2820 priori,
936 2746 1019 2822 cujus
1040 2749 1159 2817 ἄιοφιλὲς
1180 2751 1226 2805 aaa*
1245 2751 1335 2814 salarie

129 2826 235 2904 probat
259 2827 429 2903 Apostolus,
452 2833 515 2883 tum
539 2825 576 2882 ab
597 2823 761 2882 infirmitate
775 2832 805 2884 et
818 2825 992 2883 mortalitate
1007 2825 1111 2883 summi
1127 2827 1284 2902 Pontificis,
1307 2837 1337 2886 et

128 2906 347 2983 inquinamento
369 2905 488 2982 peccati,
514 2923 531 2962 a
555 2923 613 2980 quo
637 2923 695 2961 non
718 2912 779 2963 erat
802 2905 945 2978 immunis,
971 2912 1032 2963 tum
1059 2905 1096 2962 ab
1120 2905 1335 2982 imperfectione

129 2985 337 3045 sacrificiorum
361 2995 390 3044 ot
413 2983 564 3050 lotionum,
591 3003 655 3060 qnae
678 2983 868 3042 conscientias
893 2993 922 3042 11
946 2984 1056 3042 anhnas
1070 3004 1128 3042 non
1143 2986 1333 3062 attingebant,
1398 3047 1402 3052 ,

129 3066 293 3126 sanctimis
307 3074 420 3126 tantum
433 3063 537 3141 legalis
551 3073 581 3122 et
595 3071 721 3122 externae
737 3063 892 3140 operativae
904 3085 911 3138 ;
933 3082 987 3122 nec
1009 3063 1147 3121 sacrificia
1161 3084 1198 3122 ex
1213 3085 1243 3123 so
1258 3067 1335 3142 apud

131 3146 229 3204 Deum
256 3155 373 3222 peccata
395 3145 512 3220 expiare
536 3152 676 3221 poterant,
702 3143 778 3200 Psal.
798 3143 841 3202 xl.
866 3146 892 3218 7,
909 3145 937 3200 8.
980 3142 1050 3200 Ideo
1072 3143 1129 3201 ista
1153 3145 1248 3202 omnia
1269 3165 1335 3204 cum

130 3225 331 3284 Tabernaoulo
356 3232 386 3283 et
414 3224 583 3284 Sanetuario
606 3222 753 3282 mundano
778 3222 912 3298 abrogari
933 3241 1051 3280 necesse
1079 3223 1141 3298 suit,
1170 3233 1203 3283 ut
1224 3235 1335 3301 pateret

132 3305 296 3362 Sanctuarii
310 3303 436 3376 eoelestis
458 3303 515 3361 via.
559 3302 642 3377 Quod
666 3303 753 3362 etiam
776 3302 872 3360 locum
895 3302 982 3361 habet
1003 3311 1136 3380 respectu
1160 3305 1263 3380 cultae,
1286 3307 1336 3382 qui

130 3384 186 3442 sub
201 3385 303 3444 Veteri
317 3385 503 3444 Testamento
517 3382 620 3459 viguit,
644 3383 749 3459 quibus
769 3391 848 3441 totus
861 3382 1038 3441 umbraticus
1053 3391 1081 3441 et
1095 3385 1218 3444 carnalis
1232 3385 1294 3461 fuit,
1311 3387 1336 3444 si

130 3484 198 3522 eum
219 3465 311 3524 cultu
334 3485 351 3524 a
386 3462 501 3522 Christo
526 3462 663 3538 praedicto
687 3471 716 3521 et
740 3463 777 3521 ab
806 3462 957 3539 Apostolis
984 3463 1117 3522 instituto
1145 3475 1334 3543 comparetur,

87 3533 97 3552 ⁶
128 3545 201 3603 Joh.
218 3545 256 3602 iv.
272 3548 320 3619 ⁶23,
336 3543 459 3621 quinon
472 3541 558 3600 modo
580 3542 631 3599 uni
653 3542 717 3600 loeo
739 3542 843 3601 affixus
875 3562 933 3600 non
957 3543 1155 3620 estamplius,
1186 3555 1219 3604 ut
1242 3555 1335 3622 antea,

130 3623 183 3682 sed
198 3624 249 3700 qui
262 3625 371 3702 Spiritu
386 3623 447 3681 sine
463 3622 626 3681 carnalibus
645 3621 731 3698 typis,
749 3622 825 3680 Heb.
841 3622 881 3679 ix.
899 3623 944 3696 10,
960 3631 990 3680 et
1009 3624 1132 3683 Veritote
1145 3625 1254 3702 absque
1274 3647 1336 3685 um·

129 3703 192 3762 bris
207 3703 347 3763 Moesicis
361 3703 423 3761 ficri
438 3702 550 3775 debeat,
567 3701 628 3759 Col.
644 3701 673 3759 ii.
692 3706 737 3776 17,
754 3702 831 3760 Heb.
846 3722 876 3760 x.
894 3705 919 3760 1.

250 3849 256 3862 ,
339 3849 344 3862 ,
437 3781 567 3839 XXIII.
590 3783 618 3840 6.
634 3780 757 3840 Ratione
771 3782 941 3854 1111111111,-
956 3780 1031 3856 Quia
1052 3785 1106 3842 suh
1121 3785 1221 3844 Veteri
1236 3787 1335 3846 Tasta·

158 3845 180 3893 ⁶·
198 3847 355 3952 &mlh
397 3869 494 3920 mento
516 3861 636 3937 vigebat
663 3861 786 3939 Spiritus
811 3861 959 3920 servitutis
983 3862 1021 3920 ad
1042 3873 1158 3938 metum,
1175 3865 1259 3923 Rom.
1275 3867 1335 3924 viii.

312 3941 318 3961 '
399 3945 444 4016 15,
470 3941 538 4000 licet
560 3940 636 3998 enim
659 3941 762 3999 Patres
783 3949 879 4000 essent
900 3941 952 3999 filii
968 3941 1032 4016 Dei,
1059 3951 1144 4019 atque
1169 3945 1337 4003 eonomine

131 4018 252 4077 Domini
267 4027 296 4078 et
309 4019 448 4096 haeredes,
474 4041 533 4078 non
547 4019 718 4080 differebant
731 4027 828 4079 tamen
841 4022 967 4097 1111111,
990 4021 1086 4097 quoad
1108 4029 1257 4080 externam
1278 4023 1336 4083 dis-

128 4099 339 4175 pensationem,
353 4109 386 4159 ut
399 4099 524 4159 infantes
535 4109 564 4158 et
575 4101 757 4158 minorennes
772 4100 825 4159 sub
838 4100 927 4177 Legis
941 4100 1013 4159 dura
1024 4110 1052 4159 et
1063 4099 1157 4176 rigida
1166 4102 1338 4180 paedagogia

129 4178 337 4238 detinebantur
355 4189 493 4256 tanquam
515 4179 568 4238 sub
583 4179 740 4239 Tutoribus
755 4188 784 4239 et
798 4180 994 4255 CuratoribuS,
1010 4180 1115 4256 quibus
1135 4189 1214 4240 metu
1234 4203 1336 4259 poenae,

129 4266 158 4317 11
178 4257 267 4317 minis
287 4277 321 4317 ac
345 4259 524 4336 verberibus,
546 4259 643 4337 potius
662 4279 748 4336 quam
767 4261 916 4338 promissis
935 4269 965 4320 et
985 4277 1080 4318 amore
1102 4259 1218 4320 virtutis
1239 4262 1336 4338 adige-

129 4337 238 4398 bantur
261 4337 298 4396 ad
321 4338 455 4413 officium,
480 4339 546 4399 Gal.
576 4340 616 4398 iv.
647 4343 673 4415 1,
694 4344 722 4397 2.
766 4339 851 4399 Unde
878 4339 1012 4416 quamvis
1043 4340 1194 4398 Libertatis
1206 4345 1258 4416 jus
1279 4342 1338 4401 illis

130 4426 310 4495 competeret
331 4419 361 4476 in
386 4419 494 4479 virtute
518 4419 635 4478 foerleris
656 4420 766 4496 gratiae,
789 4428 818 4479 11
840 4418 1062 4498 promissionum
1085 4419 1336 4496 Evangelicamm,

129 4497 273 4574 exiguum
289 4505 386 4558 tamen
401 4501 464 4577 ejus
477 4519 586 4558 sensum
600 4508 629 4558 et
638 4519 721 4557 usum
737 4501 913 4573 obtinebant,
931 4497 1019 4574 Legis
1033 4497 1119 4556 minis
1134 4507 1163 4556 et
1172 4501 1245 4576 jugo
1254 4505 1338 4566 ἀβασ-

129 4579 217 4655 uiaep
233 4578 405 4637 servitutem
426 4577 683 4656 adstringentibus,
700 4588 728 4638 et
742 4589 878 4639 terrorem
900 4577 1114 4652 incutientibus,
1133 4598 1191 4654 quo
1206 4580 1294 4639 fiebat
1308 4590 1340 4640 ut

127 4659 163 4716 ud
178 4657 381 4736 apparitiones
396 4657 451 4716 Dei
471 4669 548 4718 metu
568 4659 799 4736 percellerentur,
821 4667 849 4717 et
869 4658 961 4716 inore
981 4655 1080 4716 tritum
1101 4657 1173 4718 illud
1190 4659 1337 4738 haberent,
