3108 5198
244 369 282 426 60
695 383 786 424 rocus
800 379 980 422 exoremus.
1264 360 1390 442 [ourzsr.
1407 383 1457 426 xr.

237 529 384 604 jurantem
402 526 445 584 ad
465 523 511 582 sui
529 524 755 584 obruendam.
798 522 872 596 Quis
895 521 917 581 J
919 527 1098 580 uramentum
1119 539 1178 580 non
1199 520 1287 580 debet
1303 541 1366 580 csse
1381 522 1452 580 vin-

244 607 340 664 culum
355 603 524 682 iniquitatis,
535 613 564 663 et
577 625 662 664 nemo
676 604 763 663 debet
777 603 843 680 cogi
857 600 894 660 ed
909 601 1018 679 aliquid
1031 601 1129 677 inique
1144 601 1382 678 perpetrandum
1397 603 1452 662 bic

244 686 321 744 enim
344 704 457 762 semper
480 685 610 744 obtinere
635 684 721 743 debet
743 682 816 742 illud
830 681 1041 759 Apostolieum,
1064 682 1161 740 Satrico
1181 690 1222 740 eet
1241 683 1352 740 obedire
1370 683 1449 758 Deo,

244 783 330 843 quam
344 765 504 823 horninibus.
547 764 610 839 Quo
624 764 749 841 pertinet
762 763 862 821 tritum
876 761 949 819 illud
963 761 1069 820 Isidori
1084 760 1269 838 Hispalensis
1283 761 1315 820 C.
1329 761 1359 819 in
1377 763 1450 824 mal.

245 847 340 904 Causa
353 843 426 902 xxii.
441 863 470 920 q.
485 847 513 918 4,
531 845 549 876 ‘⁶
562 844 596 902 In
611 844 686 902 male
706 842 855 920 promissis
876 841 1007 901 rescinde
1027 840 1123 914 fidem,
1138 840 1169 897 in
1183 840 1261 917 turpi
1273 849 1343 900 roto
1365 852 1452 900 muta

244 922 399 998 decretum,
414 923 493 999 quod
506 923 621 982 incaute
635 923 751 981 voreris
765 942 801 980 ne
815 921 933 980 leeies.''
976 921 1016 979 Et
1036 920 1155 979 alterius
1169 919 1275 978 Isidori
1290 919 1450 980 Pelusiotae

243 1003 295 1061 111).
311 1003 350 1060 lv.
365 1022 410 1079 ep.
426 1005 474 1078 96,
486 999 580 1077 ἔμειναν
593 1007 645 1083 pale
659 1003 679 1060 ir
692 1008 741 1068 τοῖς
756 1002 847 1072 impie-r
861 1003 896 1058 rei
908 1003 991 1064 κκκὸς
1005 1001 1189 1071 ἓπαγγιλθῖπι
1203 997 1266 1058 ebo
1279 1003 1372 1074 κιλῧς,
1388 999 1406 1068 οἳ
1418 1007 1448 1058 τὶ

244 1079 318 1141 δοκῶ
332 1083 426 1162 iungaris
439 1087 530 1157 κακῧς,
548 1087 565 1116 “
578 1083 700 1142 Praestet
713 1083 744 1140 in
757 1082 794 1140 iis
807 1102 872 1158 quse
891 1082 998 1138 hebent
1012 1082 1190 1140 atrocitatem
1204 1081 1347 1156 facinoris,
1369 1083 1450 1138 male

243 1162 385 1240 promisse
399 1163 472 1220 bene
485 1162 656 1238 rescindere,
671 1181 758 1240 quam
772 1161 847 1218 mele
860 1159 953 1218 videri
970 1179 1085 1218 seruere
1096 1160 1322 1238 juramentum.’'
1366 1161 1449 1218 Hinc

244 1241 377 1300 illicitum
391 1240 454 1317 fuit,
464 1250 496 1301 01
509 1262 561 1319 per
571 1261 749 1319 consequens
763 1260 821 1298 nou
831 1239 1034 1317 obligatorium
1041 1241 1234 1315 jurameutum
1245 1239 1369 1298 Doridis
1379 1260 1448 1298 cum

244 1321 357 1380 fervore
368 1321 493 1398 jurantis
508 1341 539 1380 se
553 1321 628 1380 ferro
641 1321 803 1380 deleturum
817 1319 980 1378 universam
993 1319 1113 1378 Nabalis
1123 1319 1240 1379 domum
1255 1318 1292 1377 ob
1307 1328 1449 1396 negatum

245 1411 444 1475 commeatum,
459 1404 474 1458 l
489 1401 566 1460 Sam.
581 1421 652 1459 xxv.
668 1406 715 1476 22,
731 1404 779 1475 23,
794 1400 920 1458 Herodis
933 1399 1127 1475 promittentis
1147 1397 1271 1456 foeminre
1285 1399 1448 1475 impurissi-

244 1499 299 1538 mre
323 1488 410 1557 caput
433 1480 503 1539 Joh.
519 1481 667 1558 Baptistae,
695 1481 779 1539 Mott.
799 1479 860 1537 xiv.
876 1483 903 1554 7,
918 1481 1095 1555 Judoeerum,
1111 1479 1161 1555 qui
1184 1478 1215 1535 iu
1237 1477 1344 1536 caedem
1361 1479 1449 1538 Pauli

244 1561 439 1636 conjurarunt,
456 1560 523 1620 Act.
539 1559 622 1618 xxiii.
638 1564 685 1618 21.
735 1559 818 1618 Talia
837 1560 1002 1635 juramenta
1015 1578 1074 1616 non
1097 1566 1209 1616 tantum
1231 1577 1289 1615 non
1304 1557 1447 1640 obligant,

245 1640 313 1717 quia
324 1658 370 1696 res
380 1641 574 1698 malanullam
582 1640 641 1698 vim
654 1638 758 1717 accipit
766 1659 784 1697 a
789 1641 962 1716 juramento,
976 1637 1028 1696 sed
1036 1639 1061 1697 si
1069 1639 1259 1696 observentur
1266 1646 1375 1714 augent
1382 1657 1448 1696 rea·

244 1727 321 1778 tum:
335 1719 405 1795 quia
410 1727 472 1778 tum
481 1719 539 1778 duo
549 1729 667 1797 peecata
678 1721 902 1792 committuntur,
913 1717 1072 1794 nnumcjus
1081 1717 1276 1794 specieicujus
1284 1716 1448 1776 estfactum

243 1818 296 1877 per
309 1819 340 1858 00
350 1798 570 1874 consideratum,
582 1801 705 1860 alterurn
716 1807 815 1858 contre
823 1798 1001 1875 religionem,
1014 1817 1051 1856 ex
1060 1799 1152 1856 abusu
1160 1796 1284 1854 nominis
1295 1796 1359 1870 Dei,
1371 1816 1447 1874 qua-

244 1885 329 1937 tenus
342 1879 522 1956 propositum
535 1880 643 1938 malum
653 1881 805 1939 autoritate
815 1878 871 1936 Dei
884 1876 1022 1937 firmatur.
1046 1877 1143 1954 Hujus
1157 1877 1271 1953 generis
1285 1885 1352 1935 sunt
1365 1877 1449 1936 Vota

245 1958 416 2035 Monostica,
429 1978 494 2035 quoe
505 1967 537 2018 ut
547 1960 621 2018 mele
632 1958 713 2034 liunt,
726 1959 767 2018 its
776 1959 859 2036 pejus
870 1957 1068 2034 observentur,
1081 1965 1111 2016 et
1122 1955 1252 2032 legitime
1262 1964 1447 2016 revocentur.

285 2038 346 2096 III.
369 2037 546 2114 Hujusmodi
560 2039 667 2098 vitioso
684 2041 849 2116 juramento
867 2037 948 2095 veria
970 2045 1045 2095 sunt.
1078 2040 1104 2095 1.
1120 2036 1208 2113 Resp.
1229 2035 1363 2111 materie,
1379 2055 1447 2112 quse

244 2126 320 2192 suut,
335 2117 384 2174 vel
398 2116 434 2176 de
453 2117 540 2175 rebus
560 2118 678 2193 illicitis,
693 2118 741 2176 rel
761 2116 997 2194 impossibilibus
1019 2121 1047 2174 2.
1063 2116 1151 2192 Resp.
1167 2135 1366 2192 personanter,
1379 2136 1448 2193 quse

239 2197 338 2272 jurare
353 2215 410 2252 nou
425 2205 554 2272 possunt
570 2197 671 2273 quoles
686 2204 753 2256 sunt
766 2196 856 2273 pueri,
872 2204 1008 2270 amentes,
1021 2195 1111 2270 stulti,
1123 2195 1203 2270 ebrii,
1215 2195 1383 2272 phrenetici,
1396 2205 1449 2254 aut

244 2273 294 2350 qui
309 2273 381 2332 elias
392 2274 503 2351 judicio
518 2276 637 2334 rationis
651 2277 766 2335 utinen
786 2283 925 2352 possunt;
948 2275 1021 2333 tales
1035 2275 1122 2334 etiam
1143 2283 1218 2350 sunt,
1254 2275 1285 2332 ui
1298 2293 1356 2332 non
1378 2285 1449 2334 sunt

244 2353 289 2412 sui
300 2353 384 2429 juris,
401 2352 452 2412 sed
467 2354 520 2412 sub
534 2354 655 2414 aliorum
669 2363 820 2432 potestate,
836 2362 868 2412 ut
882 2355 973 2430 liberi,
990 2355 1075 2429 servi,
1091 2354 1223 2428 foeminse,
1234 2295 1303 2429 bo,
1314 2354 1364 2431 qui
1378 2375 1446 2412 cum

240 2433 406 2509 juramento
421 2451 459 2506 se,
475 2432 575 2492 invitis
590 2434 625 2492 iis
647 2435 753 2511 quibus
767 2434 888 2510 subjecti
910 2442 985 2508 sunt,
1001 2433 1039 2492 ad
1061 2433 1172 2511 aliquid
1185 2433 1357 2510 obligarunt,
1377 2435 1446 2510 jure

244 2531 303 2568 non
318 2519 385 2570 sunt
399 2511 537 2588 obstricti,
554 2512 605 2572 sed
627 2513 789 2572 rescindere
811 2512 884 2571 illud
898 2513 1004 2572 debent
1022 2514 1110 2591 juxta
1123 2521 1297 2590 praeceptum
1315 2513 1445 2588 Domini,

245 2590 331 2649 Num.
347 2611 419 2650 xxx.
434 2595 462 2667 4,
478 2592 533 2650 0101
546 2593 602 2652 hoc
615 2601 758 2670 praetextu
773 2593 867 2652 cultus
882 2601 910 2652 01
924 2593 1073 2670 religionis
1085 2594 1145 2652 fiat.
1187 2592 1234 2650 Ita
1247 2612 1336 2669 quum
1351 2592 1446 2652 euser-

244 2678 292 2728 tur
315 2671 388 2729 ratio
412 2670 540 2730 formulis
563 2672 736 2749 duramenti,
761 2673 965 2734 duramentum
989 2680 1083 2732 cessat
1106 2671 1217 2731 ratione
1241 2679 1371 2748 eventus,
1394 2673 1446 2749 qui

244 2839 344 2905 postea
357 2830 464 2889 desinit
478 2849 541 2890 esse
555 2832 631 2892 telis.

243 2945 414 3007 2Pr0positio.
441 2948 484 2993 su·
547 2912 601 2972 IV.
626 2912 760 2972 Secunda
774 2911 952 2989 Propositio:
983 2914 1071 2972 Omne
1084 2914 1284 2972 Juramentam
1305 2914 1340 2970 de
1358 2933 1391 2970 re
1412 2912 1445 2970 li·

272 3008 483 3076 mpentumdors
505 2991 560 3050 cita
584 3001 611 3050 et
628 2993 762 3068 possibili,
788 2994 865 3068 quod
883 2993 964 3049 salua
982 2991 1088 3066 pietate
1112 3001 1138 3050 01
1160 2991 1313 3050 obedientia
1334 2992 1445 3067 Magir-

272 3065 341 3136 1111,ῐῦ
359 3069 385 3135 qt
409 3067 484 3124 possi-
505 3071 594 3130 tratur'
618 3072 709 3130 debita
740 3082 767 3130 ct
791 3070 1034 3146 salute,promimi
1054 3071 1194 3147 proeetari
1212 3079 1313 3147 potest,
1342 3072 1447 3147 absque

271 3123 426 3182 ussrobhgat.
505 3152 582 3209 omni
592 3154 664 3225 fisco
688 3161 715 3210 et
738 3154 802 3210 dolo
826 3150 938 3209 sev-vari
958 3151 1042 3226 dedet,
1059 3151 1168 3209 etiamsi
1181 3171 1238 3226 per
1255 3151 1310 3208 eim
1324 3159 1375 3208 aut
1388 3171 1445 3209 me·

243 3237 301 3286 tum
315 3236 524 3304 ectorqueatnr,
541 3239 567 3287 et
587 3251 648 3288 eum
662 3231 768 3306 injuria
789 3239 815 3310 01
827 3233 931 3288 damm
952 3231 1102 3306 temporali
1105 3231 1234 3306 jurantis
1248 3233 1445 3306 conjunpatur,

243 3307 311 3383 quia
335 3309 391 3364 tale
406 3309 601 3381 juramentum
615 3311 654 3386 fit
675 3329 737 3366 cum
761 3310 932 3368 invocatione
955 3311 1086 3368 Nominis
1109 3310 1198 3368 divini
1220 3311 1296 3386 quod
1322 3329 1378 3367 non
1406 3319 1448 3368 est

237 3387 463 3462 profanandum.
505 3386 623 3445 Veritas
645 3387 709 3463 ejus
730 3388 832 3446 nititur
854 3387 969 3448 disertis
992 3389 1147 3466 Scriptura
1161 3389 1267 3464 verbis,
1284 3389 1355 3446 Lev.
1380 3388 1445 3446 xix.

244 3467 291 3539 11,
310 3468 356 3538 12,
372 3465 391 3496 ‘⁴
403 3463 447 3521 Ne
461 3465 631 3538 mentimini,
643 3485 736 3541 neque
748 3465 862 3525 fellecia
872 3467 984 3526 utimini
999 3469 1029 3528 in
1039 3469 1204 3546 proximum
1218 3487 1311 3526 suum.
1342 3468 1445 3544 Neque

238 3543 334 3621 jurate
349 3562 401 3619 per
415 3543 527 3600 Nomen
541 3563 636 3603 meum
651 3543 689 3602 ad
702 3545 845 3604 fallaciam
860 3547 947 3606 ullam
956 3548 982 3607 :'’
1007 3556 1037 3607 et
1052 3547 1156 3607 Matth.
1170 3567 1199 3605 v.
1215 3550 1263 3622 33,
1281 3549 1299 3579 “
1311 3547 1378 3604 Non
1394 3567 1445 3624 pe-

237 3622 357 3699 jerabis,
372 3621 477 3681 reddes
491 3630 586 3680 eutem
601 3624 623 3682 J
624 3632 774 3683 uramenta
786 3634 837 3685 tua
851 3626 977 3685 Domino
988 3629 1017 3703 ;'’
1034 3627 1082 3686 Sic
1097 3627 1146 3686 Ps.
1156 3647 1206 3685 xv.
1221 3631 1249 3702 4,
1267 3625 1353 3701 “Qui
1363 3627 1445 3703 jure·

241 3701 286 3761 vit
299 3701 436 3776 malum,’'
452 3700 491 3761 id.
506 3703 613 3760 melum
628 3703 733 3780 damni,
749 3704 827 3782 quod
849 3705 935 3765 rebus
950 3707 1010 3765 suis
1031 3706 1132 3766 obesse
1146 3706 1236 3782 videt,
1251 3725 1310 3764 nen
1334 3705 1445 3782 delicti,

243 3783 261 3814 “
272 3789 302 3841 et
315 3801 373 3840 non
387 3789 488 3856 mutet,
503 3782 646 3842 habitabit
660 3784 690 3841 in
705 3793 801 3843 monte
817 3785 964 3844 Domini.”
1006 3785 1145 3860 Quamvis
1166 3785 1272 3862 injurie
1292 3784 1371 3845 fecta
1389 3787 1444 3844 tol-

240 3859 282 3920 lat
296 3861 502 3938 obligationem
516 3871 648 3938 respectu
663 3863 788 3922 hominis
808 3865 944 3942 injuriam
963 3864 1121 3940 inferentis,
1136 3865 1272 3942 quonism
1293 3865 1324 3922 in
1338 3865 1446 3942 injuria

239 3941 352 3999 nullum
362 3942 412 4018 jus
426 3940 581 4016 fundatum
612 3951 709 4001 menet
729 3951 826 4002 temen
840 3943 979 4021 obligatio
994 3945 1057 4003 Deo
1074 3943 1158 4020 fecte,
1174 3963 1239 4021 quse
1260 3944 1322 4002 sine
1337 3944 1444 4004 irreve-

239 4020 333 4077 rentis
346 4029 376 4078 et
389 4021 493 4097 injuria
509 4021 564 4078 Dei
578 4041 636 4079 non
651 4030 747 4097 potest
767 4023 884 4100 insuper
896 4023 1005 4082 heberi.
1048 4023 1147 4100 Atque
1167 4023 1215 4082 hic
1229 4031 1274 4082 est
1292 4025 1444 4082 000110110-

239 4097 326 4156 minis
340 4098 583 4175 adjuramentum
598 4120 615 4158 a
629 4101 789 4160 latronibus
803 4101 906 4177 edocti,
923 4103 959 4161 de
973 4100 1178 4179 redemptionis
1188 4103 1281 4179 pretio
1292 4102 1443 4180 solvendo,

239 4177 290 4252 qui
304 4177 352 4236 vel
362 4177 460 4252 jurare
474 4198 532 4236 uon
546 4179 642 4252 debet,
657 4181 705 4240 vel
717 4181 911 4257 jurameutum
928 4182 1035 4242 factum
1049 4181 1184 4258 religiose
1199 4181 1363 4256 observare,
1376 4183 1446 4259 quis

234 4255 431 4332 juramentum
447 4255 553 4315 factum
568 4267 613 4317 est
629 4260 691 4318 Deo
706 4260 757 4337 qui
770 4280 828 4319 uon
842 4260 986 4320 irridetur.
1009 4265 1036 4320 2.
1048 4261 1114 4320 Nou
1128 4261 1290 4320 factumest
1305 4261 1443 4339 simplici·

239 4343 283 4394 ter
297 4335 333 4393 eb
347 4335 448 4410 invito,
465 4337 516 4395 sed
530 4345 575 4396 est
589 4338 665 4398 ectio
679 4341 780 4415 mixte,
795 4339 826 4397 in
840 4359 898 4417 qua
911 4339 1020 4418 aliquid
1041 4349 1086 4400 est
1100 4341 1264 4414 voluntarii,
1280 4341 1349 4417 quia
1370 4342 1445 4401 inter

238 4415 368 4491 pecuniae
379 4415 559 4492 solutionem,
571 4425 600 4476 et
608 4418 677 4476 vites
691 4418 917 4496 redemptionem
929 4419 1011 4496 eligit
1025 4419 1056 4477 id
1064 4418 1143 4497 quod
1154 4428 1198 4479 001
1206 4420 1319 4478 melius.
1342 4423 1370 4479 3.
1384 4421 1445 4480 Res

237 4495 380 4570 promissa
394 4502 438 4554 001
451 4497 599 4572 possibilis
614 4505 643 4556 01
656 4497 778 4575 private,
795 4499 841 4557 cui
861 4499 964 4575 religio
984 4507 1014 4558 et
1028 4499 1135 4558 veritas
1158 4517 1270 4578 semper
1283 4507 1329 4558 est
1342 4499 1443 4576 pracfe-

238 4573 337 4632 renda.
379 4573 442 4633 Nee
463 4575 626 4650 dicendum,
644 4577 685 4636 sic
699 4577 851 4636 latrocinia
864 4585 893 4637 01
911 4579 1027 4656 rapinas
1041 4579 1173 4654 stabiliri,
1189 4579 1214 4638 si
1227 4578 1333 4638 latroni
1348 4579 1444 4638 solve·

237 4659 293 4727 tur,
309 4652 388 4729 quod
402 4653 432 4712 vi
448 4654 578 4714 extorsit.
621 4653 696 4729 Quin
709 4656 764 4715 hoc
784 4657 818 4716 fit
832 4677 883 4735 per
904 4656 1047 4734 accidens,
1063 4677 1129 4716 nem
1143 4658 1239 4717 viator
1262 4659 1313 4736 qui
1322 4658 1444 4736 juravit,
