3150 5206
266 363 324 422 ‘226
698 385 788 426 cocus
803 385 1003 426 nuonscmue.
1293 361 1407 442 [Quam.
1421 381 1444 419 r.

265 519 402 598 clarioris,
424 523 580 602 amplioris,
606 530 636 584 et
659 523 827 598 efficacioris
848 525 1091 586 manifestationis
1116 523 1225 602 gratim,
1251 522 1316 600 quia
1329 521 1446 598 abrogata
1537 519 1538 522 ’

264 599 438 680 pedagogia
451 604 548 682 legali,
563 623 628 682 quae
642 604 763 682 rigidior
776 613 846 680 erat,
861 613 891 664 et
905 605 1019 664 sublato
1029 605 1103 682 jugo
1117 603 1273 680 &candary
1282 600 1444 662 Caremonia-

265 699 337 756 rum,
353 701 411 760 quo
425 686 629 762 premebantur
643 685 740 762 quoad
760 693 910 744 externam
924 683 1179 763 dispensationem,
1205 683 1324 761 gratiam
1338 687 1365 740 et
1376 681 1445 739 benc·
1537 737 1538 794 ,

265 761 423 823 volentiam
438 765 495 824 Dei
508 765 539 824 in
553 764 668 824 Christo
681 765 769 842 longe
784 764 961 824 luculentius
975 765 1149 842 experimur.

303 839 433 904 XXXI.
469 845 543 905 Cum
566 843 708 904 Diabolus
722 843 830 903 nullam
846 849 1018 922 potestatem
1041 843 1148 904 habeat
1164 843 1195 902 in
1208 840 1348 902 hominem
1361 837 1449 898 nisiex

264 931 391 1000 peccato,
406 925 456 984 vel
469 925 580 985 ratione
594 933 690 984 reatus
698 943 764 983 eum
778 923 942 983 accusando
955 943 1053 983 coram
1067 924 1141 998 Deo,
1166 923 1216 981 vel
1232 921 1339 981 ratione
1353 915 1449 978 mant

264 1021 330 1062 eum
344 1005 491 1082 tentando,
514 1013 543 1064 et
557 1004 612 1064 sub
623 1011 700 1065 statu
721 1004 833 1082 peccati
857 1002 1022 1080 detinendo,
1048 1004 1097 1063 vel
1111 1003 1222 1062 ratione
1239 1015 1446 1080 patremmeum

266 1081 420 1162 affligendo
441 1091 470 1146 et
483 1083 653 1161 torquendo,
669 1103 707 1143 ex
716 1083 839 1161 J‘ustitiee
854 1083 910 1142 Dei
931 1084 1044 1143 ultricis
1066 1083 1183 1143 ordine:
1207 1082 1273 1141 Non
1292 1087 1381 1159 potest
1393 1094 1446 1168 vem

265 1161 355 1222 asseri
370 1163 472 1224 Patres
485 1164 574 1223 trisse
592 1163 686 1223 adhuc
700 1163 754 1222 sub
772 1169 915 1241 potestate
936 1162 1071 1222 Diaboli:
1093 1163 1166 1222 Cum
1184 1170 1214 1222 et
1228 1182 1246 1221 a
1258 1169 1337 1221 reatu
1355 1165 1447 1238 peccat

264 1238 379 1302 liberati
392 1243 499 1303 firerint
512 1263 564 1321 per
574 1242 820 1321 justificationem,
836 1251 865 1302 et
878 1243 915 1302 sb
927 1243 990 1320 ejus
1004 1243 1132 1302 dominio
1142 1262 1194 1321 per
1204 1239 1446 1308 sanctificationem,

235 1387 236 1391 ,
265 1328 294 1381 et
307 1341 326 1380 a
338 1323 431 1398 poenis
446 1322 519 1382 illud
533 1322 777 1399 consequentibus
790 1341 842 1400 per
856 1322 965 1382 Christi
979 1322 1215 1400 redemptionem,
1236 1329 1265 1382 et
1278 1321 1337 1379 vim
1349 1315 1446 1377 federis

266 1400 384 1460 Gratiae.
427 1402 510 1462 Licet
524 1421 594 1461 vero
608 1410 758 1480 peccatum
778 1401 908 1462 nondum
930 1411 1007 1462 esset
1032 1403 1182 1478 abolitum,
1197 1401 1229 1461 id
1253 1409 1306 1476 est,
1321 1399 1448 1476 expiatum

264 1481 371 1540 actuali
384 1479 549 1560 expiatione
560 1501 611 1559 per
626 1481 781 1557 Christum,
796 1482 852 1542 furit
865 1489 962 1541 tamen
981 1482 1122 1541 abolitum
1143 1489 1278 1559 respectu
1292 1477 1447 1539 credentium

263 1577 316 1638 per
330 1559 551 1638 Remissiouem,
567 1561 650 1630 exyi
669 1561 867 1622 translationis
881 1563 944 1640 ejus
961 1561 992 1620 in
1007 1562 1190 1640 sponsorem,
1214 1569 1244 1620 et
1260 1553 1448 1621 satisfactionis

262 1641 417 1720 peripsum
428 1641 540 1718 fictura,
553 1642 615 1720 jam
629 1661 804 1702 concessam.
833 1641 920 1702 Unde
930 1641 999 1701 licet
1008 1641 1135 1719 potuerit
1145 1641 1281 1701 fidelibus
1294 1637 1447 1717 exprobrare

262 1731 413 1800 peccatum
427 1742 520 1799 suum,
536 1729 689 1782 attentare
702 1723 759 1782 hoc
773 1723 908 1800 scrupulo
928 1723 1056 1800 ipsorum
1071 1721 1271 1796 conscientias,
1287 1727 1319 1780 ut
1332 1717 1395 1777 lacit
1406 1713 1446 1774 ad·

262 1801 321 1861 huc
334 1803 472 1880 quotidie,
487 1823 546 1862 non
559 1803 654 1882 potuit
668 1811 765 1862 tamen
779 1803 810 1862 in
824 1802 904 1881 ipsos
917 1809 1069 1880 propterea
1081 1800 1235 1879 imperium
1250 1801 1381 1872 obtinere,
1393 1793 1448 1872 quia

262 1880 346 1942 facile
360 1892 516 1960 potuerunt
529 1883 717 1943 tentationem
735 1883 815 1941 illam
841 1901 975 1960 superare
989 1889 1019 1942 et
1037 1881 1251 1941 accusationem
1277 1879 1406 1958 repellere
1418 1891 1448 1932 cx

262 1961 320 2021 fide
334 1962 536 2040 Redemptoris
550 1963 621 2040 ipsis
635 1963 777 2040 promissi,
793 1970 823 2021 et
833 1961 933 2040 gratiae
944 1961 1104 2040 peripsum
1118 1960 1293 2020 obtinendas.
1334 1955 1410 2034 Quod
1418 1970 1448 2012 tx

261 2040 368 2102 illustri
381 2043 482 2102 Josuae
496 2050 590 2102 totum
603 2042 741 2119 populum
760 2041 993 2119 repraesentantis
1012 2041 1145 2119 exemplo
1164 2040 1266 2118 colligi
1276 2045 1368 2118 potest
1385 2029 1448 2113 apud

262 2121 350 2180 Zach.
359 2122 400 2182 iii.
410 2125 435 2197 l,
444 2125 471 2196 2,
478 2121 529 2180 ubi
534 2121 603 2180 dum
612 2121 634 2180 J
635 2140 714 2180 osuse
721 2119 908 2198 justificando
914 2120 1061 2180 adstitisse
1066 2121 1173 2180 dieitur
1182 2121 1221 2179 ad
1228 2121 1358 2180 dextram
1365 2117 1447 2186 Satan,

262 2208 295 2259 ut
309 2200 365 2278 ipsi
379 2200 582 2260 adversaretur
594 2207 732 2277 tanquam
746 2208 904 2276 accusator,
925 2201 1019 2260 Filius
1041 2201 1097 2260 Dei
1112 2199 1292 2279 Redemptor
1304 2206 1396 2258 noster
1407 2211 1447 2250 ve·

260 2298 311 2338 rus
325 2281 347 2338 J
348 2279 441 2338 ehova
454 2299 506 2356 pro
520 2299 555 2338 eo
568 2285 701 2358 potenter
718 2280 878 2356 intercedit,
894 2280 1015 2359 ejusque
1040 2301 1156 2340 eausam
1175 2281 1239 2358 agit
1257 2280 1392 2339 adversus
1403 2271 1448 2332 ini-

261 2377 351 2436 quum
366 2359 582 2435 Accusatorem,
598 2359 657 2418 imo
671 2361 775 2419 acriter
793 2379 859 2420 eum
873 2360 1017 2439 objurgat,
1034 2362 1165 2440 nihilque
1170 2360 1248 2437 juris
1259 2360 1290 2418 in
1306 2360 1394 2438 ipsum
1406 2355 1448 2412 ha·

259 2437 329 2497 bere
343 2437 467 2515 amplius
480 2437 565 2498 docet
578 2445 695 2517 propter
706 2439 763 2499 Dei
773 2439 943 2499 electionem
954 2448 983 2499 et
996 2441 1234 2518 redemptionem,
1245 2459 1297 2520 per
1310 2441 1391 2517 quam
1400 2433 1448 2494 lac·

260 2524 308 2578 tus
322 2517 360 2577 sit
373 2526 406 2576 ut
417 2518 477 2576 titio
490 2527 601 2596 ereptae
614 2539 651 2578 ecc
664 2520 727 2596 ipsc
740 2539 799 2578 non
813 2519 899 2578 modo
910 2521 1087 2598 captivitatis
1102 2520 1301 2598 Babylonica,
1313 2518 1363 2578 sed
1375 2524 1402 2576 et
1413 2513 1448 2571 iu-

259 2597 385 2674 lemelia,
401 2597 484 2675 cujus
498 2596 549 2656 illa
558 2599 653 2678 potuit
667 2619 730 2660 esse
744 2608 840 2678 typus,
855 2601 987 2678 Increpet
1000 2609 1033 2677 te,
1049 2601 1174 2675 oscas,
1192 2601 1333 2660 Dominae
1345 2598 1448 2668 Jclovc,

260 2679 311 2757 qui
334 2681 497 2738 Jerusalem
519 2681 606 2757 clepit,
628 2701 719 2740 nonne
732 2681 776 2740 aa
796 2689 837 2740 eat
857 2681 916 2740 titio
943 2690 1074 2759 eceman
1100 2701 1137 2740 cx
1155 2681 1244 2757 ipae!
1298 2679 1392 2756 Atque
1416 2673 1450 2732 itt

260 2766 373 2819 tantum
398 2759 488 2835 abest,
511 2767 545 2819 ut
572 2761 635 2838 ejus
657 2759 794 2838 potestati
821 2759 852 2819 in
873 2761 1043 2821 accusandis
1061 2760 1197 2822 fidelibus
1220 2759 1339 2820 Veteris
1361 2757 1448 2816 Testa·

259 2839 349 2900 meuti
363 2839 521 2918 suffragata
538 2839 623 2900 fuerit
637 2839 737 2900 divina
746 2841 877 2916 Iustitia,
893 2849 926 2901 ut
933 2841 1135 2918 gravissimam
1149 2848 1179 2899 et
1198 2837 1296 2900 Patris
1309 2835 1417 2899 Judicis
1426 2837 1450 2891 et

260 2919 329 2979 Filii
346 2919 500 2999 Sponsoris
514 2921 651 2981 meruerit
664 2919 899 2999 increpationem,
918 2928 952 2979 ut
966 2920 1073 2998 optime
1090 2920 1271 2980 demonstrat
1289 2919 1325 2978 R.
1340 2925 1368 2978 et
1381 2912 1449 2974 Cela

257 2999 318 3059 ber.
339 3001 541 3060 Leidccclccrsoe
562 3001 755 3079 supracitato
775 3000 881 3075 Libro;
904 3000 942 3058 ad
964 3019 1050 3077 quem
1069 2999 1232 3060 studiosum
1254 3001 1400 3059 Lectorem
1412 3009 1450 3051 rc·

257 3079 406 3157 mittimus,
423 3081 448 3140 si
462 3080 527 3158 quis
541 3079 666 3140 voluerit
679 3080 849 3158 penitiorem
863 3079 995 3138 notitiam
1009 3079 1098 3139 totius
1114 3079 1198 3138 istius
1210 3075 1415 3139 Controversia
1427 3077 1452 3131 et

257 3155 425 3220 caterhrum
438 3161 496 3219 huc
509 3160 715 3240 pertinentium
729 3159 853 3237 assequi,
869 3178 942 3237 quas
963 3157 1019 3217 Vir
1034 3159 1084 3218 ille
1106 3158 1302 3219 Doctissimus
1316 3152 1451 3236 sip'llatim

256 3247 286 3299 et
301 3239 393 3298 solide
411 3246 576 3316 pertractat.

297 3317 446 3376 XXXII.
467 3318 567 3394 Atque
589 3337 627 3376 ex
640 3317 695 3393 hie,
711 3335 747 3376 ue
780 3317 845 3377 lura
861 3318 923 3395 jam
938 3317 1087 3394 addamus,
1103 3318 1173 3378 satis
1186 3324 1276 3396 patet,
1292 3317 1362 3398 qnid
1376 3309 1451 3376 senti·

256 3395 363 3457 endum
387 3396 426 3455 sit
449 3394 485 3453 de
507 3401 586 3455 statu
608 3395 727 3455 Patrum
779 3397 865 3457 eteris
889 3397 1106 3474 Testamentati,
1130 3397 1218 3457 lauisse
1243 3399 1354 3458 scilieet
1376 3393 1451 3466 filios,

255 3473 386 3553 ejusdem
399 3473 519 3552 proinde
534 3474 665 3534 Foederis
680 3475 789 3534 Gratiae
813 3483 843 3535 et
862 3477 990 3536 omnium
1009 3481 1072 3556 ejus
1084 3477 1292 3540 beneficiorum
1305 3475 1452 3550 cautisque

254 3554 407 3614 nobiscum
430 3552 601 3631 participes;
628 3553 687 3614 Sed
709 3553 786 3614 filios
807 3555 903 3616 adhuc
927 3557 1118 3635 minorennes,
1135 3558 1202 3618 Gal.
1224 3557 1265 3617 ir.
1291 3563 1320 3636 2,
1335 3556 1385 3636 qui
1405 3567 1452 3610 net

253 3633 386 3693 notitiam
399 3641 429 3693 et
453 3651 577 3708 sensum,
592 3651 646 3694 neo
663 3653 749 3694 usum
772 3635 890 3714 plenum
910 3636 1052 3698 bonorum
1066 3657 1183 3699 suorum
1196 3638 1379 3712 habueram
1408 3625 1453 3691 sed

253 3713 305 3792 qui
318 3712 428 3772 duriter
440 3712 532 3772 instar
545 3731 694 3774 servorum
705 3723 773 3775 sunt
781 3715 874 3776 habiti
888 3717 942 3776 sub
952 3717 1236 3798 paedagogialegal13
1259 3717 1302 3779 Ut
1315 3717 1357 3778 ita
1370 3719 1453 3776 status

253 3793 381 3873 ipsorum
405 3814 423 3853 a
445 3801 544 3854 nostro
568 3793 690 3871 differat,
713 3814 773 3854 non
794 3793 890 3874 quoad
911 3815 973 3856 rem
995 3797 1096 3876 ipsam,
1120 3807 1150 3858 et
1167 3798 1307 3857 doctrinae
1329 3788 1453 3856 sauata

253 3873 416 3949 essentiam,
432 3893 497 3952 quse
510 3875 663 4014 utrobiqqe
683 3874 785 3934 eadem
798 3875 861 3951 fuit,
877 3877 929 3936 sed
942 3878 1039 3956 quoad
1052 3878 1175 3957 gradum
1188 3887 1218 3938 et
1231 3877 1379 3936 diversum
1401 3871 1452 3962 di?-

253 3953 430 4034 pausationis
443 3953 570 4015 modum.
641 3965 643 3968 '
663 3974 721 4033 qua
734 3955 926 4034 simplicitate,
941 3977 1006 4036 qua
1030 3957 1144 4019 abunde
1158 3957 1196 4016 ad
1210 3957 1333 4017 salutem
1347 3951 1452 4024 sufflat

252 4034 492 4112 acquiescendum
513 4035 597 4095 nobis
616 4043 768 4114 putamus;
800 4036 873 4095 nihil
892 4046 926 4098 ut
945 4057 1018 4117 opus
1039 4038 1077 4099 sit
1096 4037 1218 4097 ulterius
1238 4057 1270 4098 se
1289 4035 1409 4114 fatigare
1427 4029 1454 4086 1¹1

252 4114 412 4175 enodandis
425 4115 514 4175 variis
527 4115 736 4194 questionibus
755 4116 851 4177 minus
870 4118 1050 4194 necessariis,
1072 4137 1137 4196 qua
1157 4119 1205 4177 hic
1225 4117 1337 4177 moveri
1357 4113 1452 4181 solent

253 4213 319 4272 qua
342 4195 422 4274 pacis
445 4195 594 4256 vinccdum
618 4204 740 4274 possunt
763 4197 864 4256 abram
885 4217 941 4275 ere,
965 4207 995 4259 et
1014 4197 1133 4258 fratrum
1149 4195 1260 4258 animos
1273 4197 1304 4255 in
1318 4185 1453 4256 conuerte

254 4273 351 4336 studia
364 4275 503 4354 scindere,
518 4295 625 4356 magno
639 4295 705 4336 cum
718 4275 831 4355 piorum
846 4217 1028 4355 odendiculo,
1044 4286 1074 4338 et
1086 4277 1155 4338 fidei
1168 4277 1351 4339 detrimento.
