3152 5198
112 405 231 455 conss.
255 384 313 465 un]
567 401 605 441 nr.
626 401 882 444 susrrrrcsrrosr..
1126 385 1130 394 '
1267 391 1323 450 601

118 545 301 620 transeuntis,
318 543 369 622 qui
382 563 400 602 a
415 543 477 601 Deo
492 543 590 617 oritur,
606 551 636 601 et
650 544 753 604 transit
768 565 802 602 ac
816 545 986 604 terminatur
1006 543 1036 602 in
1051 544 1198 622 Creatura,
1221 568 1280 608 non
1294 559 1327 610 ut

116 626 277 704 subjective
292 625 336 682 illi
349 623 496 698 iuhaereat,
512 631 544 682 ut
555 623 657 682 volunt
667 643 817 702 perperam
832 624 985 699 Pontificii,
998 625 1067 701 quia
1080 625 1135 684 hoc
1149 627 1274 704 pertinet
1288 629 1326 687 ad

117 705 390 779 sanctificationem
413 702 464 762 sed
478 711 510 762 ut
527 703 570 760 illi
585 703 738 780 adhaereat,
754 713 784 764 et
798 712 929 763 creatura
942 704 1018 763 circa
1038 705 1121 764 illum
1135 707 1280 784 objectiva
1295 729 1325 768 se

116 788 229 861 habeat,
246 785 315 843 dum
328 783 372 841 illi
385 803 437 860 per
453 783 589 860 Spiritum
608 784 745 843 Sanctum
755 783 905 842 intimatur
915 784 1057 844 sententia
1071 787 1256 846 absolutoria.
1294 789 1326 848 Si

118 867 212 944 gratia
225 865 331 924 dicitur
352 863 435 922 nobis
463 862 531 931 data
558 863 589 920 iu
604 863 718 922 Christo
743 873 810 924 ante
830 873 960 941 tempora
974 865 1122 942 secularia,
1139 871 1156 924 2
1172 867 1246 926 Tim.
1262 868 1281 926 i.
1297 872 1324 944 9,

118 947 228 1006 ratione
257 943 454 1018 destinationis,
470 943 539 1018 quia
562 943 599 1001 ab
627 953 734 1002 aeterno
763 944 844 1002 Deus
858 944 987 1003 decrevit
1014 944 1094 1002 illam
1114 947 1198 1006 nobis
1213 947 1281 1007 dare
1296 949 1326 1006 in

119 1035 265 1104 tempore3
289 1025 355 1082 Non
383 1023 513 1099 sequitur
535 1043 620 1101 posse
635 1023 693 1081 dici
714 1025 776 1102 jam
799 1025 934 1083 collatam
959 1023 1061 1102 reipsa,
1078 1027 1146 1101 quia
1169 1027 1325 1087 Decretum

120 1106 189 1164 lacit
199 1105 325 1182 quidem,
352 1111 385 1162 ut
405 1112 484 1161 certo
509 1111 538 1162 et
559 1103 750 1162 infallibiliter
758 1105 809 1180 jus
824 1104 966 1162 advitam
981 1104 1138 1164 debeamus
1152 1107 1281 1166 obtinere
1295 1109 1326 1166 in

119 1195 255 1262 tempore,
272 1183 395 1242 sednon
410 1191 442 1241 ut
456 1193 522 1242 actu
536 1183 608 1241 illud
619 1184 682 1261 jam
696 1183 826 1242 dicamur
836 1183 985 1242 obtinere:
1005 1183 1074 1243 lacit
1095 1194 1128 1245 ut
1142 1187 1231 1246 simus
1239 1188 1324 1265 justi-

119 1265 232 1340 ficandi,
249 1263 373 1322 sednon
386 1272 419 1321 ut
433 1263 523 1321 simus
533 1264 594 1339 jam
605 1263 765 1341 justificati.

423 1343 495 1402 VII.
521 1342 579 1400 Sed
602 1351 635 1402 ut
655 1344 825 1420 justificatio
852 1363 911 1401 ιιοιι
934 1351 1031 1420 potest
1054 1346 1168 1423 concipi
1189 1345 1266 1405 facta
1289 1349 1326 1406 ab

383 1431 490 1481 aeterno
504 1431 571 1481 ante
586 1423 702 1499 secula;
737 1425 782 1482 Ita
801 1443 856 1482 nec
870 1423 957 1482 debet
971 1422 1079 1481 differri
1093 1425 1132 1483 ad
1145 1446 1325 1486 consumma·

383 1503 491 1562 tionem
516 1502 614 1577 seculi,
640 1511 672 1561 ut
696 1503 746 1561 elii
769 1504 886 1578 vellent,
902 1504 986 1580 quasi
999 1513 1068 1564 tunc
1083 1503 1198 1564 demum
1213 1508 1326 1584 proprie

118 1595 213 1648 actum
223 1585 333 1660 judicis
348 1591 481 1642 exerceat
496 1583 585 1658 Deus,
601 1592 662 1642 tum
677 1583 708 1641 in
721 1583 901 1642 absolutione
915 1583 1053 1658 fidelium,
1070 1591 1132 1642 tum
1146 1585 1176 1643 in
1191 1587 1325 1645 condem-

119 1666 234 1724 natione
249 1665 411 1742 impiorum.
435 1663 484 1721 Sic
495 1664 571 1721 enim
583 1683 732 1740 perperam
746 1663 932 1722 confunditur
945 1665 1101 1722 declaratio
1107 1667 1324 1744 justificationis,

119 1765 184 1803 cum
211 1745 274 1821 ipsa
294 1743 503 1822 justificatione.
560 1742 699 1817 Quamvis
723 1744 800 1802 enim
821 1743 947 1802 scelestis
974 1743 1084 1818 ludex,
1110 1755 1172 1804 tum
1195 1765 1327 1806 sessurus

119 1825 224 1884 dicitur
238 1825 268 1882 in
282 1825 399 1882 Throno
410 1823 519 1899 gloriae,
531 1831 564 1880 ut
574 1822 708 1882 ultImum
722 1832 818 1882 actum
828 1823 934 1898 judicii
948 1824 1095 1882 solennem
1110 1836 1251 1901 exerceat,
1267 1836 1326 1885 tam

118 1905 148 1962 iu
159 1906 260 1982 gratia,
271 1924 357 1982 quam
368 1903 399 1960 in
408 1902 533 1978 justitia,
543 1903 574 1960 in
586 1911 742 1980 conspectu
752 1904 824 1962 Cocli
835 1912 865 1962 et
873 1904 982 1980 Terram
1000 1903 1065 1962 Hoc
1076 1925 1133 1962 nou
1145 1907 1241 1965 obstet
1255 1927 1325 1984 quo-

119 1985 213 2044 minus
230 1987 292 2060 jam
308 1985 339 2042 in
357 1983 412 2041 hac
433 1982 495 2040 vita
512 1982 656 2056 judicium
675 1983 754 2042 Istud
775 1983 973 2059 inchoaverit3
996 1983 1060 2042 Imo
1082 1985 1137 2044 hoc
1165 1989 1327 2047 necessario

120 2065 348 2142 supponendum,
364 2083 429 2123 cum
443 2063 577 2122 altimum
596 2063 674 2122 istud
684 2063 828 2138 judicium
845 2063 918 2122 nihil
939 2063 1018 2122 aliud
1033 2063 1078 2138 sit,
1094 2085 1180 2142 quam
1191 2067 1326 2126 manifes-

121 2145 191 2203 tatio
205 2145 321 2222 publica
334 2152 364 2203 et
378 2143 505 2202 solennis
518 2142 751 2220 precedentium.
794 2144 833 2202 Et
854 2153 886 2201 ut
901 2145 1009 2220 passim
1032 2145 1180 2222 Scriptura
1193 2149 1327 2224 proponit

120 2225 203 2283 nobis
214 2225 347 2303 exempla
360 2223 382 2282 J
384 2223 543 2282 udiciorum
560 2223 616 2281 Dei
629 2233 687 2282 tum
696 2223 877 2300 publicorum
888 2243 973 2302 quam
988 2223 1165 2301 privatorum
1180 2226 1210 2284 in
1225 2227 1328 2304 impios

118 2315 148 2363 et
175 2304 307 2379 rebelles,
333 2303 429 2380 qualia
453 2301 569 2362 fuerunt
597 2303 747 2378 diluvium,
775 2302 909 2362 Sodomae
923 2303 1089 2379 destructio,
1116 2305 1327 2384 AEgyptiorum

122 2385 273 2443 subversio
287 2391 316 2442 et
341 2382 462 2458 similia,
488 2403 553 2459 quae
577 2383 615 2441 ad
637 2403 731 2442 meras
745 2382 950 2460 castigationes
965 2384 1031 2460 Dei,
1046 2384 1083 2442 ad
1098 2386 1327 2446 emendationem

121 2474 151 2522 ct
165 2463 287 2522 salutem
302 2483 398 2521 eorum
413 2462 519 2539 quibus
532 2462 694 2522 inferuntur
705 2463 864 2538 tendentes,
879 2462 994 2539 referre,
1010 2474 1054 2522 est
1068 2467 1157 2525 totius
1173 2467 1328 2544 Scriptura

122 2544 188 2602 voci
202 2542 347 2621 refragari,
378 2551 406 2601 et
427 2550 533 2602 temere
559 2543 733 2603 confundere
755 2543 960 2620 castigationes
974 2543 1161 2604 medicinales
1188 2545 1325 2622 fideIIum,

121 2644 218 2701 qusea
241 2624 304 2682 Deo
326 2631 358 2682 ut
382 2623 468 2682 Patre
492 2623 676 2682 misericorde
700 2624 758 2682 illis
782 2623 819 2681 ad
848 2629 949 2678 curtils.
962 2624 1164 2700 immittuntur,
1180 2646 1245 2684 cum
1260 2646 1326 2704 sup-

120 2703 214 2781 pliciis
229 2704 390 2780 impiorum,
405 2723 470 2780 quae
485 2723 503 2760 a
517 2703 589 2778 Deo,
606 2711 638 2762 ut
652 2703 758 2762 Judice
773 2705 855 2777 Irato,
878 2703 914 2760 ad
930 2712 1038 2777 τιμωρίαι
1060 2711 1089 2762 et
1105 2703 1264 2763 vindictam
1279 2725 1326 2765 su-

120 2785 253 2842 mendam
268 2783 304 2842 de
324 2803 421 2842 eorum
436 2783 571 2859 peccatis,
587 2783 766 2860 infliguntur,
780 2783 857 2859 quod
876 2782 1016 2841 hactenus
1040 2784 1201 2842 inauditum
1222 2785 1277 2843 fuit
1296 2786 1327 2844 in

122 2865 237 2923 Scholia
262 2863 467 2941 Theologicis;
491 2863 538 2921 Ita
560 2863 704 2941 hospitem
732 2864 817 2940 plene
842 2870 955 2940 oportet
970 2881 1033 2920 esse
1057 2865 1088 2922 in
1104 2865 1259 2941 Scriptura,
1276 2867 1327 2943 qui

120 2944 241 3021 ignoret,
256 2945 350 3002 Deum
364 2943 486 3020 proponi
501 2961 576 3020 saepe
591 2953 623 3001 ut
632 2943 841 3018 justificantem
853 2942 953 3001 fideles
973 2942 1003 2999 iu
1017 2945 1072 3003 hac
1086 2943 1155 3018 vita,
1170 2952 1203 3003 ut
1218 2946 1326 3022 passim

120 3033 199 3102 patet
223 3024 365 3100 exemplis
389 3022 559 3094 Abrahami,
585 3023 659 3082 Gen.
683 3044 734 3081 xv.
750 3026 777 3098 6,
803 3022 935 3096 Davidis,
956 3021 1034 3083 Psal.
1063 3023 1157 3081 xxxii.
1188 3027 1213 3098 1,
1243 3029 1270 3100 2,
1297 3030 1324 3100 5,

121 3104 205 3164 Rom.
227 3105 267 3162 iv.
293 3105 320 3178 6,
344 3107 371 3178 l,
394 3102 576 3178 Peccatricis,
601 3103 672 3162 Luc.
694 3104 743 3162 vii.
762 3105 810 3178 48,
835 3102 994 3174 Publiceni,
1022 3105 1093 3162 Luc.
1118 3104 1199 3162 xviii.
1226 3109 1272 3178 14,
1298 3117 1327 3165 et

119 3186 247 3244 omnium
266 3184 403 3258 fidelium,
431 3183 515 3241 Rom.
530 3203 560 3241 v.
583 3185 608 3242 l.
651 3183 695 3242 Ne
713 3185 776 3260 jam
790 3183 884 3242 dicam
905 3186 1078 3243 seutentiam
1092 3184 1176 3242 istam
1191 3185 1326 3262 injuriam

118 3285 181 3324 esse
201 3263 391 3324 consolationi
409 3263 547 3337 fidelium,
563 3282 627 3340 quar
642 3283 700 3321 non
714 3263 830 3322 aliunde
845 3261 951 3322 certius
966 3263 1063 3339 oritur,
1086 3283 1173 3340 quam
1188 3285 1224 3323 ex
1240 3284 1327 3324 sensu

120 3345 220 3422 gratiae
236 3345 291 3404 Dei
314 3352 343 3403 et
353 3343 571 3417 justificationis
599 3363 668 3403 suae.
711 3343 862 3418 Quomodo
885 3343 959 3402 enim
975 3343 1046 3403 alias
1061 3343 1205 3421 fiduciam,
1218 3345 1248 3402 in
1269 3365 1327 3422 qua

119 3433 236 3502 propter
244 3423 482 3498 justificationem
497 3442 577 3481 suam
594 3423 756 3500 gloriantur
772 3430 801 3482 et
815 3423 955 3498 exultant,
971 3431 1000 3482 et
1014 3445 1084 3502 pace
1098 3445 1131 3482 ac
1147 3425 1254 3501 gaudio
1265 3437 1328 3481 turs·

118 3513 218 3573 anates
233 3504 373 3579 fruuntur,
389 3503 494 3562 habere
509 3506 654 3579 possunt?

119 3623 165 3668 sat
176 3621 206 3668 fl,
217 3626 241 3668 ,n
253 3623 298 3670 hae
310 3625 360 3669 „u
422 3583 513 3642 VIII.
536 3583 629 3642 MIssa
643 3603 712 3660 ergo
736 3584 879 3642 sententia
899 3583 962 3658 ista,
978 3585 1103 3644 mediam
1118 3586 1326 3663 amplectimur,

148 3683 360 3785 ibcmimm
381 3683 445 3801 iprae
464 3663 568 3802 tstatuit
582 3663 833 3800 iustificam
847 3663 909 3801 fielii
930 3664 961 3721 in
974 3665 1029 3725 hac
1056 3666 1168 3804 busin
1183 3677 1328 3804 msoprtento

242 3770 249 3782 ·
411 3763 463 3801 oca
477 3762 582 3801 tonrse
613 3763 689 3801 cacrs
733 3762 765 3800 cr
798 3763 864 3802 uam
900 3764 966 3802 omo
1000 3767 1067 3804 ecca
1099 3765 1114 3803 r
1141 3765 1234 3804 ranse
1263 3766 1328 3803 ura

120 3829 196 3880 statu
218 3823 327 3898 peccati
349 3823 386 3881 ad
401 3831 507 3882 statum
533 3823 641 3898 gratiae,
658 3763 804 3882 et⁷1inittilr
828 3823 944 3882 Christo
970 3766 1064 3901 (Iepiti
1092 3844 1145 3883 suo
1168 3845 1218 3900 per
1231 3824 1326 3882 fidem.

122 3901 201 3958 Hinc
212 3902 287 3958 enirn
298 3902 339 3975 fit,
355 3911 386 3960 ut
395 3902 509 3977 justitia
519 3903 626 3961 Christi
635 3903 678 3960 illi
689 3903 846 3979 imputetur
857 3923 874 3961 e
886 3903 957 3976 Dec,
974 3905 1057 3978 cujus
1071 3902 1172 3962 merito
1182 3922 1233 3979 per
1242 3902 1328 3961 fidem

118 3979 298 4056 apprehenso
312 3981 473 4040 absolvitur
486 4001 504 4040 a
517 3983 643 4059 peccatis
658 3983 726 4057 suis,
752 3991 781 4040 et
791 3982 842 4055 jus
857 3982 894 4040 ad
909 3985 998 4040 vitam
1010 3983 1215 4058 consequitur;
1239 4002 1326 4058 quam

119 4060 289 4118 senteutiam
305 4059 510 4119 absolutoriam
534 4062 658 4139 Spiritus
678 4065 709 4120 iu
730 4063 816 4121 corde
831 4063 1009 4139 pronunciat,
1025 4081 1113 4138 quum
1138 4061 1187 4136 ait,
1213 4062 1328 4136 Confido

111 4140 169 4216 Jtli,
186 4140 302 4198 retunsa
315 4148 381 4199 aunt
395 4141 443 4198 tihi
450 4151 570 4216 peccata
581 4155 637 4200 tau.

161 4219 221 4277 IX.
244 4220 335 4278 Porro
353 4219 525 4293 justificatio
550 4221 605 4280 ista
626 4220 820 4280 diversimode
849 4222 972 4298 spectari
997 4229 1101 4298 potest.
1146 4224 1171 4279 1.
1193 4222 1329 4280 Actiaca

118 4307 199 4376 parte
216 4299 271 4358 Dei
281 4299 452 4358 senteutiam
464 4300 669 4360 absolutoriam
683 4320 735 4378 pcr
747 4301 885 4378 Spiritum
901 4301 930 4359 in
950 4301 1035 4360 corde
1050 4301 1144 4359 fidelis
1158 4300 1326 4378 intimantis,

117 4387 147 4438 et
156 4378 337 4452 judicialiter
348 4399 385 4437 ex
400 4379 515 4439 Thrcno
530 4381 641 4456 gratiae,
658 4381 735 4438 Heb.
757 4382 797 4438 iv.
817 4386 860 4454 16,
884 4401 970 4458 super
984 4401 1037 4439 nos
1051 4381 1275 4458 pronunciantis,
1299 4393 1329 4440 ct

112 4459 226 4535 passive
247 4479 264 4518 a
289 4467 369 4537 parte
394 4459 493 4534 nostri,
519 4469 661 4536 quatenus
686 4460 858 4520 sententiam
886 4461 970 4520 istam
993 4461 1197 4520 absolutoriam
1222 4461 1252 4518 iu
1266 4461 1328 4519 soro

116 4537 301 4598 conscientiae
315 4559 367 4618 pcr
383 4538 521 4615 Spiritum
539 4541 568 4599 S.
585 4540 754 4614 intimatam,
770 4561 836 4599 cum
850 4540 916 4615 fide,
933 4541 1048 4618 gaudio,
1070 4549 1099 4599 et
1120 4540 1328 4617 gratititudinis

117 4620 323 4695 protestatione
338 4618 517 4678 admittimus
532 4627 561 4678 et
582 4619 764 4697 suscipimus.
1372 4625 1379 4638 '

159 4699 200 4758 X.
225 4699 367 4774 Secundo,
379 4701 574 4758 universaliter
584 4699 680 4776 quoad
691 4709 802 4774 atonem,
815 4720 903 4776 quum
913 4701 1035 4778 primum
1048 4701 1201 4778 recipImur
1211 4701 1240 4760 in
1252 4721 1328 4758 com--

119 1405 176 1449 Ilcu
204 1403 247 1448 fiet
263 1409 360 1448 tanturn

150 1465 281 1507 nertssimo
292 1461 337 1505 dic.
