3202 5194
136 351 254 403 111111.
269 331 348 414 1111]
661 350 701 390 na
715 350 792 392 1111
806 350 868 392 osi.
1284 337 1342 394 111.

6 459 7 518 1
136 493 232 554 libelli
252 492 375 572 repudii.
417 490 492 568 Quia
511 491 567 551 hoc
589 491 680 570 gratis
694 491 874 571 supponitur,
895 511 955 551 non
972 493 1118 570 probatur,
1141 513 1194 553 nec
1216 493 1349 554 facienda

139 575 190 633 vel
203 572 398 652 permittenda
412 581 479 632 sunt
492 572 640 632 sanctione
654 593 792 650 expressa
805 573 889 648 mala,
905 581 937 631 11
951 572 1087 632 eveniant
1100 574 1185 633 bona.

181 654 261 712 XII.
288 652 430 730 Secundo,
448 653 480 712 Si
493 671 588 712 usurae
602 653 733 713 absoluto
749 661 845 712 essent
859 652 976 728 illicitae,
989 653 1122 712 Christus
1136 655 1190 712 sub
1204 653 1347 714 111111111-

140 733 268 794 litudine
282 733 407 793 officium
421 733 569 811 spirituale
584 727 620 792 da
634 733 764 810 legitimo
779 733 951 792 talentorum
966 754 1021 793 usu
1031 753 1090 792 non
1103 742 1346 812 representasset,

140 814 250 872 Matth.
264 833 347 890 xxv,
364 813 424 872 siue
438 814 499 872 ulla
511 811 705 872 insinuatione
720 812 946 891 improbationis,
961 815 1075 890 qualern
1086 814 1116 872 in
1125 814 1190 873 aliis
1203 815 1349 892 parabolis

141 895 180 953 ab
194 913 251 953 usu
264 893 426 971 improbato
440 893 600 970 desumptis
621 892 733 952 solebat
753 892 898 968 adhibere,
914 901 946 952 ut
968 895 1038 953 Luc.
1054 895 1114 952 xvi.
1130 897 1158 954 8.
1201 894 1263 952 Nec
1276 895 1349 955 Jch.

141 974 284 1051 Baptista,
308 973 498 1050 Laetitia,
526 971 701 1032 Publicanos
725 973 776 1050 qui
799 981 877 1032 certo
901 973 993 1051 pretio
1008 974 1164 1051 vectigalia
1177 994 1195 1032 1
1209 975 1350 1034 Romanis

140 1052 349 1146 copduxerant,
369 1053 486 1130 juberet
505 1061 627 1130 tantum,
647 1061 760 1112 retenta
772 1053 841 1111 vitae
862 1053 1036 1129 conditione,
1051 1054 1124 1112 nihil
1144 1054 1220 1113 ultra
1234 1075 1350 1132 aequum

140 1154 189 1193 exi
211 1153 269 1192 ere.

184 1153 279 1273 lgllll.
301 1213 408 1289 Tertio,
426 1213 531 1273 Usuroe
545 1212 640 1272 omnis
653 1233 723 1272 usus
737 1233 791 1273 nec
807 1210 838 1271 in
853 1212 933 1292 Lege
953 1214 1130 1292 prohibetur,
1152 1234 1206 1273 nec
1220 1215 1350 1292 aequitati

142 1301 173 1352 et
185 1293 331 1352 honestati
344 1293 506 1352 intercedit.
549 1294 613 1352 Imo
637 1291 782 1369 firndatur,
809 1293 836 1353 1.
859 1293 895 1351 In
909 1296 1068 1353 nccecsitute
1089 1304 1116 1353 et
1133 1295 1258 1370 utilitate,
1281 1295 1351 1372 quia

143 1373 206 1433 sine
219 1374 315 1432 usuris
329 1393 388 1432 non
401 1380 525 1452 possunt
538 1373 695 1433 subsistere
709 1393 762 1432 nec
779 1374 908 1432 exerceri
921 1375 1101 1451 commercia,
1123 1394 1188 1451 quae
1205 1377 1352 1454 praecipua

143 1462 211 1512 sunt
226 1453 373 1512 societatis
386 1455 520 1513 humanae
534 1453 723 1512 firmamenta.
765 1453 815 1511 An
828 1473 898 1512 vero
912 1463 1008 1532 potest
1027 1455 1177 1532 injustitiae
1198 1456 1283 1532 argui
1303 1475 1350 1514 res

144 1533 206 1592 sine
220 1553 278 1611 qua
291 1553 350 1592 non
364 1542 460 1612 potest
470 1541 546 1594 stare
560 1533 687 1593 humana
701 1531 833 1608 societas,
849 1543 877 1594 at
891 1553 949 1610 qua
969 1535 1083 1594 sublata
1107 1544 1233 1594 cessaret
1257 1536 1351 1594 omnis

143 1613 292 1672 hominum
313 1613 472 1692 negotiatio
486 1622 516 1673 ct
536 1615 716 1673 mercatura?
737 1617 765 1672 2.
781 1614 818 1671 11
838 1615 968 1690 equitare
988 1616 1123 1691 naturali,
1146 1615 1215 1690 quia
1235 1634 1350 1692 aequum

144 1703 197 1768 est,
212 1703 245 1753 ut
259 1692 309 1772 qui
324 1694 505 1754 commodum
520 1693 641 1771 percipit
655 1713 693 1751 ex
716 1712 772 1752 sere
786 1693 889 1769 aliena,
908 1694 971 1771 ejus
990 1713 1104 1772 quoque
1123 1694 1292 1772 participem
1305 1693 1348 1751 sa-

144 1774 202 1832 ciat
215 1775 313 1849 alium,
329 1775 412 1852 cujus
426 1774 555 1832 subsidio
568 1775 624 1832 hoc
642 1772 824 1832 commodum
837 1774 967 1850 percipit,
990 1775 1020 1832 in
1034 1772 1161 1832 debitam
1182 1792 1350 1850 compensa·

143 1854 264 1916 tionem.
296 1858 325 1913 3.
341 1849 464 1931 In‘juata
475 1854 657 1930 gratitudine,
673 1872 739 1910 nam
754 1852 833 1930 quod
850 1853 923 1911 alter
940 1854 1006 1930 jure
1026 1853 1121 1928 debet,
1144 1852 1173 1911 id
1195 1853 1268 1912 alter
1284 1854 1351 1931 jure

144 1933 270 2011 accipit;
293 1941 323 1992 at
336 1935 387 2010 qui
400 1933 602 2013 compendium
616 1933 685 1991 facit
699 1952 736 1990 ex
751 1932 845 1991 alieno
859 1940 968 2008 mutuo,
985 1935 1050 2011 jure
1065 1933 1251 2010 gratitudinis
1264 1933 1352 1993 debet

144 2012 265 2091 aliquod
278 2010 419 2095 ὶπίὶυςιη
441 2015 463 2075 ,J
465 2035 499 2074 11
513 2014 590 2072 enim
604 2020 715 2072 naturae
729 2013 830 2089 exigit,
845 2019 878 2070 ut
892 2013 968 2089 grati
982 2013 1071 2072 simus
1086 2012 1122 2072 iis
1136 2013 1186 2090 qui
1200 2013 1285 2072 nobis
1299 2013 1348 2072 be-

144 2094 300 2171 nefaciunt,
323 2115 383 2154 non
405 2103 518 2154 1111111
532 2093 638 2169 verbis,
664 2092 716 2151 scd
736 2100 765 2151 at
788 2093 892 2170 reipsa.
922 2097 950 2152 4.
967 2094 1003 2151 In
1022 2095 1159 2152 claritate
1175 2093 1348 2170 Christiana,

144 2193 210 2251 quae
224 2175 344 2251 requirit
364 2183 397 2234 ut
416 2173 615 2252 unusquisque
636 2172 846 2232 Paterfamilias
867 2172 928 2232 suis
947 2173 1112 2252 prospiciat,
1138 2173 1244 2232 lTim.
1265 2194 1295 2233 1.
1317 2178 1351 2250 8,

146 2259 165 2312 2
182 2255 247 2312 Cor.
261 2254 312 2312 xii
330 2255 376 2330 14,
391 2263 525 2332 parentes
538 2254 646 2314 debent
659 2252 852 2312 thesaurizare
866 2253 980 2331 liberis;
996 2255 1021 2312 si
1036 2254 1100 2331 quis
1114 2261 1211 2312 autem
1224 2255 1352 2314 nummis

147 2333 209 2392 suis
222 2333 294 2392 alios
305 2335 398 2412 juvet,
416 2355 468 2394 sua
482 2341 578 2394 autem
592 2333 732 2410 negligat,
747 2333 779 2392 in
799 2341 937 2392 aeternum
958 2353 1020 2392 rem
1041 2353 1123 2392 suam
1143 2353 1202 2392 non
1223 2343 1352 2412 augeret.

148 2416 178 2472 5.
201 2413 231 2470 A
239 2415 365 2488 paritate
378 2415 500 2474 aliorum
514 2421 714 2489 contacturum,
730 2413 780 2490 qui
800 2413 896 2471 locum
917 2415 1025 2473 habent
1045 2413 1075 2471 in
1097 2413 1243 2489 societate,
1265 2424 1295 2473 et
1315 2415 1352 2473 ab

148 2493 283 2551 omnibus
305 2494 469 2572 probantur,
495 2514 524 2553 1.
551 2514 579 2571 g.
605 2501 769 2552 contractus
794 2491 967 2569 ἐμφυτιῦπυς,
991 2496 1161 2575 eiramis-we,
1189 2493 1351 2569 locationis,

147 2571 392 2650 commodationis,
405 2573 474 2652 &a3
489 2593 556 2632 nam
571 2573 596 2632 si
610 2593 648 2632 ex
661 2573 804 2632 locatione
814 2573 918 2634 domus
931 2582 961 2633 et
974 2575 1065 2650 fundi,
1078 2583 1108 2632 11
1121 2573 1352 2634 commodatione

144 2653 321 2729 utensilium,
333 2655 445 2714 lucrum
459 2654 564 2732 aliquis
577 2652 708 2732 percipit,
719 2673 771 2712 cur
784 2673 843 2712 non
855 2655 963 2731 pariter
976 2674 1014 2712 ex
1027 2655 1206 2713 mutuatione
1221 2673 1351 2713 nummo·

147 2736 236 2792 rum?
256 2736 283 2792 6.
299 2733 453 2794 Accedunt
468 2735 679 2813 Imperatorum
693 2743 722 2792 et
744 2734 859 2811 Regum
873 2734 1110 2810 constitutiones,
1125 2733 1231 2811 quibus
1244 2733 1349 2794 modus

147 2821 193 2872 est
205 2813 316 2891 positus
329 2813 433 2873 foenori
445 2814 590 2892 legitimo;
608 2813 722 2891 Digest.
736 2813 788 2873 lib.
803 2813 875 2871 xxii.
885 2815 1001 2875 Titulus
1015 2822 1060 2873 est
1074 2813 1110 2873 da
1124 2813 1219 2872 usuris
1233 2813 1352 2873 111111-

148 2893 240 2972 tibus;
265 2893 347 2954 Codi.
361 2894 452 2955 Justi.
465 2895 517 2953 lib.
532 2895 572 2954 11.
587 2894 645 2954 lit.
660 2897 710 2954 32.

454 2975 546 3034 XIV.
569 2974 675 3034 Contra
688 2992 791 3033 usuras
814 2993 873 3032 non
895 2972 972 3049 facit,
999 2977 1025 3033 1.
1040 2972 1230 3033 Interdictum
1252 2991 1357 3032 usura·

188 3037 358 3144 hfimdu'
414 3075 477 3115 rum
492 3054 571 3133 quod
585 3063 666 3114 extat
680 3053 776 3112 Exod.
790 3053 863 3112 xxii.
879 3056 926 3129 26,
942 3057 990 3130 27,
1006 3061 1036 3112 11
1047 3052 1142 3112 Levit.
1156 3073 1228 3110 xxv.
1243 3055 1291 3129 35,
1304 3055 1354 3112 36.

314 3129 322 3142 ’
411 3135 486 3210 Quia
498 3135 684 3211 restringitur
697 3133 847 3193 manifeste
861 3133 899 3192 ad
915 3153 1056 3212 pauperes
1077 3142 1106 3191 et
1126 3139 1298 3208 attenuatos,
1319 3140 1354 3192 ut

147 3221 285 3292 appareat
299 3234 362 3274 ease
380 3214 525 3294 disparem
544 3215 669 3274 divitum
690 3213 839 3290 rationem,
862 3214 889 3272 ri
908 3223 1003 3273 mutuo
1027 3213 1137 3272 dederis
1153 3215 1262 3290 populo
1281 3233 1351 3288 meo,

143 3295 277 3370 pauperi,
293 3294 332 3353 id.
346 3295 391 3353 illi
405 3297 456 3373 qui
469 3296 499 3354 in
513 3295 620 3374 populo
634 3293 720 3354 fuerit
734 3294 821 3353 miser
835 3304 864 3353 et
877 3313 996 3372 egenus,
1012 3293 1085 3352 nihil
1097 3293 1208 3351 habens
1222 3292 1298 3352 unde
1320 3313 1352 3352 se

148 3375 301 3450 sublevet;
323 3383 356 3434 ut
370 3375 476 3436 clarius
489 3375 653 3453 exponitur,
669 3374 750 3433 Levi.
765 3393 838 3433 xxv.
853 3376 901 3449 35,
923 3376 941 3408 “
958 3375 989 3435 Si
1003 3381 1168 3434 attenuatus
1188 3373 1275 3432 fuerit
1295 3373 1352 3432 ira-

148 3461 192 3512 ter
206 3463 282 3530 tuus,
299 3455 362 3532 uc,
377 3475 437 3514 non
450 3456 573 3534 accipies
594 3475 711 3515 usuram
725 3454 762 3513 ab
776 3455 840 3529 eo,''
856 3452 910 3514 &a
932 3455 972 3514 Et
993 3455 1081 3514 Deut.
1095 3474 1146 3514 xv.
1161 3457 1188 3529 7,
1204 3455 1233 3529 8,
1249 3455 1277 3512 9.
1321 3452 1354 3513 Si

147 3534 216 3594 alibi
227 3534 343 3594 videtur
353 3536 471 3596 extendi
481 3535 519 3595 ad
530 3555 629 3595 omnes
644 3535 792 3594 israelitas
802 3535 1061 3611 indiscriminatim,
1073 3543 1106 3594 ut
1117 3534 1254 3593 Deutero.
1266 3534 1351 3592 xxiii.

147 3617 195 3689 20,
212 3616 230 3646 “
246 3614 290 3673 Ne
304 3614 372 3674 dato
387 3615 417 3674 in
431 3635 547 3676 usuram
561 3615 643 3675 fratri
656 3615 737 3692 tuo,'’
753 3611 816 3691 811,
832 3615 880 3674 111
895 3615 1066 3694 exponenda
1075 3623 1120 3674 est
1134 3614 1298 3674 interdictio
1312 3633 1351 3673 ex

147 3694 219 3754 locis
233 3694 381 3772 parallelis
396 3696 492 3754 Exodi
514 3703 544 3755 11
569 3695 650 3771 Len,
665 3695 696 3753 in
714 3695 820 3772 quibus
838 3695 989 3755 manifeste
1013 3694 1197 3772 restringitur
1220 3693 1258 3752 ad
1279 3714 1351 3772 pau·

147 3793 248 3852 peres:
269 3795 323 3834 nec
338 3776 459 3834 obscure
473 3776 528 3834 hoc
542 3775 679 3852 innuitur,
695 3775 811 3852 qnando
825 3775 859 3835 tit
872 3776 980 3835 mantio
994 3795 1088 3834 urum
1101 3775 1160 3850 cclii,
1175 3774 1270 3832 nimir.
1286 3795 1351 3851 quaa

147 3854 326 3932 acciperetur
339 3856 377 3915 ab
397 3875 432 3914 eo
451 3856 501 3933 qui
522 3863 654 3915 mutuum
679 3855 767 3914 sumit
788 3855 826 3913 ad
848 3855 894 3914 sui
918 3855 1164 3928 sustentationem,
1189 3861 1223 3913 ut
1245 3853 1352 3912 habeat

149 3934 226 3993 unde
240 3935 340 3994 vivat:
362 3935 420 3995 Vel
435 3937 460 3995 si
475 3935 536 3994 sine
551 3935 721 4013 exceptione
736 3935 773 3994 ad
794 3954 894 3994 omncs
915 3936 1057 3994 Hebraeos
1077 3933 1206 4008 refertur,
1228 3933 1278 3991 lex
1299 3933 1354 3991 erit

148 4013 273 4074 forensis
286 4015 440 4092 peculiaris
460 4015 529 4075 huic
543 4015 661 4093 populo,
682 4023 714 4075 ut
734 4015 837 4074 fortius
858 4015 980 4074 societas
1003 4012 1199 4074 Israelitarum
1219 4012 1275 4071 hoc
1288 4013 1353 4071 vin·

147 4094 214 4153 culo
228 4094 464 4174 adstringeretur,
480 4095 581 4174 quales
595 4096 659 4154 aliae
677 4116 736 4155 non
760 4114 859 4173 paucae
881 4103 963 4155 erant
987 4095 1023 4155 de
1047 4094 1147 4168 servis,
1171 4091 1351 4170 pignoribus,

147 4174 234 4252 agris,
251 4175 410 4253 spicilegio,
427 4183 456 4235 11
470 4177 545 4248 sim,
560 4196 625 4254 quae
639 4175 694 4235 sub
708 4175 745 4234 N.
760 4176 794 4234 T.
808 4175 904 4236 locum
914 4176 976 4254 jam
990 4175 1099 4234 nullam
1113 4174 1230 4232 habent.

187 4254 261 4313 XV.
282 4259 310 4313 2.
326 4255 388 4314 Nec
402 4256 482 4334 quod
494 4256 629 4316 laudatur
643 4263 675 4315 ut
684 4256 782 4334 justus
796 4257 846 4333 qui
860 4255 963 4314 foenori
982 4275 1042 4314 non
1056 4253 1115 4329 dat,
1131 4253 1239 4312 Psalm.
1254 4273 1305 4312 xv.
1321 4255 1349 4329 5,

146 4335 255 4394 Erech.
270 4335 354 4394 xviii.
369 4335 399 4395 8.
441 4335 516 4411 Quia
529 4336 626 4414 agitur
639 4355 698 4395 non
712 4336 748 4395 de
761 4355 850 4395 usura
864 4335 1037 4411 omnimoda,
1054 4333 1126 4392 alias
1139 4333 1195 4392 hoc
1209 4351 1352 4408 repugna-

68 4427 73 4432 ·
145 4421 191 4474 ret
206 4413 292 4490 Mosi,
308 4414 358 4492 qui
373 4415 500 4492 aliquam
513 4435 630 4476 usuram
644 4417 793 4494 permittit,
809 4415 860 4475 sed
874 4414 910 4474 da
929 4414 1078 4474 mordente
1092 4421 1122 4472 et
1141 4411 1279 4489 improba,
1295 4432 1354 4487 qua

146 4492 273 4554 creditor
287 4496 365 4552 omni
381 4497 517 4572 aequitate
538 4496 704 4574 posthabita
724 4494 883 4554 debitorem
904 4515 988 4554 suum
1009 4501 1108 4552 onerat
1129 4499 1158 4548 et
1177 4489 1290 4567 premit,
1306 4493 1355 4551 vel

144 4573 276 4649 nimium,
292 4575 340 4634 vel
354 4575 441 4634 nimis
455 4575 479 4633 ri
502 4577 548 4635 'da
563 4597 626 4636 earn
640 4574 794 4653 exigendo,
809 4594 895 4653 quam
911 4573 975 4634 Lex
988 4573 1177 4652 proscriptam
1191 4569 1293 4628 voluit.

187 4653 280 4716 XVI.
301 4656 331 4715 3.
345 4654 408 4715 Nec
421 4675 461 4733 qu
515 4656 647 4717 Christus
660 4655 710 4732 ait,
731 4654 793 4714 Luc
808 4654 849 4715 11.
864 4657 912 4731 35,
929 4655 1095 4714 “Mutuum
1109 4649 1177 4709 date
1190 4648 1263 4708 nihil
1283 4650 1354 4712 inde
