3150 5206
251 363 311 424 260
663 379 754 420 cocus
768 377 898 418 cccmus
912 377 1046 418 rnnrrus.
1284 354 1436 438 [1111111.

254 543 324 582 num
337 522 449 600 segatio
460 519 524 598 dcc,
539 541 604 599 quae
618 542 636 580 a
650 521 765 580 Christo
778 540 837 578 non
851 520 940 579 semel
953 519 1030 578 facts
1043 539 1106 578 esse
1131 523 1262 578 constat?
1300 517 1347 576 An
1359 537 1438 577 meres
1544 535 1545 548 ³

258 604 347 663 luisse
370 603 540 681 praestigias,
566 601 672 679 quibus
696 601 861 660 hominibus
884 600 975 658 illusit
998 609 1027 659 et
1048 600 1210 677 imposuit?
1232 599 1287 658 Sed
1308 599 1446 677 quarehoc
1544 663 1545 674 ,

259 705 406 762 nunquam
421 684 464 742 illi
479 683 629 760 objectum
655 703 672 740 1
696 682 717 742 J
719 681 810 740 udseis
831 681 1033 740 infensissimis
1055 681 1119 758 ejus
1136 681 1275 756 hostibus,
1290 680 1337 756 qui
1349 697 1446 738 omnem

260 764 414 842 captabant
428 764 509 823 illum
523 763 662 840 perdendi
674 763 878 822 occasionem?
911 761 970 819 Cur
982 781 1041 820 non
1055 761 1223 839 retegebant
1241 761 1413 838 impostorem
1424 767 1447 816 11
1544 779 1545 794 ¹

260 845 484 905 circulatorem?
524 843 596 919 Quis
610 863 680 902 vero
695 842 815 902 alienior
828 861 955 918 unquam
970 841 1024 900 fuit
1045 841 1320 920 aPraestigietorum
1334 839 1449 898 artibus?
1544 853 1545 856 ’

261 926 316 985 Isti
329 926 455 985 latebras
469 934 498 982 ct
512 943 657 983 secessum
671 930 813 1001 quaerunt,
825 931 855 981 et
868 923 963 981 lucem
984 922 1108 999 fugiunt,
1123 923 1277 982 etfacilius
1290 921 1379 980 fiscum
1392 919 1448 978 sim·

260 1007 429 1084 pliciorihus
442 1005 558 1064 faciant.
602 1004 661 1064 Sed
676 1003 807 1062 Christus
830 1003 861 1061 in
886 1011 985 1080 aperto
1010 1014 1039 1061 et
1060 1002 1176 1080 publice
1200 1023 1296 1062 coram
1313 998 1450 1060 innumeris

261 1087 393 1162 testibus,
409 1085 531 1164 magnis,
547 1085 653 1162 pervis,
668 1084 771 1158 doctis,
787 1083 911 1142 indoctis
920 1092 1061 1160 operatur,
1073 1103 1109 1141 ne
1122 1083 1211 1142 ullius
1224 1082 1331 1142 fiendis
1344 1078 1450 1157 suspicio

262 1187 412 1245 superesse
426 1175 522 1244 queat.
545 1165 593 1223 Illi
617 1185 701 1240 vana,
722 1164 852 1239 ridicula,
878 1172 907 1222 et
930 1163 1044 1223 inutilia
1065 1171 1219 1224 sectentur.
1263 1163 1319 1223 Sed
1339 1161 1453 1220 Christus

262 1247 336 1304 nibil
356 1247 411 1304 nisi
434 1253 565 1304 sanctum
595 1253 625 1304 et
655 1244 779 1304 salutare
801 1251 944 1321 operatur.
966 1244 1016 1302 Illi
1046 1243 1139 1321 turpis
1159 1244 1233 1303 lucri
1255 1243 1352 1322 gretia,
1379 1248 1404 1299 11
1426 1245 1453 1296 ut

263 1326 386 1403 gloriam
406 1327 455 1384 vel
476 1325 586 1385 fumum
608 1333 732 1402 captent.
767 1325 825 1383 Sed
846 1325 916 1401 quid
937 1325 1030 1383 simile
1051 1324 1082 1382 in
1104 1324 1228 1400 Christo,
1250 1325 1300 1403 qui
1319 1316 1453 1382 11111111

265 1406 386 1466 salutem
412 1425 529 1464 suorum
560 1405 675 1480 direxit,
708 1413 826 1464 eatenus
857 1413 890 1463 ut
915 1424 1024 1482 pauper
1054 1404 1116 1463 fieri
1143 1405 1278 1480 voluerit,
1299 1413 1331 1463 ut
1350 1399 1454 1476 exejus

263 1493 432 1564 paupertate
453 1485 686 1544 ditesceremus?
707 1485 757 1543 1111
777 1485 951 1562 turpissimis
958 1485 1165 1562 mancipantur
1178 1485 1336 1559 affectibus,
1351 1489 1377 1541 ct
1388 1476 1454 1538 canii

265 1587 298 1625 ac
313 1565 437 1624 daemoni
450 1565 544 1625 litant.
569 1566 627 1624 Sed
642 1565 773 1625 Christus
797 1566 913 1643 pietatis
935 1566 1082 1643 magister,
1098 1565 1128 1624 id
1142 1587 1233 1625 unum
1248 1566 1303 1626 sibi
1316 1543 1473 1643 pmpesuit⁸

263 1653 297 1706 ut
311 1647 492 1706 sanctitatem
518 1647 621 1705 animis
645 1647 751 1705 nostris
772 1647 962 1724 ingeneraret.
1014 1645 1064 1704 An
1089 1647 1237 1707 Christum
1262 1644 1392 1706 miracula
1410 1640 1456 1698 1111

266 1727 373 1786 virtute
387 1727 501 1804 magice
515 1727 625 1802 fecisse,
642 1735 674 1786 ut
688 1727 732 1784 illi
755 1747 813 1785 non
834 1727 921 1785 semel
942 1726 1087 1803 objectum
1102 1747 1119 1784 1
1134 1727 1300 1803 Ρ1111111111,
1315 1742 1397 1804 quum
1408 1719 1456 1777 vir·

265 1815 327 1867 tute
342 1807 499 1866 Beelzehnl
515 1807 657 1885 Principis
672 1807 877 1867 daemoniorum
889 1807 970 1866 illum
986 1808 1090 1885 ejiccrc
1105 1806 1250 1868 damonia
1264 1802 1456 1868 calumniaber-

264 1891 336 1947 tur?
378 1888 436 1948 Sed
450 1889 609 1966 curmagis
623 1887 790 1948 ι1111111111
805 1888 944 1965 suspicari
962 1896 1085 1965 possunt
1108 1887 1144 1947 de
1163 1889 1184 1948 J
1186 1909 1240 1950 esu
1255 1889 1405 1958 Nazareno,
1418 1878 1459 1958 qui

264 1967 338 2026 fabri
362 1967 439 2027 filius
460 1968 578 2027 habitus
602 1977 654 2043 est,
680 1989 766 2046 quam
791 1968 826 2027 de
842 1969 935 2044 Mose,
950 1968 1000 2045 qui
1019 1968 1050 2024 in
1064 1967 1131 2027 sula
1144 1970 1327 2048 AEgyptieea
1339 1966 1460 2026 educatus

264 2047 359 2126 potuit
372 2049 443 2107 artis
456 2049 577 2126 magices
590 2049 770 2126 penitissime
794 2049 958 2126 cognitione
973 2048 1088 2107 imbui?
1109 2049 1223 2109 Deinde
1238 2051 1305 2129 quie
1319 2043 1461 2124 suspicetur

264 2129 314 2188 vel
337 2128 449 2204 leviter,
466 2137 515 2187 aut
529 2149 647 2207 megum
661 2129 752 2188 ullum
767 2129 903 2207 potuisse,
924 2137 975 2188 aut
997 2124 1157 2187 damonem
1176 2131 1272 2191 ullum
1295 2127 1414 2188 voluisse
1426 2127 1462 2180 tot

266 2229 352 2287 opere
366 2217 509 2286 preestsre,
526 2229 590 2287 quae
604 2229 684 2268 mera
697 2209 812 2269 fuerunt
826 2209 966 2268 beneficis
979 2209 1079 2286 generi
1092 2210 1219 2270 humano
1235 2209 1383 2290 prestita?
1401 2199 1461 2278 Quis

265 2289 364 2348 eredat
379 2289 534 2348 Diabolum
548 2291 579 2349 in
594 2291 638 2349 sui
652 2291 806 2367 perniciem
822 2298 851 2349 et
864 2289 1026 2367 tyrannidis
1049 2309 1109 2348 suae
1128 2291 1353 2351 destructionem
1367 2299 1463 2345 armare

267 2369 413 2428 Christum
427 2370 577 2429 voluisse?
598 2371 659 2428 Nec
674 2369 705 2428 id
723 2370 785 2428 fieri
807 2371 901 2447 potuit
926 2389 977 2447 per
999 2370 1204 2447 collusionem3
1229 2373 1299 2450 quic
1322 2368 1462 2428 amicorum

266 2458 310 2509 est
324 2449 478 2527 colludere,
504 2470 562 2509 non
576 2451 721 2525 hostiurn3
745 2450 788 2508 At
811 2451 1007 2526 capitaliorem
1031 2451 1153 2510 Daemon
1176 2452 1293 2511 hostem
1307 2469 1364 2510 non
1376 2440 1464 2505 hebuit

265 2549 352 2607 quem
366 2531 470 2590 desum
484 2539 623 2606 nostrum,
640 2532 759 2608 ejusque
775 2529 967 2606 Religionem,
983 2549 1047 2608 quae
1069 2538 1130 2590 tote
1144 2530 1181 2590 11
1202 2530 1378 2592 destruenda
1390 2541 1465 2604 opere

268 2610 392 2686 Diaboli,
404 2618 434 2670 11
444 2611 579 2689 pietatem
592 2631 625 2668 11
635 2609 854 2668 sanctimoniam
863 2609 966 2668 animis
975 2610 1171 2688 inspirandam
1181 2613 1331 2672 tendebat.
1347 2607 1464 2681 Denique

266 2691 291 2750 ei
306 2691 412 2769 Magus
426 2690 488 2766 fuit,
505 2711 557 2750 cur
571 2690 678 2767 Magios
692 2709 839 2767 nunquam
861 2690 1024 2768 postulatus
1038 2689 1093 2750 fuit
1106 2692 1136 2749 in
1147 2692 1271 2770 jndicio,
1287 2701 1318 2752 et
1331 2687 1467 2750 convictus

265 2793 282 2830 1
299 2771 487 2832 Senatoribus
503 2770 673 2846 Sanhedrin,
689 2789 762 2847 quos
777 2789 876 2828 omnes
891 2771 1011 2847 magicae
1032 2773 1101 2830 artis
1115 2773 1309 2849 peritissimos
1323 2765 1465 2830 111111111-

265 2853 393 2911 dseorum
408 2851 507 2910 schole
520 2851 647 2910 asserit?
682 2853 740 2909 Cur
754 2851 876 2910 sollicite
891 2851 1030 2910 adversus
1045 2851 1137 2929 ipsum
1153 2855 1280 2930 quaesite
1297 2853 1410 2912 fuerunt
1422 2843 1467 2905 cri*

265 2933 353 3071 {rinei
365 2932 415 2991 uhi
426 2932 520 2991 solum
529 2931 633 3010 magis
643 2931 750 2991 crimen
766 2931 925 2991 sufficiebat
934 2930 971 2990 11
982 2933 1045 3008 ejus
1054 2933 1328 2994 condemnationem
1339 2953 1375 2992 ex
1389 2930 1465 3003 Lege,

294 3034 332 3071 xo
355 3013 528 3072 ,xxii.18?

306 3093 383 3152 XX.
408 3093 466 3154 Sed
481 3095 505 3154 si
527 3115 621 3173 opera,
638 3115 703 3174 quse
718 3095 849 3154 Christus
869 3093 938 3154 fecit
958 3093 988 3152 in
1002 3093 1105 3154 dicbus
1126 3094 1220 3154 carnis
1236 3117 1307 3172 susc,
1323 3113 1387 3154 eum
1402 3089 1467 3148 Mes·

265 3175 336 3233 siem
365 3175 568 3252 praedicabant,
590 3197 649 3234 non
670 3175 765 3234 minus
786 3175 939 3234 efficaciter
958 3174 1014 3232 hoc
1034 3175 1129 3252 ipsum
1143 3176 1270 3253 probant
1291 3197 1327 3235 11
1340 3191 1402 3251 quc
1414 3171 1469 3246 posi

266 3255 504 3314 resurrectionem
524 3263 553 3314 et
574 3254 772 3315 escensionem
794 3256 823 3312 in
844 3255 932 3314 coelos
953 3255 1073 3332 perfecit
1086 3275 1137 3334 per
1157 3256 1286 3334 Spiritus
1303 3252 1400 3316 Sencti
1413 3247 1470 3307 mis·

267 3334 387 3407 sionem,
404 3342 516 3412 etopus
538 3335 769 3392 Christianisimi.
814 3334 920 3410 Primo,
943 3335 1007 3412 ipsa
1021 3335 1129 3395 Christi
1143 3337 1338 3411 Resurrectio,
1354 3329 1468 3393 luculen-

266 3421 328 3470 tum
342 3412 398 3489 ipsi
412 3413 544 3489 perhibet
558 3413 764 3488 testimonium,
780 3413 809 3470 in
824 3433 881 3490 qua
892 3414 997 3492 quippe
1012 3415 1123 3474 solenni
1138 3416 1222 3492 qussi
1238 3418 1368 3476 Decreto
1381 3427 1471 3490 oppro-

266 3492 352 3550 batus
373 3501 418 3550 est
442 3512 459 3550 a
474 3491 546 3568 Deo,
573 3501 602 3550 et
617 3492 710 3550 Filius
724 3493 788 3570 ejus
802 3492 972 3570 declaratus,
989 3495 1115 3556 creditus
1129 3515 1147 3554 a
1160 3496 1308 3574 fidelibus,
1325 3503 1355 3556 et
1369 3491 1473 3570 agnitus

266 3571 303 3629 ab
316 3571 458 3630 hostibus.
502 3571 588 3630 Unde
602 3591 659 3630 non
675 3572 754 3631 aliud
768 3581 969 3650 argumentum
990 3575 1131 3635 illustrius
1145 3585 1174 3635 et
1189 3577 1299 3637 certius
1315 3566 1473 3636 Divinitatir

266 3659 296 3710 et
305 3650 475 3710 Vocationis
487 3671 546 3710 suae
555 3651 645 3729 affert,
660 3655 677 3685 ‘⁴
690 3653 800 3712 Solvite
811 3653 964 3732 Templum
974 3657 1059 3731 hoc,''
1072 3657 1166 3734 inquit
1176 3657 1304 3734 loquens
1315 3657 1352 3716 de
1365 3648 1474 3727 Templo

267 3731 402 3809 Corporis
424 3731 477 3808 sui,
505 3734 523 3764 “
534 3741 564 3792 et
585 3733 670 3792 tertio
685 3733 731 3792 die
745 3733 818 3792 illud
833 3735 981 3796 aedificabo
994 3737 1021 3813 ;''
1050 3736 1120 3796 Joh.
1136 3737 1165 3795 ii.
1183 3740 1229 3812 19,
1253 3747 1285 3796 et
1301 3735 1407 3796 Metth.
1421 3727 1473 3788 xvi·

266 3811 380 3872 Judaeis
400 3812 566 3890 petentibus
587 3813 710 3891 signnm,
733 3835 792 3873 non
812 3815 891 3873 aliud
905 3815 974 3874 dare
994 3816 1067 3892 vult,
1083 3836 1169 3894 quem
1184 3818 1229 3876 sui
1242 3814 1476 3878 resurrectionem

266 3893 401 3972 subtypo
415 3894 511 3953 Jonae.
554 3895 592 3953 Et
614 3915 681 3954 sane
702 3895 759 3953 nisi
780 3895 869 3955 Jesus
891 3915 908 3954 a
930 3897 992 3955 Deo
1014 3897 1120 3956 missus
1144 3907 1229 3974 esset,
1253 3907 1285 3957 et
1306 3897 1365 3956 nisi
1386 3907 1476 3953 revers

268 3973 400 4033 Christus
423 3975 549 4051 Domini,
573 3976 687 4052 qualem
710 3995 740 4034 11
761 3975 957 4053 profitebatur,
981 3976 1100 4054 fuisset3
1123 3977 1194 4052 Quis
1214 3977 1376 4038 crediderit
1391 3974 1475 4034 been
1544 4031 1545 4034 ,

267 4054 367 4130 gloriae
382 4075 441 4114 suae
455 4055 601 4114 vindicem
616 4056 786 4115 acerrimum
807 4057 836 4113 in
858 4075 892 4114 1ο
914 4055 1079 4116 suscitando
1093 4057 1251 4135 potentiam
1269 4077 1357 4118 suem
1371 4061 1476 4119 went·
1544 4059 1545 4082 ¹

267 4154 330 4194 rum
344 4135 433 4194 fuisse
448 4135 484 4194 ad
499 4145 587 4196 tantae
608 4136 717 4195 fraudis
738 4143 767 4194 et
780 4136 947 4214 imposturae
969 4137 1222 4213 confirmationem,
1245 4147 1278 4197 et
1299 4146 1411 4199 tantam
1432 4132 1477 4188 im·
1544 4187 1545 4196 ,

267 4215 403 4291 pietatem
417 4223 498 4275 tento
512 4215 631 4293 praemio
656 4224 858 4275 coronaturum
875 4215 988 4276 fuisse?
1037 4217 1169 4292 Accedit,
1195 4219 1338 4294 secundo,
1365 4213 1479 4295 Spiritus

267 4296 367 4354 Sancti
388 4297 480 4355 1111111
501 4296 679 4355 admirabilis
703 4305 732 4356 et
754 4296 893 4371 inaudita,
909 4316 973 4373 quae
998 4317 1134 4374 expresse
1155 4307 1184 4357 et
1198 4307 1333 4376 tempore
1349 4308 1379 4358 et
1392 4298 1479 4354 locos

268 4375 382 4434 Christo
397 4376 460 4453 ipso
471 4377 608 4454 praedicto
623 4377 752 4454 contigit,
769 4397 827 4454 quo
838 4378 878 4436 ita
892 4377 995 4455 repleti
1008 4377 1124 4437 fuerunt
1138 4377 1285 4455 Apostoli,
1302 4389 1339 4438 ut
1353 4380 1383 4438 in
1397 4385 1482 4434 novos

267 4455 399 4513 homines
424 4457 481 4515 sint
506 4456 657 4532 immutati,
673 4465 702 4515 et
724 4477 758 4515 11
783 4457 910 4516 dixerint
932 4465 961 4517 et
983 4457 1110 4533 fecerint,
1127 4478 1191 4536 quae
1215 4459 1325 4523 nonin
1341 4468 1480 4535 stuporem

268 4535 354 4593 modo
369 4543 398 4594 et
412 4535 630 4595 admirationem
652 4545 828 4612 spectatores
849 4547 878 4596 et
899 4538 1044 4597 auditores
1065 4545 1228 4616 rapuerunt,
1244 4539 1302 4596 sed
1316 4539 1350 4597 vi
1365 4533 1482 4616 quadam

268 4613 818 4692 1111111111111111111111111111111111
832 4617 1000 4695 obsequium
1014 4618 1121 4678 Christi
1141 4617 1318 4677 mirabiliter
1328 4619 1483 4679 traxerunt

271 4691 357 4750 Unde
370 4713 440 4751 vero
455 4701 566 4752 tantum
581 4696 750 4756 miraculum
764 4696 908 4776 proficisci
920 4699 1015 4776 potuit
1029 4699 1085 4760 nisi
1098 4719 1117 4759 a
1130 4699 1194 4759 Deo
1209 4697 1324 4761 Christi
1340 4719 1395 4759 suo
1409 4690 1482 4755 testi·
