3146 5210
116 367 251 418 cumsr.
266 348 323 430 ra]
565 367 606 408 ns
620 367 789 409 vccrrrorn
805 369 842 409 rr
857 370 936 410 rrna.
1301 359 1360 416 455

119 510 236 570 differt
250 511 391 570 scelerum
405 529 514 587 poenas,
527 529 565 568 ex
579 517 660 586 parte
677 510 740 586 Rei,
760 510 906 569 homiuem
921 511 951 570 in
966 519 1042 571 statu
1054 514 1163 590 peccati
1179 513 1301 574 invitare
1316 517 1354 575 ad

122 591 348 668 poenitentiam,
364 598 506 667 quatenus
533 590 659 649 rationes
671 599 700 650 ct
714 600 827 668 tempus
840 592 1005 669 suppeditat
1029 593 1235 670 resipiscendi,
1259 596 1352 654 Aliud

124 675 235 730 Deum
250 691 287 730 ex
302 679 382 748 parte
398 671 451 745 sui,
467 679 495 729 et
509 678 649 748 quantum
664 671 694 728 in
709 690 740 730 se
755 679 807 744 est,
823 673 964 730 auxilium
974 672 1118 730 sufficiens
1133 673 1171 730 ad
1185 677 1349 734 conversio-

121 771 204 810 nem
219 751 288 810 dare
302 751 412 810 bomini
422 769 474 827 per
487 752 575 810 talem
588 751 773 827 patientiam
790 752 864 826 Quia
883 752 993 810 clarum
1015 761 1059 810 est
1074 773 1131 810 non
1157 754 1286 814 sufficere
1298 775 1348 814 ex-

122 841 248 890 ternam
260 832 334 889 hanc
348 831 597 908 longanimitatem
612 840 641 890 et
654 831 835 890 tolerantiam
862 832 917 890 Dei
932 833 969 890 ad
990 851 1039 891 cor
1053 833 1178 891 hominis
1199 835 1348 895 emollien-

122 911 217 987 dum,
234 921 264 970 et
278 911 398 970 affectus
412 911 442 968 in
456 911 559 970 melius
574 910 771 970 inflectendos.

173 991 303 1050 XXVI.
327 991 408 1049 Deus
421 1010 480 1049 non
494 999 609 1050 tenetur
630 991 661 1049 in
687 992 771 1050 Novo
797 991 919 1049 Foedere
948 991 1025 1050 vires
1047 991 1158 1050 homini
1173 993 1349 1055 sufficientes

121 1071 320 1148 suppeditare
348 1071 386 1129 ad
399 1071 474 1129 illud
487 1071 674 1148 implendum,
691 1081 723 1131 ut
738 1072 775 1130 sit
790 1071 940 1148 aequalitas
964 1071 1065 1130 crediti
1090 1081 1119 1130 et
1144 1073 1242 1148 debiti,
1259 1084 1291 1134 ut
1305 1077 1347 1135 lo·

120 1151 233 1227 quitur
247 1151 384 1209 Bellarm.
428 1151 502 1226 Quia
529 1171 588 1208 non
610 1151 805 1228 praescribitur
829 1151 886 1209 alia
910 1151 1074 1211 obedientia
1102 1160 1131 1211 et
1154 1152 1227 1212 fides
1252 1157 1348 1231 quoad

121 1232 299 1306 essentiam,
316 1232 353 1289 ab
368 1251 402 1290 ea
426 1251 491 1308 qua
514 1232 683 1309 praescripta
712 1231 804 1290 suerat
819 1233 849 1288 in
873 1231 965 1308 primo
995 1233 1125 1307 Foedere,
1155 1243 1184 1292 et
1212 1235 1249 1292 ad
1264 1237 1347 1312 cujus

120 1312 334 1370 executionem
348 1312 435 1370 bomo
449 1313 526 1370 vires
533 1311 707 1370 sufficientes
719 1312 800 1370 initi0
810 1320 959 1388 acceperat
971 1331 1057 1387 ;quas
1079 1333 1143 1370 cum
1153 1315 1282 1374 amiserit
1294 1337 1346 1374 sua

124 1391 228 1468 culpa,
244 1411 304 1450 non
317 1400 432 1451 tenetur
446 1393 527 1450 Deus
539 1391 704 1450 officiumab
719 1413 754 1451 eo
765 1392 910 1468 exigendo
935 1391 978 1448 illi
1000 1392 1160 1451 restituere.
1178 1395 1217 1453 Et
1226 1396 1346 1471 aequali-

125 1480 177 1530 tas
187 1470 291 1530 crediti
304 1480 333 1530 et
348 1472 447 1548 debiti,
457 1492 516 1530 non
527 1493 565 1531 ex
580 1481 656 1531 statu
677 1472 796 1548 peccati,
808 1471 859 1530 sed
870 1491 906 1529 ex
919 1479 995 1528 statu
1010 1473 1163 1531 creationis
1175 1475 1347 1534 aestimanda

125 1559 195 1626 est;
212 1552 288 1609 Nam
302 1552 381 1628 quod
395 1562 463 1611 tunc
488 1551 630 1610 creditum
652 1552 707 1610 fuit
727 1552 844 1626 homini,
861 1551 892 1610 id
905 1559 998 1610 toturn
1013 1551 1100 1610 debet
1115 1553 1187 1628 Deo,
1211 1557 1346 1630 quamvis

125 1651 186 1690 sua
200 1632 287 1709 culpa
300 1651 358 1690 non
372 1633 410 1691 sit
425 1632 574 1691 solvendo.
595 1634 645 1689 An
660 1651 729 1690 vero
749 1631 881 1691 Adamas
892 1633 969 1689 vires
994 1631 1129 1690 credendi
1145 1632 1174 1689 in
1196 1634 1344 1694 Christum

126 1712 274 1787 habuerit,
291 1711 327 1770 de
338 1731 396 1790 quo
407 1713 444 1770 lis
452 1712 536 1770 nobis
550 1721 684 1770 movetur
694 1712 730 1769 ab
746 1711 933 1785 Arminianis,
949 1711 1016 1769 vide
1032 1711 1101 1770 Loc.
1117 1713 1208 1771 VIII.
1231 1715 1285 1788 Qu.
1300 1715 1330 1774 ii.

174 1791 317 1851 XXVII.
341 1793 476 1851 Eunuchi
490 1801 519 1851 et
534 1791 660 1851 Cornelii
674 1793 815 1869 exempla,
834 1812 898 1869 quae
921 1799 1059 1868 petuntur
1081 1811 1118 1850 ex
1134 1792 1201 1852 Act.
1227 1794 1288 1852 viii.
1315 1806 1345 1855 et

130 1891 174 1945 x.,
186 1872 269 1947 quasi
282 1882 399 1950 propter
411 1873 519 1932 bonum
530 1892 615 1932 usum
629 1872 746 1930 luminis
761 1872 900 1930 naturalis
914 1871 1012 1929 datum
1035 1872 1073 1930 sit
1087 1871 1157 1949 ipsis
1168 1873 1265 1931 lumen
1280 1895 1345 1951 gra-

130 1951 191 2024 tiae,
209 1951 264 2010 huc
279 1971 334 2009 non
360 1954 513 2030 pertinent.
556 1952 631 2027 Quia
653 1971 711 2009 non
733 1960 855 2030 possunt
877 1951 1040 2028 irregenitis
1055 1951 1221 2011 infidelibus
1243 1973 1343 2012 accen·
1365 2008 1370 2014 .

130 2031 199 2105 seri,
222 2051 310 2108 quum
320 2032 358 2090 ad
380 2034 459 2110 ipsos
472 2033 665 2110 Evangelium
679 2034 821 2109 perlatum
833 2041 885 2106 est,
902 2030 954 2089 sed
966 2031 1134 2108 Proselytis,
1151 2052 1223 2109 quos
1237 2034 1343 2092 Iudai-

127 2131 174 2169 cae
190 2111 352 2188 Religionis
366 2113 531 2190 cognitione
553 2114 615 2190 jam
637 2111 772 2189 imbutos,
800 2113 881 2170 Deus
905 2111 998 2170 voluit
1020 2111 1153 2170 ulteriore
1178 2113 1342 2190 Evangelii,

126 2202 160 2250 et
175 2191 282 2250 Christi
289 2194 351 2270 jam
365 2193 486 2252 revelati
500 2193 603 2251 notitia
616 2191 743 2268 donare,
773 2201 805 2251 ut
819 2213 877 2251 non
898 2199 1010 2249 tantum
1025 2191 1056 2248 in
1070 2191 1144 2250 thesi
1159 2192 1189 2250 in
1205 2193 1342 2252 Messiam

129 2272 304 2348 promissum
320 2273 476 2347 crederent,
490 2272 585 2331 sedin
609 2271 765 2349 hypothesi
789 2273 819 2330 in
843 2273 947 2331 ¹Iesum
977 2271 1166 2346 Nazarenum,
1183 2282 1214 2331 ut
1242 2293 1343 2332 verum

133 2352 272 2409 Messium
288 2372 305 2408 a
320 2352 383 2412 Dec
394 2354 530 2412 missum.
931 2365 933 2368 '

154 2431 361 2569 ,Claterfflpae
374 2435 431 2492 huc
443 2441 563 2510 possunt
573 2433 724 2510 pertinere,
736 2439 870 2508 petantur
884 2451 921 2489 ex
933 2433 1041 2506 Queat.
1057 2432 1179 2509 praeced.
1194 2441 1223 2492 et
1234 2453 1271 2492 ex
1287 2434 1341 2508 Qu.

132 2531 171 2568 vr.
210 2531 253 2570 oc.
336 2557 343 2570 .

603 2672 800 2748 ouusrro
822 2672 876 2730 lv.

544 2850 583 2890 DE
598 2849 767 2892 VOCA'PIONE
782 2849 927 2890 EFFICACI.

133 2991 177 3050 Aa
195 2993 308 3051 Vocatt'o
332 2993 445 3052 dicatur
468 2995 569 3066 efficax
582 2995 618 3052 ab
643 2995 761 3066 Euentu,
782 2995 826 3050 cel
854 2991 1044 3066 Ccapmitate,
1071 2991 1116 3048 Aa
1131 3011 1198 3049 cero
1218 2993 1254 3050 ab
1276 2995 1338 3070 tlara

172 3071 282 3212 QZ?
295 3074 458 3212 opterpffirirp
468 3075 703 3150 supernaturali?
748 3073 833 3130 Prius
843 3072 916 3147 Neg.
929 3093 937 3146 ;
961 3071 1070 3128 Poster.
1093 3070 1205 3130 Affirm.
1219 3095 1225 3149 ;
1239 3081 1339 3132 contra

269 3199 286 3229 .,
460 3199 467 3212 .

432 3314 457 3372 Ι.
481 3314 522 3374 Ut
536 3333 606 3373 vera
619 3313 790 3372 Vocaticnis
804 3310 928 3370 efficacis
946 3319 1050 3368 natura
1068 3317 1097 3368 et
1108 3311 1182 3369 ratio
1196 3319 1335 3389 teneatur,

132 3390 373 3496 'Ipossnffifflrifflfg
393 3394 592 3486 expendendae
613 3402 681 3452 sunt
701 3393 905 3487 discrepantes,
921 3409 985 3467 quae
1000 3390 1076 3483 circa
1090 3390 1169 3448 illam
1184 3403 1338 3486 occurrunt

162 3581 218 3612 m
389 3575 464 3693 seb?s
478 3574 642 3692 lfficlppupsst
651 3573 784 3706 ¹Iddlriuae,
796 3573 898 3706 Lbssii,
910 3571 1026 3705 Becadi,
1040 3639 1069 3689 et
1083 3571 1336 3710 ,beroruqueedx

132 3710 259 3788 Iesuitis,
275 3713 326 3790 qui
340 3714 443 3774 volunt
458 3715 601 3774 efficacem
616 3713 673 3772 dici
689 3713 879 3771 Vocaticuern
905 3711 1073 3790 simpliciter
1083 3713 1118 3770 ab
1133 3714 1252 3772 Eventu.
1284 3715 1334 3772 Se-

133 3790 222 3849 cunda
237 3793 414 3869 Bellannini,
433 3795 570 3870 Suarezii,
586 3803 615 3852 et
628 3793 759 3868 aliorum,
785 3793 836 3869 qui
857 3800 1088 3868 consequuntur,
1104 3793 1154 3868 qui
1178 3793 1334 3850 efficaciam

135 3869 213 3927 istam
226 3870 373 3933 deducunt
387 3876 423 3934 ab
439 3876 503 3952 ejus
519 3874 709 3950 Oonpmitule.
752 3871 851 3930 Tertia
864 3880 909 3930 est
923 3871 1136 3930 'l'homistarum
1151 3879 1181 3930 et
1202 3871 1333 3929 Domini-

135 3967 272 4024 canorum,
289 3953 338 4026 qni
353 3971 416 4012 eam
430 3963 532 4032 petunt
545 3953 690 4031 aplysiae
699 3952 1001 4029 prccdetcrminotioae.

162 4065 180 4111 1,
187 4067 225 4112 Ab
234 4067 340 4114 Eventu.
430 4036 473 4092 ll.
496 4035 623 4092 Primam
647 4032 841 4091 Bellarminus
865 4031 936 4089 dicit
963 4039 1087 4088 statuere
1107 4029 1126 4060 “
1143 4026 1333 4088 vocatiouem

390 4113 533 4172 efficacem
548 4115 578 4172 in
588 4131 708 4172 assensu
719 4122 748 4171 ct
757 4111 956 4188 cooperatione
967 4107 1091 4166 hominis
1103 4129 1110 4182 3
1127 4107 1169 4166 Ut
1179 4108 1215 4164 ab
1227 4119 1333 4167 eventu

137 4191 240 4250 dicatur
254 4193 364 4268 efficax,
388 4195 456 4270 quia
469 4193 605 4253 videlicet
620 4193 738 4252 sortitur
761 4191 903 4263 alienum,
926 4197 955 4247 et
966 4187 1031 4245 idco
1043 4187 1161 4244 sortitur
1189 4186 1331 4260 ellectum,

137 4272 198 4349 quia
234 4273 369 4332 voluntas
396 4275 522 4332 bumana
549 4275 576 4332 ei
603 4281 790 4350 cooperatur3
813 4279 846 4329 ut
873 4269 955 4328 itain
983 4265 1107 4324 hominis
1128 4275 1271 4344 potestate
1296 4269 1334 4326 sit

136 4352 251 4429 gratim
284 4373 322 4411 ex
350 4353 507 4412 sufficiente
534 4353 654 4412 reddere
687 4351 860 4412 efficacem.''
905 4347 963 4406 Sed
990 4347 1052 4404 haeo
1081 4347 1222 4405 sententia
1249 4367 1331 4424 repo-

136 4432 174 4490 nit
199 4433 282 4491 nobis
315 4433 489 4510 ipsissimum
522 4453 646 4492 errorem
680 4431 801 4509 Pelagii,
830 4429 880 4506 qui
916 4429 946 4485 in
972 4427 1094 4484 liberum
1116 4425 1252 4511 ¹hominis
1287 4447 1331 4484 ar-

137 4513 245 4572 bitrium
279 4515 453 4590 praecipuam
487 4513 683 4572 conversionis
711 4531 827 4572 causam
862 4507 1059 4568 transferebat.
1105 4506 1190 4565 Unde
1218 4506 1290 4565 bene
1315 4529 1332 4566 a

137 4593 264 4652 Bellarm.
290 4593 353 4671 ipso
377 4594 513 4670 rejicitur,
536 4602 565 4653 et
584 4594 672 4651 variis
695 4592 855 4651 rationibus
878 4593 1078 4666 oppugnatur;
1111 4586 1247 4663 Inprimis
1263 4607 1332 4646 vcro

136 4695 167 4732 ex
193 4694 234 4748 eo,
257 4673 336 4752 quod
365 4674 419 4731 “si
441 4693 509 4732 vera
530 4683 608 4733 esset
631 4674 687 4731 ista
710 4673 815 4749 opinio,
842 4669 955 4728 fidelem
971 4667 1007 4726 ab
1033 4666 1141 4725 infideli
1163 4666 1248 4744 plane
1274 4667 1331 4727 dis-
