3152 5198
227 405 285 464 682
648 415 739 458 nouus
753 413 883 457 88811188
894 415 1014 457 811188.
1257 393 1387 475 [asnar.
1404 417 1438 456 1.

235 563 391 639 Repugnat
403 558 566 635 Scnptcroe,
582 577 646 634 quae
660 558 792 634 nuspiam
804 556 932 634 loquitur
942 556 978 615 de
989 555 1100 634 peccati
1113 553 1289 629 remissione,
1300 554 1356 613 nisi
1369 575 1441 635 sup-

234 640 367 720 ponendo
381 639 491 698 nullam
505 638 568 715 ejus
581 657 696 714 poenam
710 637 798 713 exigi,
814 637 884 694 alias
898 656 1004 713 magna
1027 637 1057 693 in
1083 635 1245 712 Scripturas
1258 635 1442 712 perturbatio

235 721 396 794 invehatur,
412 726 441 777 ct
454 718 528 776 nihil
541 738 578 776 cx
592 717 651 774 illis
664 716 754 774 fixum
769 724 799 774 et
812 723 920 774 certum
929 716 1028 774 haberi
1041 715 1147 792 poterit
1158 737 1165 788 ;
1178 722 1207 773 et
1223 734 1330 790 magna
1343 716 1442 793 caligo

236 799 400 859 offundatur
413 807 474 857 tum
488 795 733 874 promissionibus,
760 804 821 854 turn
837 795 1107 854 comminationibus
1130 793 1247 868 divinis,
1262 794 1376 870 quoties
1390 797 1442 854 vel

236 879 348 958 peccati
361 878 492 938 remissio
506 874 689 954 promittitur,
710 874 758 932 vel
780 883 912 951 negatur,
934 894 971 932 an
986 875 1024 933 sit
1037 875 1129 950 culpae
1153 881 1275 948 tantmn,
1290 893 1328 930 an
1352 875 1444 932 etiam

236 979 339 1038 poense,
355 967 385 1018 et
398 978 435 1017 an
450 956 549 1028 omnis,
566 972 603 1012 an
617 961 701 1011 certae
715 952 876 1026 cujusdam.
919 954 1031 1012 Rursus
1040 953 1184 1031 quomodo
1199 952 1343 1011 diceretur
1357 953 1442 1012 Deus

237 1039 378 1117 projicere
392 1044 457 1114 post
471 1043 592 1110 tergum,
608 1051 666 1090 non
680 1033 829 1109 imputare,
855 1033 960 1108 delere,
986 1053 1043 1092 non
1058 1031 1209 1108 recordari,
1224 1031 1250 1089 si
1264 1051 1362 1090 eorum
1376 1053 1441 1109 818-

237 1139 305 1176 nam
319 1117 412 1174 adhuc
427 1113 527 1189 exigit,
539 1112 579 1170 id.
590 1111 757 1171 recordatur
767 1119 796 1170 et
810 1112 848 1170 ad
860 1133 975 1190 pronam
990 1113 1137 1189 imputat?
1156 1115 1185 1171 3.
1206 1113 1311 1169 Modus
1325 1115 1441 1188 loquen-

240 1197 272 1255 di
280 1195 429 1254 commeare
443 1212 501 1250 non
512 1191 627 1269 patitur,
643 1201 676 1250 ut
689 1211 707 1250 a
720 1211 778 1268 quo
792 1192 889 1269 aliqua
898 1193 1010 1269 pcccati
1019 1211 1105 1270 poena
1118 1199 1222 1250 exacta
1236 1191 1441 1268 8818188888-

239 1273 456 1334 tumremissum
465 1271 686 1347 fuissedicatur;
699 1271 820 1330 sicenim
827 1271 936 1348 aliquid
943 1271 1028 1330 simul
1036 1281 1066 1330 et
1077 1271 1165 1330 semel
1173 1270 1446 1347 dicerennquisaas

241 1363 284 1408 tm
300 1361 329 1411 et
343 1364 440 1426 ιμτιῖι,
461 1351 606 1426 dimittere,
622 1359 651 1410 et
664 1351 792 1426 retinere,
807 1351 885 1428 quod
898 1350 1035 1429 implicat,
1050 1360 1084 1410 ut
1093 1370 1177 1409 nemo
1191 1349 1298 1408 dixerit
1311 1351 1441 1409 debitum

238 1433 325 1492 alicui
339 1431 490 1491 remissum
504 1451 568 1490 essa
582 1451 599 1488 a
612 1451 670 1508 quo
684 1431 748 1503 ejus
761 1429 866 1489 solutio
880 1430 975 1490 adhuc
996 1431 1133 1508 exigitur.
1167 1433 1196 1488 4.
1210 1431 1329 1487 Natura
1343 1431 1441 1488 remis·

239 1513 412 1590 8181118888
426 1512 511 1588 plane
525 1520 569 1569 est
580 1511 713 1587 gratuita,
725 1529 783 1568 non
796 1517 892 1586 potest
904 1510 960 1568 hcc
974 1509 1057 1586 ferre,
1069 1510 1137 1587 quia
1145 1508 1223 1586 quod
1234 1509 1329 1568 soluto
1343 1509 1441 1586 aliquo

261 1592 332 1652 18118
345 1599 534 1668 comparatur,
545 1608 603 1647 non
611 1597 706 1666 potest
719 1588 776 1647 dici
787 1589 953 1666 gratuitum.
978 1591 1007 1648 5.
1019 1590 1041 1648 J
1041 1589 1177 1648 ustificati
1186 1608 1245 1647 uon
1255 1598 1376 1665 possunt
1389 1589 1439 1646 ha-

240 1613 310 1732 bere
322 1691 423 1749 pacem
437 1669 514 1747 apud
529 1670 623 1728 Deum
633 1668 722 1742 juxta
736 1669 867 1744 Paulum,
884 1669 969 1728 Rom.
983 1689 1013 1726 v.
1031 1672 1057 1743 1,
1073 1669 1097 1727 si
1111 1668 1204 1746 poenis
1217 1669 1331 1744 proprie
1345 1667 1440 1743 dictis,

241 1752 290 1811 val
304 1753 334 1809 in
349 1752 417 1825 vita,
432 1750 481 1808 vel
494 1757 560 1826 post
573 1757 693 1808 mortem
716 1747 809 1806 adhuc
831 1748 958 1807 vexandi
973 1756 1048 1806 sunt.
1070 1751 1098 1808 6.
1111 1747 1147 1805 ln
1167 1746 1302 1806 fidelibus
1316 1755 1381 1824 post
1393 1767 1441 1806 ac-

244 1839 355 1909 ceptam
367 1829 605 1904 justificationem
619 1827 700 1886 nulla
713 1827 837 1904 amplius
858 1836 903 1887 est
916 1827 1125 1902 condemnatio,
1142 1827 1227 1885 Rom.
1241 1826 1302 1884 viii.
1320 1831 1346 1885 1.
1361 1827 1442 1904 Ergo

242 1911 323 1970 nulla
336 1917 465 1968 remanet
478 1927 572 1985 poena,
587 1908 693 1985 quippe
708 1907 907 1966 condemnatio
922 1916 966 1965 est
975 1927 1068 1983 poenae
1082 1906 1266 1982 adjudicatio.

284 1990 344 2048 XI.
367 1993 395 2046 7.
417 1989 479 2047 Iste
492 1987 662 2064 hypothesis
676 1987 819 2062 supponit,
835 1985 882 2044 val
904 1986 1049 2046 Christum
1072 2006 1131 2045 non
1152 1986 1236 2063 plene
1259 1985 1441 2060 satisfecisse,

146 2107 149 2114 «
243 2089 295 2148 818
309 2069 401 2142 nobis,
413 2068 462 2126 vel
477 2067 571 2125 Deum
582 2067 628 2124 bis
642 2065 771 2144 ejusdem
786 2065 876 2126 debiti
898 2065 1069 2124 solutionem
1091 2066 1217 2142 exigere,
1241 2065 1320 2142 quod
1332 2073 1443 2123 utrum-

243 2169 299 2226 que
314 2148 432 2225 impium
448 2154 477 2206 81
490 2145 699 2224 blasphemum.
726 2144 787 2204 Nec
797 2145 993 2222 reponendum
1004 2147 1021 2178 ‘⁶
1029 2145 1221 2205 Subordinata
1230 2163 1288 2202 non
1299 2163 1443 2222 pugnare:

243 2228 312 2304 quia
334 2224 543 2286 satisfactiones
557 2226 704 2286 hominum
718 2224 875 2302 pendente
891 2224 1091 2285 satisfactione
1106 2225 1222 2299 Christi,
1232 2224 1269 2281 ab
1280 2243 1369 2300 eaque
1383 2223 1443 2280 vim

244 2305 439 2364 satisfaciendi
452 2303 578 2379 habent;
602 2305 748 2363 Christum
762 2304 934 2363 satisfecisse
959 2304 1122 2363 immediate
1144 2322 1196 2381 pro
1215 2303 1300 2380 culpa
1321 2311 1350 2362 et
1363 2311 1445 2361 reatu

243 2383 344 2442 mortis
358 2391 481 2455 aeternae,
491 2382 615 2440 mediate
630 2391 725 2442 autem
738 2403 790 2460 pro
805 2403 890 2460 poene
903 2383 990 2443 etiarn
1003 2383 1162 2461 temporali,
1174 2392 1316 2459 quatenus
1325 2382 1446 2459 gratiam

243 2461 360 2540 praebat,
375 2479 427 2536 per
437 2477 523 2534 quam
537 2478 590 2518 nos
605 2461 660 2536 ipsi
675 2462 739 2519 Deo
753 2461 991 2522 satisfaciamus.”
1034 2463 1109 2538 Quia
1124 2467 1149 2520 1.
1167 2461 1265 2520 Gratis
1276 2461 1447 2539 supponitur

242 2539 452 2601 satisfactiones
466 2546 579 2597 nostras
593 2538 774 2597 subordinari
786 2559 871 2617 posse
888 2541 1083 2602 Satisfactioni
1097 2541 1211 2616 Christi,
1234 2561 1299 2601 curn
1314 2559 1448 2619 expressa

244 2621 287 2680 illi
302 2626 501 2698 opponantur,
522 2637 588 2676 nam
603 2618 628 2676 si
642 2637 680 2676 ex
693 2619 895 2695 Leqejratitr'a,
920 2621 1047 2680 Christus
1060 2625 1321 2696 firutramoriuus,
1337 2621 1401 2680 Gal.
1417 2619 1447 2677 ii.

245 2703 293 2762 al.
336 2704 364 2758 2.
380 2699 442 2758 Ista
455 2697 580 2757 mediata
594 2696 751 2757 satisfactio
764 2697 894 2756 inaudita
914 2708 959 2758 est
980 2701 1011 2758 in
1034 2701 1189 2777 Scriptura,
1199 2749 1202 2754 .
1213 2721 1277 2777 quae
1302 2719 1449 2776 nunquam

246 2781 317 2840 dicit
338 2779 484 2838 Christum
509 2777 690 2852 satisfecisse,
714 2785 747 2837 ut
760 2778 844 2838 uobis
866 2779 1027 2855 acquireret
1045 2781 1105 2838 rim
1127 2779 1337 2855 satisfaciendi,
1358 2779 1409 2838 sed
1422 2784 1450 2832 1,·

247 2868 327 2916 tavent
334 2879 392 2936 per
405 2859 524 2935 88188818
538 2867 721 2936 peccatorum
732 2857 925 2934 expiationem
936 2858 1047 2934 fecisse,
1062 2867 1091 2918 et
1106 2859 1147 2918 sic
1160 2879 1213 2917 noa
1230 2860 1294 2919 Deo
1302 2859 1451 2918 reconcili-

247 2959 319 3014 asse,
336 2947 394 2998 818
409 2937 497 3014 Legis
510 2937 711 2997 maledictione
725 2956 779 2995 nos
792 2937 938 3012 liberasse,
954 2937 1062 2996 fectum
1072 2959 1124 3016 pro
1134 2939 1218 2996 nobis
1229 2939 1449 2998 execrationem.

247 3017 398 3093 Quomodo
413 3036 481 3076 vcro
492 3025 590 3094 posset
604 3017 660 3075 dici
676 3017 807 3076 Christus
830 3025 948 3094 peccata
966 3027 1065 3076 nostra
1086 3017 1187 3076 tulisse
1211 3018 1241 3075 in
1266 3037 1383 3094 corpore
1399 3037 1450 3076 suo

248 3117 333 3175 super
346 3097 467 3174 lignum,
483 3096 513 3154 id
528 3104 579 3171 cst,
596 3115 696 3172 poenas
710 3116 817 3171 eorum,
833 3105 862 3155 et
876 3096 1104 3156 amaledictione
1117 3117 1171 3155 uos
1183 3095 1331 3173 liberasse,
1342 3105 1371 3156 et
1384 3097 1451 3156 Chi-

246 3177 422 3254 rographum
436 3175 514 3253 quod
528 3176 612 3234 nobis
627 3183 687 3234 erat
701 3174 853 3234 adversum
868 3174 1010 3234 delevisse
1024 3177 1167 3236 attulisse
1182 3177 1218 3234 de
1232 3177 1335 3252 medio,
1352 3176 1414 3235 Col.
1423 3175 1452 3235 it

249 3258 295 3330 14,
311 3263 340 3314 et
354 3256 439 3314 unice
453 3255 597 3314 oblatione
612 3255 642 3312 in
656 3263 824 3333 perpetuum
846 3275 1059 3314 consummasse
1080 3275 1131 3314 eos
1155 3256 1205 3333 qui
1230 3256 1452 3329 sanctificantur,

248 3333 324 3392 Heb.
340 3355 369 3391 x.
388 3337 433 3408 14,
457 3334 481 3392 si
495 3335 656 3410 aliquarum
669 3353 817 3411 poenarum
842 3343 923 3394 reatu
950 3342 1083 3394 tenentur
1096 3335 1191 3393 adhuc
1201 3333 1310 3410 fideles,
1326 3355 1378 3412 pro
1391 3355 1449 3412 quo

247 3413 318 3487 ipsis
333 3411 427 3470 adhuc
442 3412 674 3472 satisfaciendum
689 3413 751 3472 sit?
791 3413 923 3489 Denique
937 3413 1040 3472 modus
1053 3414 1191 3491 loquendi
1211 3433 1269 3473 non
1290 3415 1406 3492 patitur,
1420 3424 1453 3473 ut

248 3489 398 3566 pronubis
413 3490 586 3550 satisfecisse
601 3492 720 3568 dicatur,
736 3489 792 3550 nisi
806 3493 856 3569 qui
870 3513 925 3551 aere
940 3513 992 3552 suo
1007 3493 1135 3552 debitum
1149 3501 1279 3552 nostmm
1301 3494 1452 3571 expunxit

288 3566 366 3623 XII.
389 3567 456 3623 Non
469 3568 565 3627 minus
585 3569 709 3628 absurde
730 3573 873 3647 regeritur
899 3575 916 3605 “
927 3573 1144 3632 satisfactiones
1154 3581 1268 3631 8881188
1290 3573 1405 3650 requiri,
1420 3581 1453 3630 ut

251 3643 415 3704 Setisfactio
431 3645 547 3719 Christi,
563 3654 592 3704 et
607 3647 750 3706 Remisaio
764 3668 815 3724 per
830 3671 892 3709 cem
906 3652 1047 3726 acquisita
1057 3652 1141 3710 nobis
1150 3651 1339 3728 applicetur.''
1381 3650 1456 3724 Quia

127 3797 134 3810 ,
248 3723 317 3784 licet
331 3723 502 3801 applicanda
517 3723 554 3781 sit
568 3725 690 3800 singulis
704 3726 839 3786 fidelibus
854 3730 961 3788 Christi
977 3731 1140 3790 Satisfactio
1154 3740 1186 3790 ut
1200 3731 1271 3807 ipsis
1284 3731 1384 3807 prosit,
1399 3731 1454 3788 hoc

248 3825 301 3884 per
314 3803 445 3864 Verbum
459 3811 488 3862 et
504 3803 688 3862 Sacramenta
702 3813 829 3879 externe,
845 3827 897 3884 per
912 3809 1048 3886 Spiritum
1064 3817 1093 3868 et
1106 3809 1192 3868 fidem
1203 3811 1315 3868 interne
1329 3809 1391 3868 fieri
1405 3809 1456 3868 de-

249 3885 307 3962 bet,
322 3905 381 3943 non
395 3903 464 3943 vero
478 3891 634 3960 potestper
648 3882 859 3943 satisfactiones
879 3887 950 3962 fieri,
974 3908 1038 3966 quaa
1061 3890 1125 3948 Deo
1147 3888 1253 3948 dehent
1275 3887 1379 3963 offerri,
1396 3909 1455 3947 non
1564 3932 1565 3950 .

249 3965 433 4040 hominibus;
456 3963 518 4022 Nec
531 3983 658 4040 unquam
673 3962 758 4022 fando
773 3964 911 4041 auditum,
927 3968 1124 4027 remissionem
1135 3967 1225 4027 debiti
1234 3968 1371 4046 applicari
1392 3967 1458 4040 ejus

251 4046 409 4120 exactione,
426 4053 454 4103 81
469 4043 599 4118 debitori,
615 4051 647 4103 ut
661 4043 686 4103 is
701 4043 842 4103 solutione
857 4065 909 4122 pro
923 4046 987 4122 ipso
1001 4057 1031 4106 et
1046 4047 1190 4125 Sponsore
1198 4047 1327 4124 praestita
1336 4047 1456 4121 fruatur,

249 4122 305 4181 hoc
319 4123 493 4198 incumbere,
509 4131 641 4200 utquam
655 4143 707 4201 pro
722 4143 756 4183 eo
783 4123 910 4200 Sponsor
931 4127 1094 4186 numeravit
1117 4127 1276 4204 pecuniam,
1301 4127 1326 4183 is
1341 4145 1457 4202 quoque

250 4201 369 4260 eandem
384 4212 485 4278 postea
499 4203 640 4261 Creditori
654 4224 693 4262 ex
703 4223 759 4262 aere
769 4223 820 4262 suo
829 4213 967 4280 numeret,
977 4206 1026 4264 vel
1036 4213 1115 4264 certe
1126 4206 1250 4282 aliquam
1260 4205 1325 4282 ejus
1335 4213 1458 4281 partem.

251 4281 364 4340 Rursus
378 4281 411 4354 si,
426 4289 459 4338 ut
473 4281 556 4338 nobis
572 4282 678 4340 Christi
693 4303 744 4360 pro
759 4284 851 4360 poenis
866 4285 1072 4360 temporalibus
1098 4284 1262 4344 Satisfactio
1286 4283 1458 4361 applicatur,

249 4359 433 4436 requiruntur
447 4358 656 4419 satisfactiones
670 4369 784 4437 nostrae,
800 4381 851 4420 cur
865 4382 922 4420 non
935 4364 1043 4439 pariter
1065 4364 1234 4422 necessariae
1255 4371 1347 4437 amnt,
1362 4371 1396 4421 ut
1410 4382 1462 4440 ap-

248 4439 372 4515 plicatur
386 4437 486 4495 cadem
500 4457 552 4514 pro
567 4439 652 4516 culpa
666 4448 694 4498 et
708 4459 794 4517 poena
808 4444 937 4499 aterna?
977 4442 1034 4500 Vel
1049 4443 1074 4500 81
1088 4463 1145 4502 non
1160 4441 1266 4518 requiri
1280 4441 1408 4500 fatentur
1421 4442 1462 4500 ad

249 4517 335 4574 istam
349 4516 586 4591 applicationem
609 4537 660 4577 cur
673 4519 854 4595 requirentur
875 4519 912 4576 ad
937 4519 1031 4596 aliam,
1056 4541 1123 4580 cum
1146 4521 1227 4581 nulla
1250 4519 1346 4579 afferri
1366 4521 1462 4597 possit

250 4593 423 4650 discriminis
437 4593 533 4652 ratio?
574 4595 706 4673 Denique
721 4597 746 4654 81
759 4595 922 4656 satisfactio
935 4598 1041 4658 Christi
1052 4599 1245 4660 satisfactione
1259 4607 1359 4660 nostra
1369 4599 1463 4677 appli-
