3150 5206
137 345 249 396 cussr.
265 329 321 409 va]
588 348 627 388 ns
642 348 766 390 annana
780 349 908 392 aalma.
1288 334 1345 392 189

142 495 244 568 egara,
259 486 343 564 quasi
356 487 465 547 lumine
480 487 581 564 gratie
599 507 699 548 omnes
720 490 912 566 illuminaret;
935 489 1007 548 Cum
1028 490 1084 548 hoc
1104 488 1289 566 privilegium
1311 491 1349 550 sit

140 567 282 643 bdelium,
297 567 348 644 qui
362 567 472 626 suntin
487 567 628 644 Ecclesia,
640 569 691 646 qui
705 569 797 627 Verbi
810 577 840 628 et
856 569 980 647 Spiritus
994 570 1058 628 luce
1081 569 1217 646 gaudent.
1239 569 1347 630 Joben.

141 647 163 704 i.
173 648 201 722 9,
216 647 314 724 agitur
327 646 364 705 de
377 647 466 724 priori
480 646 571 723 σχίηι,
586 667 643 706 non
659 648 695 706 de
708 648 870 724 posteriori.

183 726 298 785 XXII.
321 726 400 786 Hlud
415 745 529 804 semper
541 746 643 786 verum
664 735 716 802 cst,
739 728 819 804 quod
839 734 937 806 potest
960 725 1103 802 affirmari
1129 727 1191 786 sive
1211 725 1248 786 de
1272 727 1348 788 facto

141 805 308 880 affirmetur,
324 806 386 864 sive
400 825 468 881 non,
485 806 537 865 sed
551 825 585 865 co
599 806 715 866 demum
730 826 825 881 sensu,
840 827 898 885 quo
913 813 1011 884 posset
1025 805 1175 883 affirmari;
1198 805 1250 865 sed
1270 807 1349 884 quod

141 905 203 944 non
216 893 315 963 posset
329 884 471 960 affirmari,
491 885 548 944 nisi
568 885 665 963 aliqua
679 885 844 946 conditione
864 887 966 980 posita,
989 905 1024 944 ea
1043 893 1149 963 negata
1169 904 1270 944 verum
1290 905 1349 946 non

143 972 197 1040 est,
213 983 243 1023 r.
258 984 287 1042 g.
311 964 414 1024 Posset
427 964 545 1041 quidem
559 964 702 1041 affirmari,
720 967 854 1043 Paganos
864 966 962 1044 Jubcri
976 974 1006 1025 et
1016 965 1108 1025 teneri
1122 964 1238 1024 credere
1249 966 1347 1024 Evan-

142 1044 232 1122 gelio,
248 1042 345 1102 siillis
359 1044 596 1120 annunciaretur3
619 1043 671 1103 sed
684 1064 786 1104 verum
799 1065 859 1105 non
873 1053 917 1105 est
931 1045 997 1104 illos
1008 1045 1105 1122 juberi
1125 1051 1155 1102 et
1175 1045 1266 1104 teneri
1287 1065 1347 1105 cre-

142 1123 213 1181 dere
241 1123 412 1200 Evangelio,
439 1123 575 1203 etsijnon
598 1125 788 1184 annuncietur
810 1125 891 1202 ipsis.
943 1124 1048 1184 Posset
1074 1123 1190 1201 quidam
1215 1125 1349 1184 affirmari

144 1201 292 1261 Christum
306 1221 358 1278 pro
372 1201 431 1260 illis
453 1221 517 1261 esse
539 1210 692 1278 mortuum,
718 1203 744 1262 si
767 1204 839 1281 ipsis
860 1203 1083 1263 annunciaretur
1101 1203 1304 1280 Evangelium,
1319 1211 1349 1263 et

143 1281 171 1340 si
191 1280 290 1339 audito
310 1281 472 1357 Evangelio
496 1282 698 1359 resipiscerent
721 1291 751 1342 et
770 1283 928 1360 crederent,
944 1283 1013 1359 quia
1033 1290 1102 1342 tunc
1121 1283 1298 1360 pertinerent
1310 1283 1348 1342 ad

144 1359 253 1419 electos
267 1367 296 1418 et
318 1359 482 1419 faederatos.
525 1361 584 1420 Sed
606 1381 665 1420 non
688 1369 787 1439 posset
809 1363 951 1437 affirmari,
975 1381 1028 1421 nec
1051 1381 1151 1420 verum
1172 1370 1224 1438 est,
1251 1362 1347 1422 Chris·

142 1447 207 1498 tum
227 1459 279 1516 pro
293 1439 352 1497 illis
372 1459 435 1498 esse
456 1447 609 1516 mortuum,
631 1441 687 1500 etsi
707 1461 760 1499 nec
781 1441 900 1500 credant
919 1461 973 1499 nec
993 1441 1171 1518 resipiscant,
1194 1460 1247 1500 nec
1267 1442 1347 1518 quic·

142 1537 231 1594 quam
246 1518 365 1576 audiant
377 1519 414 1577 de
429 1519 600 1596 Evangelio,
613 1520 681 1596 quis
694 1528 763 1579 tunc
778 1519 893 1580 ducitur
906 1528 1107 1596 argumentum
1121 1539 1140 1578 a
1153 1519 1348 1580 conditionate

53 1649 60 1664 ,
97 1617 99 1620 ·
143 1596 184 1655 ad
196 1597 369 1657 absolutum.

187 1677 317 1736 XXIII.
339 1677 478 1751 Quamvis
496 1678 576 1736 varia
590 1678 755 1738 testimonia
768 1675 914 1754 bonitatis,
937 1687 966 1736 et
987 1677 1133 1754 patientie
1155 1698 1215 1736 sua
1236 1678 1348 1737 dederit

144 1755 282 1833 Paganis,
298 1757 403 1835 quibus
417 1758 537 1816 excitari
550 1757 696 1816 debebant
713 1757 751 1815 ad
766 1757 930 1817 Creatorem
951 1776 1033 1816 suum
1052 1757 1164 1833 jugiter
1183 1757 1346 1834 glorifican-

143 1835 224 1908 dum,
240 1844 269 1896 et
283 1836 392 1913 gratias
405 1836 534 1913 agendas
547 1836 602 1914 ipsi
621 1856 674 1913 pro
688 1844 731 1896 tot
751 1833 898 1895 beneficiis
917 1836 1022 1912 quibus
1044 1834 1258 1910 afficiebantur3
1281 1837 1347 1895 Non

144 1915 276 1991 sequitur
288 1917 445 1974 revelatam
459 1915 530 1992 ipsis
554 1916 642 1974 fuisse
656 1915 882 1975 miscricordiam
896 1923 925 1974 et
938 1914 1166 1992 placabilitatem
1181 1915 1256 1991 Dei;
1278 1913 1345 1992 Vel,

144 1995 171 2052 si
185 1993 282 2071 aliqua
306 1995 400 2071 potuit
422 1994 523 2053 baberi
543 1996 675 2072 americo
697 2004 724 2053 et
746 1997 862 2070 confina
878 1994 1081 2070 placabilitatis
1105 1994 1206 2052 dr'ainae
1227 1995 1325 2053 notitia
1335 2019 1347 2067 ;

144 2073 243 2132 statim
254 2073 321 2132 inde
336 2073 531 2149 colligendam
545 2093 602 2133 non
617 2083 662 2132 est
676 2075 834 2133 distinctam
848 2082 877 2132 et
890 2075 1045 2152 specificam
1058 2073 1100 2131 ibi
1115 2073 1223 2148 baberi,
1240 2073 1269 2130 in
1291 2093 1349 2150 qus

143 2171 228 2210 mens
241 2153 400 2230 peccatoris
414 2161 501 2229 queat
515 2154 588 2230 erigi
602 2154 632 2210 in
646 2160 754 2212 cartam
768 2161 797 2212 ct
810 2172 909 2211 veram
929 2153 1065 2211 fiduciam
1085 2152 1262 2210 remissionis
1282 2172 1347 2229 pec-

143 2240 275 2290 catorum
290 2251 414 2306 suorum,
431 2241 460 2290 et
474 2232 575 2290 salutis
589 2239 711 2308 sternas,
726 2233 795 2309 quia
813 2240 896 2290 extra
910 2231 1056 2290 Christum
1077 2239 1106 2289 et
1127 2232 1190 2308 ejus
1213 2231 1347 2290 Satisfec-

143 2311 263 2386 tionem,
284 2330 348 2387 quae
370 2309 478 2368 lumine
498 2318 608 2370 naturae
629 2311 765 2388 cognosci
786 2311 894 2387 nequit,
917 2311 1017 2370 heberi
1037 2330 1096 2368 non
1115 2318 1219 2387 potest.
1261 2309 1349 2369 Adde

145 2389 228 2465 quod
240 2389 334 2448 foedus
349 2389 458 2449 Gratia
472 2409 530 2447 non
544 2391 676 2450 consistit
689 2399 802 2450 tantum
821 2391 851 2447 in
871 2391 1048 2449 revelatione
1064 2389 1274 2465 placabilitatis,
1297 2390 1349 2449 sed

146 2469 269 2528 aemalr's
291 2474 461 2539 sacaaavytc
482 2470 712 2528 reconciliationis
733 2471 795 2528 sive
815 2469 959 2546 praestitae,
982 2471 1044 2528 eive
1065 2469 1244 2545 praestanda.
1287 2469 1348 2527 Nec

145 2546 254 2606 suffieit
268 2547 304 2604 ad
319 2549 449 2622 salutem,
465 2548 538 2605 scire
553 2549 647 2606 Deum
662 2569 725 2607 esse
739 2548 919 2625 placabilem,
934 2548 992 2606 nisi
1012 2547 1136 2606 sciamus
1158 2567 1223 2606 eum
1244 2548 1347 2626 reipsa,

145 2626 196 2685 vel
207 2626 269 2702 jam
284 2646 346 2685 esse
360 2627 514 2704 placatum,
529 2627 578 2685 vel
592 2636 669 2686 certo
683 2627 865 2704 placandum.

188 2705 315 2764 XXIV.
338 2707 420 2764 Licet
435 2706 514 2764 Deus
528 2725 586 2763 non
601 2727 632 2764 se
645 2706 793 2782 reliquerit
806 2705 883 2782 apud
893 2705 1003 2764 Gentes
1017 2705 1079 2763 sine
1093 2705 1170 2763 omni
1184 2705 1350 2764 testimonio

146 2803 207 2842 suaa
222 2785 392 2858 existentiae,
407 2785 607 2861 providentia,
621 2793 650 2843 et
663 2785 867 2859 beneficentiae,
883 2805 934 2861 per
948 2783 1087 2843 beneficia
1103 2783 1271 2860 temporalia
1285 2804 1350 2860 quse

145 2863 206 2921 illis
227 2863 412 2940 largiebatur,
435 2862 502 2922 Act.
518 2863 579 2921 xiv.
596 2867 641 2938 17,
663 2883 722 2922 non
742 2872 839 2942 potest
858 2864 925 2922 bins
945 2863 1073 2938 legitime
1095 2861 1229 2920 concludi
1249 2865 1350 2938 gratiae

146 2942 284 3000 salutaris
298 2942 491 3019 cognitionem
506 2942 576 3018 ipsis
590 2942 730 3000 indultam
745 2962 817 3016 esse,
833 2942 889 3000 nisi
902 2941 1026 2999 velimus
1041 2941 1180 2998 Naturam
1195 2961 1260 2998 eum
1276 2941 1348 3000 Gra-

146 3021 189 3079 tia
203 3020 386 3096 confirndere,
403 3029 432 3079 et
444 3021 559 3097 pluvias
572 3041 606 3079 ac
621 3029 805 3100 tempestates
819 3019 971 3096 frugiferas
984 3019 1077 3077 facere
1091 3037 1237 3094 praecones
1252 3019 1348 3078 Evan-

147 3101 227 3176 gelii,
243 3107 343 3158 contra
357 3107 481 3159 testante
496 3099 647 3176 Apostolo,
663 3103 757 3158 Deum
771 3119 819 3158 eas
839 3099 931 3157 simae
950 3099 1002 3156 via
1020 3099 1077 3156 snas
1098 3098 1232 3172 incedere,
1254 3099 1348 3157 nimir.

146 3179 291 3255 privando
310 3197 359 3237 eas
379 3178 444 3238 luce
457 3178 548 3252 verbi,
571 3187 600 3237 et
620 3179 739 3238 salutari
760 3179 924 3255 cognitione
945 3176 1060 3236 Christi.
1102 3176 1195 3237 Aliud
1215 3196 1284 3234 vero
1306 3186 1350 3236 est

146 3256 367 3316 beneficentiam
382 3277 463 3316 suam
477 3265 507 3316 et
520 3261 607 3332 stragis
624 3259 724 3317 testari
744 3278 814 3334 erga
833 3256 964 3315 homines
984 3275 1036 3332 per
1056 3256 1196 3314 bonorum
1216 3275 1348 3332 corpora-

146 3336 220 3394 lium
234 3337 458 3411 concessionem,
473 3337 521 3394 vel
534 3356 586 3412 per
599 3356 747 3413 poenarum
770 3336 931 3395 debitarum
953 3335 1170 3411 suspensionem
1192 3342 1222 3392 et
1235 3335 1349 3393 dilatio-

147 3434 235 3490 nem,
257 3415 337 3491 quod
350 3415 440 3473 oritur
454 3435 492 3472 er
506 3414 635 3474 bonitate
649 3425 678 3474 et
692 3416 833 3492 sapientia
854 3415 911 3472 Dei
925 3413 1068 3472 Creatoris
1089 3420 1119 3472 et
1140 3412 1349 3473 Gubernatoris

147 3495 178 3551 in
193 3493 294 3551 ordine
308 3501 437 3563 naturae;
460 3493 551 3552 Aliud
575 3494 798 3552 misericordiam
820 3493 956 3552 exhibere
977 3493 1008 3549 in
1028 3493 1195 3550 remissione
1216 3502 1348 3569 peceato·

146 3592 212 3630 rum
234 3581 265 3630 et
285 3572 425 3631 bonorum
447 3572 638 3648 spiritualium
659 3581 688 3630 et
709 3581 879 3631 aeternorum
900 3571 1166 3646 communicatione,
1189 3573 1267 3648 quod
1288 3573 1349 3630 sine

148 3651 265 3710 Christo
292 3651 355 3708 fieri
382 3651 490 3726 nequit.
547 3650 631 3709 Prius
656 3671 824 3710 concessum
851 3651 906 3710 tuit
930 3650 1082 3724 Gentibus,
1112 3669 1170 3709 non
1197 3651 1348 3727 posterius.

146 3729 234 3804 Quod
248 3730 353 3787 eximie
370 3729 504 3788 Calvinae
516 3737 615 3788 noster
628 3729 658 3786 in
672 3730 700 3786 b.
715 3731 735 3786 l.
751 3729 843 3804 docet,
868 3733 885 3762 ‘⁴
900 3728 1097 3804 Videndum,'’
1119 3729 1220 3804 inquit,
1245 3733 1263 3763 ‘⁴
1277 3749 1348 3805 quo·

145 3808 234 3866 modo
249 3809 311 3866 haec
325 3807 383 3866 duo
397 3809 471 3865 inter
485 3827 515 3866 se
530 3809 711 3866 conveniant.
754 3809 829 3866 Nam
843 3808 868 3866 si
882 3808 918 3865 de
932 3827 963 3866 sa
978 3815 1100 3866 testatus
1120 3817 1165 3866 est
1179 3808 1268 3882 Deus,
1291 3827 1349 3865 non

145 3905 251 3964 passus
265 3895 317 3960 est,
333 3887 517 3962 quantumin
532 3905 561 3944 se
576 3895 628 3960 est,
644 3886 782 3945 mundum
797 3905 900 3945 errare.
929 3886 1103 3962 Respondeo
1116 3904 1208 3962 genus
1222 3885 1277 3941 hoc
1291 3892 1348 3943 tes·

145 3965 261 4024 timonii
275 3966 359 4041 cujus
372 3965 406 4022 fit
419 3965 535 4039 mentio,
558 3965 615 4023 tale
636 3965 733 4040 baisse,
756 3965 834 4042 quod
853 3965 985 4023 homines
1005 3963 1191 4021 excusatione
1211 3962 1347 4037 privaret,

145 4063 205 4102 non
219 4051 316 4102 autem
331 4043 474 4102 sufficeret
488 4043 661 4102 adsalutem
675 4066 681 4102 :
703 4044 814 4102 Verum
828 4045 904 4102 enim
919 4052 963 4102 est
976 4041 1050 4099 illud
1067 4040 1210 4116 Apostoli,
1225 4039 1283 4097 fide
1304 4041 1346 4098 in-

145 4123 241 4198 telligi
262 4129 360 4198 aptata
381 4120 470 4178 fuisse
484 4122 574 4179 verbo
589 4123 644 4179 Dei
666 4122 779 4197 secula;
802 4122 882 4198 atqui
902 4122 974 4179 fides
996 4137 1053 4176 non
1074 4137 1112 4176 ex
1132 4118 1211 4176 nudo
1232 4119 1298 4176 ooeli
1318 4129 1348 4178 et

144 4210 229 4260 terne
244 4201 351 4259 intuitu
365 4199 533 4276 concipitur,
549 4201 601 4258 sed
614 4221 651 4258 ex
666 4201 757 4258 Verbi
778 4201 896 4260 auditu:
919 4199 1004 4258 Unde
1026 4196 1155 4272 sequitur
1174 4216 1233 4254 non
1252 4217 1347 4272 posse,

144 4279 202 4337 nisi
217 4279 309 4338 Verbi
324 4277 489 4351 directione,
505 4279 543 4336 ad
557 4278 715 4337 salvificam
731 4279 787 4337 Dei
799 4279 931 4338 notitiam
946 4276 1077 4334 homines
1091 4274 1204 4332 adduci.
1247 4275 1348 4352 Neque

144 4367 243 4417 tamen
257 4360 312 4416 hoc
327 4356 432 4431 obstat,
448 4358 601 4433 quominus
615 4357 700 4416 etiam
716 4359 824 4435 absque
839 4357 938 4416 Verbo
952 4353 1108 4412 reddantur
1126 4353 1347 4427 inexcusabiles,

163 4438 194 4496 ui
208 4436 325 4498 tametsi
339 4435 509 4494 naturaliter
521 4437 585 4495 luce
599 4437 713 4513 privati,
737 4437 853 4514 propria
866 4444 962 4494 tamen
983 4433 1092 4490 malitia
1113 4432 1293 4506 caecutiant,”
1315 4440 1348 4492 ut

144 4457 229 4576 docet
244 4515 364 4588 Paulus,
381 4515 464 4573 Rom.
480 4515 499 4572 i.

183 4595 294 4653 XXV.
317 4593 412 4668 Quum
428 4593 536 4653 Paulus
551 4595 599 4670 ait,
617 4594 684 4653 Act.
700 4594 771 4667 xvii.
787 4597 834 4667 26,
850 4596 898 4668 27,
923 4595 941 4625 “
956 4592 1050 4648 Deum
1065 4589 1167 4648 secisse
1182 4607 1273 4666 genus
1294 4588 1347 4646 hu-
