3150 5206
263 340 322 396 250
647 355 876 396 recusaremus
888 355 1021 397 ruamus.
1297 341 1426 422 [eumer.
1443 365 1460 404 ι.

259 497 325 556 dem
335 495 509 573 comparatio
523 515 587 556 esee
597 505 692 574 potest
700 497 775 556 inter
788 497 985 574 captivitatem
997 497 1215 574 Babylonleam,
1230 507 1259 558 ot
1266 499 1459 562 tristissimam

260 578 281 636 J
283 577 431 635 udaeorum
446 574 654 653 dispersionem
664 575 857 635 hodiernam?
908 577 985 650 Quid
998 579 1118 636 exilium
1130 580 1169 636 70
1179 599 1319 638 annorum
1333 601 1459 642 commu·

258 676 295 714 ne
309 656 397 714 habet
411 675 476 713 cum
491 657 579 714 exilio
595 659 631 715 16
647 657 832 715 seculorum?
883 657 919 713 In
933 657 984 714 illo
999 676 1064 733 spes
1078 666 1139 716 erat
1152 647 1351 736 restitutionis,
1368 671 1399 720 et
1413 662 1459 720 dc·

187 775 188 779 ,
259 735 385 812 signatio
398 735 482 810 finie;
506 736 564 794 Hic
578 756 647 794 vero
661 736 734 793 nihil
748 737 814 794 tale.
842 735 923 794 Tunc
938 737 1032 794 stabat
1046 737 1140 795 adhuc
1154 757 1258 815 corpus
1272 739 1386 817 Gentis,
1397 761 1459 818 quse

259 814 610 892 suielegibusutehatu13
634 816 718 874 Nunc
733 815 786 873 sub
801 815 895 874 aliena
908 823 1049 893 potestate
1063 824 1092 874 et
1104 816 1220 893 legibus
1234 820 1346 878 viuuut.
1379 821 1460 879 Tunc

258 895 364 954 Tribus
386 895 481 953 adhuc
495 894 638 954 distincta
652 904 681 954 et
695 895 810 952 familiae
827 895 1025 954 Sacerdotales
1039 904 1068 954 et
1083 896 1184 972 Regias
1197 897 1459 976 interstingneban·

258 983 321 1050 tur;
344 975 429 1032 Nunc
444 975 540 1032 omnia
553 976 629 1033 inter
642 994 692 1034 eos
717 974 836 1033 confusa
850 983 879 1032 et
891 975 1065 1051 perturbata,
1081 983 1114 1033 ut
1127 976 1208 1034 nulla
1221 978 1269 1036 vel
1284 978 1399 1038 Politia
1413 981 1461 1038 vel

260 1055 398 1113 Ecclesiae
412 1054 501 1112 facies
522 1062 665 1131 appareat,
689 1053 740 1112 sed
760 1053 897 1112 horribile
916 1053 1126 1113 maledictionis
1150 1055 1257 1116 dlvinae
1278 1057 1310 1115 in
1322 1058 1460 1135 reliquias
1562 1085 1563 1126 1

258 1133 330 1192 istas
344 1134 448 1192 misere
460 1133 591 1210 palantes
605 1134 779 1213 exemplum.

259 1251 494 1298 p„,3,d,m„„„
560 1214 685 1271 XXVI.
707 1213 804 1271 Tertia
825 1212 1030 1270 demonstratio
1049 1213 1158 1289 petitur
1178 1234 1195 1272 a
1217 1216 1326 1292 Ternpli
1348 1219 1465 1277 ⁸002de
1562 1239 1563 1268 l

288 1311 324 1355 tio
353 1325 368 1354 a
402 1309 496 1367 Tempu
518 1293 627 1366 Gloria,
643 1312 700 1370 quo
711 1293 805 1350 adhuc
820 1300 913 1350 stante
927 1291 1027 1350 debuit
1042 1293 1165 1352 Messias
1176 1295 1283 1354 venire.
1311 1295 1462 1374 Praeroga-
1562 1311 1563 1352 1

288 1368 385 1414 emundi
401 1369 489 1426 gloria
518 1374 580 1431 tiva
590 1373 666 1430 enim
677 1372 791 1449 Templi
802 1370 920 1429 secundi
933 1371 963 1428 in
974 1371 1142 1448 seponitur,
1154 1373 1233 1450 quod
1243 1375 1368 1434 Messias
1380 1377 1463 1435 Prin·
1562 1427 1563 1450 ,

211 1525 214 1530 Ι
259 1475 327 1532 ceps
342 1454 426 1512 Pacis
439 1453 514 1512 illud
527 1453 680 1530 praesentia
694 1471 746 1510 sua
760 1459 836 1509 esset
850 1450 1096 1509 cohonestatum.
1138 1453 1210 1511 (lum
1225 1473 1294 1512 vero
1308 1454 1461 1533 Templum

259 1533 417 1592 secundum
438 1533 548 1591 dudum
568 1531 747 1590 destructum
768 1529 814 1604 sit,
829 1538 1031 1606 argumentum
1051 1539 1096 1589 est
1116 1533 1306 1592 certissimum
1321 1534 1462 1594 Messiam

254 1615 316 1692 jam
331 1614 450 1689 alongo
464 1621 591 1690 tempore
605 1612 729 1670 venisse.
773 1611 927 1668 Charaeter
939 1609 994 1668 iste
1006 1609 1152 1686 colligitur
1165 1631 1202 1669 ex
1214 1611 1337 1672 Oracnlo
1353 1615 1462 1692 duplici

260 1693 376 1771 Aggaei,
392 1703 422 1752 et
437 1692 597 1766 Malachiae,
608 1691 659 1750 ubi
673 1691 749 1749 clare
764 1689 940 1764 adstruitur,
956 1688 1061 1765 Aggae.
1077 1709 1101 1748 c.
1117 1691 1147 1748 ii,
1158 1711 1219 1750 ver.
1235 1694 1261 1766 6,
1278 1696 1306 1768 7,
1323 1694 1341 1725 “
1353 1693 1462 1752 Adhuc

258 1774 405 1852 pusillum,
421 1781 451 1832 et
471 1793 526 1849 ego
548 1781 668 1830 tremere
689 1769 791 1829 faciam
813 1768 902 1826 coelos
916 1777 945 1826 et
956 1778 1073 1846 terram,
1088 1789 1166 1827 mare
1183 1777 1212 1828 et
1226 1771 1344 1846 aridam,
1360 1781 1390 1831 et
1403 1781 1461 1832 tre-

257 1873 335 1911 mere
348 1851 452 1910 faciam
466 1871 566 1910 omnes
580 1858 691 1928 gentes,
707 1857 736 1908 et
749 1849 847 1907 veniet
861 1847 1034 1906 desiderium
1049 1849 1176 1907 omnium
1190 1851 1328 1925 gentium,
1362 1861 1391 1910 et
1407 1853 1458 1910 im·

257 1933 344 2009 plebo
365 1932 482 1990 domum
502 1932 577 1988 hanc
592 1929 692 2006 gloria,
708 1928 784 1987 dixit
798 1927 969 2002 Dominus,’'
985 1936 1015 1986 et
1028 1947 1088 1986 ver.
1103 1930 1131 2002 9,
1149 1931 1166 1960 “
1180 1949 1285 2006 magna
1300 1931 1354 1990 erit
1368 1931 1462 2008 gloria

257 2010 361 2069 domus
381 2011 469 2086 hujus
490 2009 663 2082 novissimae,
687 2008 839 2084 plusquam
860 2007 959 2084 primae
971 2007 1004 2082 ;”
1027 2007 1098 2064 Mal.
1113 2027 1137 2065 c.
1160 2007 1200 2065 iii.
1217 2012 1243 2083 1,
1265 2008 1342 2068 idem
1357 2010 1461 2068 confir-

258 2099 327 2166 mat,
352 2091 369 2122 “
380 2089 456 2146 Ecce
471 2107 526 2164 ego
540 2088 658 2145 mittens
674 2087 822 2162 Angelum
836 2105 940 2159 meum,
956 2094 985 2144 et
999 2087 1171 2162 praeparabit
1184 2087 1261 2145 viam
1276 2108 1372 2147 coram
1388 2090 1462 2149 facie

258 2189 331 2241 mea,
347 2177 376 2226 et
387 2167 483 2226 statim
495 2167 592 2225 veniet
607 2165 643 2223 ad
658 2165 810 2242 Templum
822 2184 905 2223 suum
921 2165 1091 2223 Dominator
1105 2185 1189 2242 quem
1204 2167 1341 2243 quaeritis,
1358 2169 1462 2246 Ange-

256 2249 303 2306 lus
319 2247 450 2304 Foederis
460 2265 546 2322 quem
557 2265 610 2302 vos
622 2244 819 2304 desideratis.''
832 2243 917 2303 Unde
932 2244 973 2302 sic
984 2254 1234 2321 argumentamur:
1250 2247 1316 2305 Non
1330 2248 1462 2308 desnos·

257 2336 305 2386 tur
325 2325 477 2401 Templum
492 2323 658 2400 secundum,
687 2323 779 2381 donec
793 2323 905 2382 venerit
920 2324 1061 2399 Messias3
1084 2325 1163 2401 Ergo
1178 2334 1256 2384 certa
1268 2335 1338 2385 nota
1351 2336 1396 2387 eet
1409 2349 1462 2388 vc·

256 2407 335 2464 nisse
356 2405 503 2477 Moesiam,
519 2403 635 2480 quando
654 2403 806 2480 Templum
830 2401 903 2460 illud
922 2402 1100 2462 destructum
1118 2413 1170 2464 est.
1214 2406 1288 2464 Nam
1310 2406 1341 2464 in
1365 2407 1462 2484 priore

255 2486 321 2544 loco
342 2483 447 2542 dicitur
467 2483 549 2542 brevi
563 2491 710 2558 venturus,
726 2490 879 2560 postquam
893 2482 1032 2559 templum
1046 2484 1125 2560 quod
1140 2483 1255 2560 Aggaeo
1269 2487 1462 2563 prophetante

256 2564 445 2622 inchoabatur
459 2570 623 2621 extructum
637 2571 722 2636 essct,
738 2571 768 2620 ct
781 2570 850 2620 tunc
863 2562 1015 2638 Templum
1036 2563 1138 2640 majori
1152 2563 1244 2640 gloria
1258 2565 1398 2642 repletum
1412 2566 1460 2642 iri,

255 2665 342 2721 quam
363 2643 451 2721 prius.
495 2643 531 2700 In
545 2641 671 2701 secundo
685 2643 790 2700 dicitur
804 2641 901 2700 statim
915 2650 1054 2702 venturus
1067 2643 1097 2699 in
1112 2642 1263 2720 Templum
1278 2663 1371 2721 suum,
1386 2645 1463 2704 illud

256 2725 367 2784 scilicet
381 2723 460 2800 quod
475 2723 620 2780 Malachia
634 2723 809 2780 vaticinante
823 2730 987 2780 extructum
1001 2731 1070 2780 erat.
1113 2722 1264 2795 Quomodo
1276 2743 1347 2782 vero
1362 2725 1461 2784 statim

254 2814 395 2864 venturus
408 2811 506 2880 posset
520 2802 586 2878 dici,
603 2801 627 2860 si
641 2821 699 2860 non
708 2809 770 2860 erat
779 2809 926 2875 venturos,
938 2801 995 2859 nisi
1005 2809 1071 2878 poet
1081 2802 1192 2878 aliquot
1201 2822 1341 2862 annorum
1351 2805 1463 2864 millis?

295 2884 438 2944 XXVII.
461 2882 623 2959 Utrobique
644 2890 739 2941 autem
762 2881 811 2957 agi
831 2881 867 2938 de
883 2881 992 2938 Moesia
1006 2881 1113 2939 clarum
1128 2890 1194 2956 est,
1218 2885 1244 2939 1.
1261 2881 1352 2959 Apud
1366 2883 1460 2942 Mala·

253 2965 356 3038 chiam,
372 2962 441 3040 quia
454 2963 551 3040 agitur
564 2962 600 3020 de
614 2982 648 3021 eo
657 2963 707 3039 qui
717 2959 875 3020 mittendus
884 2959 946 3034 luit,
962 2968 991 3018 et
1005 2968 1144 3018 venturus
1158 2961 1188 3018 in
1201 2961 1353 3038 Templum
1365 2983 1459 3038 suum,

252 3053 390 3121 tanquam
411 3043 562 3117 Dominus,
585 3049 616 3100 ct
635 3041 769 3118 Angelus
791 3039 929 3114 Foederis,
952 3039 1003 3115 qui
1022 3059 1226 3116 precursorem
1248 3042 1399 3101 habiturus
1420 3045 1461 3102 sit

252 3125 356 3200 Ellam,
372 3131 402 3182 ct
422 3123 471 3199 qui
492 3122 673 3200 querebatur
693 3130 723 3179 et
743 3120 967 3196 expectabatur,
997 3119 1039 3177 At
1059 3119 1105 3177 cui
1126 3120 1242 3178 tandem
1264 3121 1320 3179 nisi
1342 3121 1459 3181 Messias

252 3203 309 3262 ista
322 3211 484 3278 competere
499 3203 644 3278 possunt?
684 3200 745 3258 Nec
759 3199 781 3257 J
785 3199 858 3257 udaei
873 3199 928 3276 ipsi
942 3198 1085 3257 doctiores
1099 3199 1264 3275 diffitentur,
1279 3210 1313 3260 ut
1328 3201 1457 3278 R.D.K.,

251 3284 331 3340 Aban
344 3285 434 3354 Erre,
450 3281 646 3351 Mamersides,
663 3279 712 3354 qui
727 3279 765 3335 ad
786 3279 922 3336 Moesiam
938 3278 1072 3337 referunt.
1114 3283 1142 3338 2.
1159 3279 1205 3337 Ita
1219 3279 1297 3356 apud
1311 3281 1458 3358 Aggaeum

253 3361 332 3436 quod
346 3360 451 3417 dicitur
465 3358 501 3416 de
513 3357 703 3416 commotione
718 3357 791 3414 Goeli
805 3365 834 3414 et
847 3357 952 3432 Terrae,
968 3366 997 3415 et
1018 3358 1145 3417 omnium
1161 3359 1308 3434 Gentium,
1323 3370 1357 3420 ut
1376 3362 1458 3420 veni-

253 3448 304 3498 ant
318 3439 355 3496 ad
369 3436 544 3495 desiderium
558 3455 650 3510 suum,
666 3454 725 3493 non
739 3435 796 3492 alio
816 3443 912 3510 potest
932 3435 1038 3512 referti,
1057 3438 1125 3496 Sive
1139 3457 1190 3515 per
1210 3440 1377 3498 desiderium
1390 3461 1457 3516 qen-

254 3519 322 3576 tiam
336 3517 523 3591 designentur
538 3515 691 3572 desiderati
703 3514 882 3590 exgentibus,
899 3514 937 3572 id.
953 3527 1094 3594 quotquot
1109 3535 1153 3576 'cx
1174 3518 1309 3594 gentibus
1331 3520 1458 3597 eligendi

252 3605 334 3655 erant
348 3603 377 3653 et
390 3594 513 3652 vocandi
528 3594 565 3652 ad
587 3593 740 3666 Christum,
752 3601 785 3651 ut
798 3595 970 3670 respondeat
985 3595 1107 3655 Oraculo
1122 3596 1143 3654 J
1145 3597 1235 3672 aeobi,
1251 3599 1302 3674 qui
1315 3619 1457 3676 aggrega·

253 3677 360 3734 tionem
372 3673 542 3754 populorum
552 3673 677 3732 futuram
685 3673 722 3731 ad
734 3673 827 3750 ipsum
837 3673 920 3747 dixit,
933 3673 1000 3733 Sive
1011 3677 1088 3752 quod
1099 3678 1318 3737 convenientius
1331 3679 1456 3754 videtur,

253 3754 377 3813 Messias
396 3757 457 3830 ipse
472 3751 658 3829 intelligatur,
681 3753 739 3830 qui,
754 3753 841 3828 longe
857 3754 953 3813 verius
969 3756 1098 3830 Daniele,
1115 3766 1159 3815 est
1178 3758 1229 3814 Vir
1243 3758 1453 3832 desideriorum

252 3835 392 3899 territam
407 3841 478 3891 tonte
489 3833 687 3909 desiderabilia,
703 3853 789 3911 quem
803 3833 904 3892 fideles
918 3834 1030 3893 ardenti
1051 3835 1193 3894 desiderio
1208 3837 1356 3914 optabant.
1400 3839 1457 3896 De·

252 3917 320 3974 inde
334 3913 413 3992 quod
433 3913 515 3972 addit
535 3912 571 3971 de
593 3913 694 3972 Gloria
714 3915 822 3990 majore
837 3913 950 3990 Templi
964 3915 1082 3973 secundi
1097 3915 1154 3973 huc
1167 3917 1300 3992 pertinet,
1316 3917 1456 3994 quianon
1562 3943 1563 3962 ι

252 3995 368 4054 aliunde
379 3996 434 4053 hoc
448 3993 590 4072 proticisci
604 3993 705 4071 potuit,
728 4013 847 4070 quama
866 3994 1019 4071 praesentia
1034 3994 1151 4052 Domini
1166 3995 1277 4072 domus,
1293 3997 1344 4072 qui
1358 4017 1456 4074 pacem
1562 4009 1563 4074 j

252 4076 392 4135 allaturus
403 4083 472 4149 erat,
486 4093 545 4132 non
561 4092 733 4150 corpoream,
749 4093 807 4151 qua
820 4093 878 4132 non
893 4075 1029 4150 leguntur
1039 4073 1134 4150 gavisi
1147 4075 1271 4134 multum
1285 4076 1306 4134 J
1308 4076 1384 4135 udaei
1404 4077 1457 4136 sub

252 4155 373 4232 Templo
388 4153 522 4228 secundo,
538 4161 571 4212 ut
591 4153 646 4231 ipsi
657 4153 790 4230 fatentur,
807 4154 858 4212 sed
873 4153 1049 4230 spiritualem
1063 4161 1093 4212 et
1107 4154 1261 4229 coelestem,
1277 4175 1365 4232 quarn
1380 4157 1457 4214 Mes·
1562 4189 1563 4238 ι

253 4235 311 4294 siae
326 4236 461 4310 Princeps
466 4235 548 4310 pacr'a
561 4233 662 4292 debuit
671 4233 781 4308 afferre,
796 4243 825 4292 et
839 4253 925 4310 quarn
941 4234 1049 4310 Angeli
1064 4233 1209 4308 nunciant,
1227 4234 1296 4292 Luc.
1313 4235 1342 4293 ii.
1361 4239 1406 4294 14.

295 4314 455 4372 XXVIII.
479 4314 599 4372 Frustra
609 4333 678 4372 vero
689 4313 710 4373 J
713 4313 787 4372 udaei
803 4313 931 4371 Gloriam
947 4314 1084 4389 majorem
1098 4313 1182 4372 istius
1203 4313 1306 4373 domus
1323 4315 1456 4374 secundae

252 4394 358 4453 referre
372 4393 481 4452 vellent
495 4393 532 4450 ad
546 4413 592 4451 ree
606 4403 749 4466 externas,
766 4411 830 4468 quae
844 4392 927 4449 istam
940 4391 1056 4450 domum
1072 4393 1255 4470 conspicuam
1266 4394 1456 4468 reddiderint;

252 4474 301 4532 vel
316 4472 353 4530 ad
367 4472 555 4547 durationem,
571 4471 639 4550 quia
660 4471 786 4530 secunda
800 4477 874 4528 etare
896 4471 1027 4530 debuerit
1041 4475 1101 4530 420
1121 4473 1213 4547 annis,
1235 4472 1266 4530 id
1285 4483 1338 4549 eet,
1355 4475 1456 4533 decen·

253 4552 378 4628 nioplue
392 4571 480 4628 quam
493 4553 592 4628 prima,
608 4551 655 4608 vel
678 4551 715 4608 ed
735 4549 886 4627 splendida
906 4571 1033 4626 munera,
1049 4571 1113 4628 quas
1136 4553 1249 4628 Darius,
1266 4553 1457 4628 Artaxerxes,
1562 4583 1563 4616 ι

254 4641 283 4690 et
297 4631 347 4688 alii
362 4631 509 4707 Principes
528 4631 711 4689 contulerunt
724 4629 762 4687 ad
786 4627 900 4706 Templi
923 4631 1131 4689 extructionem
1146 4640 1174 4691 et
1195 4632 1344 4710 sacrificis,
1359 4631 1460 4693 valed
