<?xml version="1.0" encoding="UTF-8"?>
<!DOCTYPE html PUBLIC "-//W3C//DTD XHTML 1.0 Transitional//EN"
    "http://www.w3.org/TR/xhtml1/DTD/xhtml1-transitional.dtd">
<html xmlns="http://www.w3.org/1999/xhtml" xml:lang="en" lang="en">
 <head>
  <title>
</title>
<meta http-equiv="Content-Type" content="text/html;charset=utf-8" />
  <meta name='ocr-system' content='tesseract 3.04.00' />
  <meta name='ocr-capabilities' content='ocr_page ocr_carea ocr_par ocr_line ocrx_word'/>
</head>
<body>
  <div class='ocr_page' id='page_1' title='image "./francisciturret00pictgoog_0021.png"; bbox 0 0 3108 5198; ppageno 0'>
   <div class='ocr_carea' id='block_1_1' title="bbox 239 379 1068 442">
    <p class='ocr_par' dir='ltr' id='par_1_1' title="bbox 239 379 1068 442">
     <span class='ocr_line' id='line_1_1' title="bbox 239 379 1068 442; baseline -0.007 0"><span class='ocrx_word' id='word_1_1' title='bbox 239 379 291 442; x_wconf 79' lang='lat' dir='ltr'><strong>xiv</strong></span> <span class='ocrx_word' id='word_1_2' title='bbox 621 389 788 437; x_wconf 79' lang='lat' dir='ltr'><strong>svrssoun</strong></span> <span class='ocrx_word' id='word_1_3' title='bbox 818 391 1068 438; x_wconf 77' lang='lat' dir='ltr'><strong>nnnrcunours.</strong></span> 
     </span>
    </p>
   </div>
   <div class='ocr_carea' id='block_1_2' title="bbox 206 569 1450 4663">
    <p class='ocr_par' dir='ltr' id='par_1_2' title="bbox 226 569 1450 2023">
     <span class='ocr_line' id='line_1_2' title="bbox 288 569 1450 654; baseline 0.003 -18"><span class='ocrx_word' id='word_1_4' title='bbox 288 575 396 654; x_wconf 82' lang='lat' dir='ltr'><strong>Atque</strong></span> <span class='ocrx_word' id='word_1_5' title='bbox 421 572 472 635; x_wconf 89' lang='lat' dir='ltr'><strong>hic</strong></span> <span class='ocrx_word' id='word_1_6' title='bbox 497 570 682 651; x_wconf 82' lang='lat' dir='ltr'><strong>singularem</strong></span> <span class='ocrx_word' id='word_1_7' title='bbox 704 569 763 633; x_wconf 87' lang='lat' dir='ltr'><strong>Dei</strong></span> <span class='ocrx_word' id='word_1_8' title='bbox 784 569 918 652; x_wconf 77' lang='lat' dir='ltr'><strong>gratiam</strong></span> <span class='ocrx_word' id='word_1_9' title='bbox 943 590 1004 633; x_wconf 91' lang='lat' dir='ltr'><strong>non</strong></span> <span class='ocrx_word' id='word_1_10' title='bbox 1030 589 1191 649; x_wconf 89' lang='lat' dir='ltr'><strong>possumus</strong></span> <span class='ocrx_word' id='word_1_11' title='bbox 1216 572 1289 652; x_wconf 92' lang='lat' dir='ltr'><strong>quin</strong></span> <span class='ocrx_word' id='word_1_12' title='bbox 1316 573 1450 640; x_wconf 77' lang='lat' dir='ltr'><strong>eternis</strong></span> 
     </span>
     <span class='ocr_line' id='line_1_3' title="bbox 239 668 1448 748; baseline 0.002 -15"><span class='ocrx_word' id='word_1_13' title='bbox 239 671 381 734; x_wconf 80' lang='lat' dir='ltr'><strong>laudibus</strong></span> <span class='ocrx_word' id='word_1_14' title='bbox 410 670 615 743; x_wconf 82' lang='lat' dir='ltr'><strong>celebremus3</strong></span> <span class='ocrx_word' id='word_1_15' title='bbox 642 668 731 744; x_wconf 83' lang='lat' dir='ltr'><strong>Quod</strong></span> <span class='ocrx_word' id='word_1_16' title='bbox 750 689 813 731; x_wconf 93' lang='lat' dir='ltr'><strong>nou</strong></span> <span class='ocrx_word' id='word_1_17' title='bbox 835 669 925 730; x_wconf 91' lang='lat' dir='ltr'><strong>modo</strong></span> <span class='ocrx_word' id='word_1_18' title='bbox 945 669 1053 748; x_wconf 90' lang='lat' dir='ltr'><strong>primis</strong></span> <span class='ocrx_word' id='word_1_19' title='bbox 1081 669 1228 733; x_wconf 78' lang='lat' dir='ltr'><strong>Ecclesiae</strong></span> <span class='ocrx_word' id='word_1_20' title='bbox 1255 670 1448 736; x_wconf 69' lang='lat' dir='ltr'><strong>Christiane</strong></span> 
     </span>
     <span class='ocr_line' id='line_1_4' title="bbox 237 765 1447 852; baseline 0.002 -21"><span class='ocrx_word' id='word_1_21' title='bbox 237 769 427 848; x_wconf 75' lang='lat' dir='ltr'><strong>temporibus</strong></span> <span class='ocrx_word' id='word_1_22' title='bbox 463 774 535 847; x_wconf 87' lang='lat' dir='ltr'><strong>post</strong></span> <span class='ocrx_word' id='word_1_23' title='bbox 562 765 732 846; x_wconf 89' lang='lat' dir='ltr'><strong>Apostolos</strong></span> <span class='ocrx_word' id='word_1_24' title='bbox 758 772 791 828; x_wconf 90' lang='lat' dir='ltr'><strong>et</strong></span> <span class='ocrx_word' id='word_1_25' title='bbox 822 765 1018 845; x_wconf 90' lang='lat' dir='ltr'><strong>Apostolicos</strong></span> <span class='ocrx_word' id='word_1_26' title='bbox 1041 765 1138 830; x_wconf 87' lang='lat' dir='ltr'><strong>Viros</strong></span> <span class='ocrx_word' id='word_1_27' title='bbox 1166 771 1359 845; x_wconf 65' lang='grc' dir='ltr'><strong>Βεοπνεύστους,</strong></span> <span class='ocrx_word' id='word_1_28' title='bbox 1385 772 1447 852; x_wconf 91' lang='lat' dir='ltr'><strong>qui</strong></span> 
     </span>
     <span class='ocr_line' id='line_1_5' title="bbox 232 863 1446 946; baseline 0.002 -16"><span class='ocrx_word' id='word_1_29' title='bbox 232 866 377 944; x_wconf 80' lang='lat' dir='ltr'><strong>jaaciendo</strong></span> <span class='ocrx_word' id='word_1_30' title='bbox 412 866 484 929; x_wconf 88' lang='lat' dir='ltr'><strong>fidei</strong></span> <span class='ocrx_word' id='word_1_31' title='bbox 524 864 724 927; x_wconf 73' lang='lat' dir='ltr'><strong>baudemento</strong></span> <span class='ocrx_word' id='word_1_32' title='bbox 749 863 891 944; x_wconf 89' lang='lat' dir='ltr'><strong>gnaviter</strong></span> <span class='ocrx_word' id='word_1_33' title='bbox 916 863 1131 940; x_wconf 87' lang='lat' dir='ltr'><strong>incubuerunt,</strong></span> <span class='ocrx_word' id='word_1_34' title='bbox 1165 863 1241 928; x_wconf 91' lang='lat' dir='ltr'><strong>alios</strong></span> <span class='ocrx_word' id='word_1_35' title='bbox 1267 867 1446 946; x_wconf 88' lang='lat' dir='ltr'><strong>complures</strong></span> 
     </span>
     <span class='ocr_line' id='line_1_6' title="bbox 236 960 1444 1042; baseline 0.003 -17"><span class='ocrx_word' id='word_1_36' title='bbox 236 964 365 1026; x_wconf 77' lang='lat' dir='ltr'><strong>subinde</strong></span> <span class='ocrx_word' id='word_1_37' title='bbox 387 966 483 1027; x_wconf 90' lang='lat' dir='ltr'><strong>sortes</strong></span> <span class='ocrx_word' id='word_1_38' title='bbox 505 962 621 1025; x_wconf 80' lang='lat' dir='ltr'><strong>Christi</strong></span> <span class='ocrx_word' id='word_1_39' title='bbox 642 960 791 1024; x_wconf 83' lang='lat' dir='ltr'><strong>Athletas</strong></span> <span class='ocrx_word' id='word_1_40' title='bbox 813 961 969 1042; x_wconf 87' lang='lat' dir='ltr'><strong>excitarit,</strong></span> <span class='ocrx_word' id='word_1_41' title='bbox 997 961 1049 1041; x_wconf 94' lang='lat' dir='ltr'><strong>qui</strong></span> <span class='ocrx_word' id='word_1_42' title='bbox 1074 961 1270 1026; x_wconf 84' lang='lat' dir='ltr'><strong>utilissimam</strong></span> <span class='ocrx_word' id='word_1_43' title='bbox 1299 962 1444 1029; x_wconf 82' lang='lat' dir='ltr'><strong>Vanitati</strong></span> 
     </span>
     <span class='ocr_line' id='line_1_7' title="bbox 235 1058 1443 1144; baseline 0.002 -20"><span class='ocrx_word' id='word_1_44' title='bbox 235 1062 460 1144; x_wconf 83' lang='lat' dir='ltr'><strong>confirmandae,</strong></span> <span class='ocrx_word' id='word_1_45' title='bbox 478 1068 510 1124; x_wconf 91' lang='lat' dir='ltr'><strong>et</strong></span> <span class='ocrx_word' id='word_1_46' title='bbox 526 1059 731 1140; x_wconf 89' lang='lat' dir='ltr'><strong>oppugnando</strong></span> <span class='ocrx_word' id='word_1_47' title='bbox 748 1058 860 1121; x_wconf 91' lang='lat' dir='ltr'><strong>Errori</strong></span> <span class='ocrx_word' id='word_1_48' title='bbox 876 1079 1000 1138; x_wconf 90' lang='lat' dir='ltr'><strong>operam</strong></span> <span class='ocrx_word' id='word_1_49' title='bbox 1014 1059 1250 1138; x_wconf 90' lang='lat' dir='ltr'><strong>impenderunt;</strong></span> <span class='ocrx_word' id='word_1_50' title='bbox 1277 1061 1339 1124; x_wconf 85' lang='lat' dir='ltr'><strong>Sed</strong></span> <span class='ocrx_word' id='word_1_51' title='bbox 1355 1065 1443 1142; x_wconf 85' lang='lat' dir='ltr'><strong>quod</strong></span> 
     </span>
     <span class='ocr_line' id='line_1_8' title="bbox 233 1156 1439 1242; baseline 0.002 -22"><span class='ocrx_word' id='word_1_52' title='bbox 233 1159 407 1223; x_wconf 86' lang='lat' dir='ltr'><strong>novissimis</strong></span> <span class='ocrx_word' id='word_1_53' title='bbox 418 1160 502 1224; x_wconf 88' lang='lat' dir='ltr'><strong>hisce</strong></span> <span class='ocrx_word' id='word_1_54' title='bbox 517 1157 636 1232; x_wconf 89' lang='lat' dir='ltr'><strong>seculis,</strong></span> <span class='ocrx_word' id='word_1_55' title='bbox 651 1157 797 1220; x_wconf 87' lang='lat' dir='ltr'><strong>restituta</strong></span> <span class='ocrx_word' id='word_1_56' title='bbox 808 1156 968 1236; x_wconf 83' lang='lat' dir='ltr'><strong>Evangelii</strong></span> <span class='ocrx_word' id='word_1_57' title='bbox 983 1157 1060 1231; x_wconf 89' lang='lat' dir='ltr'><strong>luce,</strong></span> <span class='ocrx_word' id='word_1_58' title='bbox 1077 1157 1110 1218; x_wconf 91' lang='lat' dir='ltr'><strong>in</strong></span> <span class='ocrx_word' id='word_1_59' title='bbox 1126 1157 1275 1222; x_wconf 81' lang='lat' dir='ltr'><strong>Ecclesiae</strong></span> <span class='ocrx_word' id='word_1_60' title='bbox 1290 1174 1439 1242; x_wconf 63' lang='grc' dir='ltr'><strong>παλιγγε-</strong></span> 
     </span>
     <span class='ocr_line' id='line_1_9' title="bbox 235 1253 1438 1338; baseline 0.004 -21"><span class='ocrx_word' id='word_1_61' title='bbox 235 1267 304 1338; x_wconf 67' lang='lat' dir='ltr'><strong>saeta</strong></span> <span class='ocrx_word' id='word_1_62' title='bbox 321 1264 370 1320; x_wconf 93' lang='lat' dir='ltr'><strong>tot</strong></span> <span class='ocrx_word' id='word_1_63' title='bbox 400 1264 564 1336; x_wconf 88' lang='lat' dir='ltr'><strong>tantosque</strong></span> <span class='ocrx_word' id='word_1_64' title='bbox 590 1255 684 1319; x_wconf 82' lang='lat' dir='ltr'><strong>Viros</strong></span> <span class='ocrx_word' id='word_1_65' title='bbox 708 1255 850 1318; x_wconf 89' lang='lat' dir='ltr'><strong>doctrina</strong></span> <span class='ocrx_word' id='word_1_66' title='bbox 876 1261 909 1317; x_wconf 89' lang='lat' dir='ltr'><strong>et</strong></span> <span class='ocrx_word' id='word_1_67' title='bbox 932 1254 1050 1334; x_wconf 87' lang='lat' dir='ltr'><strong>pietate</strong></span> <span class='ocrx_word' id='word_1_68' title='bbox 1075 1253 1189 1334; x_wconf 83' lang='lat' dir='ltr'><strong>insigni</strong></span> <span class='ocrx_word' id='word_1_69' title='bbox 1215 1257 1363 1335; x_wconf 89' lang='lat' dir='ltr'><strong>praeditos</strong></span> <span class='ocrx_word' id='word_1_70' title='bbox 1393 1261 1438 1322; x_wconf 90' lang='lat' dir='ltr'><strong>ad</strong></span> 
     </span>
     <span class='ocr_line' id='line_1_10' title="bbox 231 1352 1437 1436; baseline 0.002 -20"><span class='ocrx_word' id='word_1_71' title='bbox 231 1354 317 1434; x_wconf 89' lang='lat' dir='ltr'><strong>Opus</strong></span> <span class='ocrx_word' id='word_1_72' title='bbox 347 1353 588 1419; x_wconf 82' lang='lat' dir='ltr'><strong>Reformationis</strong></span> <span class='ocrx_word' id='word_1_73' title='bbox 617 1353 822 1416; x_wconf 90' lang='lat' dir='ltr'><strong>inchoandum</strong></span> <span class='ocrx_word' id='word_1_74' title='bbox 847 1359 881 1415; x_wconf 88' lang='lat' dir='ltr'><strong>et</strong></span> <span class='ocrx_word' id='word_1_75' title='bbox 905 1352 1143 1430; x_wconf 89' lang='lat' dir='ltr'><strong>promovendum</strong></span> <span class='ocrx_word' id='word_1_76' title='bbox 1177 1355 1341 1436; x_wconf 90' lang='lat' dir='ltr'><strong>vocaverit,</strong></span> <span class='ocrx_word' id='word_1_77' title='bbox 1380 1359 1437 1436; x_wconf 91' lang='lat' dir='ltr'><strong>qui</strong></span> 
     </span>
     <span class='ocr_line' id='line_1_11' title="bbox 230 1449 1435 1531; baseline 0.002 -18"><span class='ocrx_word' id='word_1_78' title='bbox 230 1452 387 1518; x_wconf 86' lang='lat' dir='ltr'><strong>uberrima</strong></span> <span class='ocrx_word' id='word_1_79' title='bbox 402 1452 519 1518; x_wconf 86' lang='lat' dir='ltr'><strong>Rerum</strong></span> <span class='ocrx_word' id='word_1_80' title='bbox 535 1451 699 1516; x_wconf 85' lang='lat' dir='ltr'><strong>Sacrarum</strong></span> <span class='ocrx_word' id='word_1_81' title='bbox 715 1449 844 1514; x_wconf 87' lang='lat' dir='ltr'><strong>scientia</strong></span> <span class='ocrx_word' id='word_1_82' title='bbox 859 1449 981 1530; x_wconf 90' lang='lat' dir='ltr'><strong>imbuti,</strong></span> <span class='ocrx_word' id='word_1_83' title='bbox 993 1456 1026 1513; x_wconf 92' lang='lat' dir='ltr'><strong>et</strong></span> <span class='ocrx_word' id='word_1_84' title='bbox 1037 1450 1159 1514; x_wconf 88' lang='lat' dir='ltr'><strong>heroico</strong></span> <span class='ocrx_word' id='word_1_85' title='bbox 1175 1450 1296 1530; x_wconf 84' lang='lat' dir='ltr'><strong>Spiritu</strong></span> <span class='ocrx_word' id='word_1_86' title='bbox 1313 1453 1435 1531; x_wconf 88' lang='lat' dir='ltr'><strong>donati,</strong></span> 
     </span>
     <span class='ocr_line' id='line_1_12' title="bbox 230 1547 1434 1631; baseline 0.003 -21"><span class='ocrx_word' id='word_1_87' title='bbox 230 1556 376 1630; x_wconf 88' lang='lat' dir='ltr'><strong>tanquam</strong></span> <span class='ocrx_word' id='word_1_88' title='bbox 392 1571 464 1612; x_wconf 60' lang='lat' dir='ltr'><strong>rer-,a</strong></span> <span class='ocrx_word' id='word_1_89' title='bbox 480 1571 547 1624; x_wconf 62' lang='lat' dir='ltr'><strong>aare,</strong></span> <span class='ocrx_word' id='word_1_90' title='bbox 569 1550 641 1611; x_wconf 81' lang='lat' dir='ltr'><strong>Viri</strong></span> <span class='ocrx_word' id='word_1_91' title='bbox 655 1549 813 1631; x_wconf 73' lang='lat' dir='ltr'><strong>Prodigii,</strong></span> <span class='ocrx_word' id='word_1_92' title='bbox 826 1547 922 1610; x_wconf 75' lang='lat' dir='ltr'><strong>Tube</strong></span> <span class='ocrx_word' id='word_1_93' title='bbox 942 1547 1135 1628; x_wconf 87' lang='lat' dir='ltr'><strong>Evangelicee</strong></span> <span class='ocrx_word' id='word_1_94' title='bbox 1150 1548 1264 1625; x_wconf 90' lang='lat' dir='ltr'><strong>sonitu,</strong></span> <span class='ocrx_word' id='word_1_95' title='bbox 1291 1555 1325 1612; x_wconf 89' lang='lat' dir='ltr'><strong>et</strong></span> <span class='ocrx_word' id='word_1_96' title='bbox 1339 1549 1434 1614; x_wconf 87' lang='lat' dir='ltr'><strong>Veri-</strong></span> 
     </span>
     <span class='ocr_line' id='line_1_13' title="bbox 228 1645 1434 1730; baseline 0.002 -21"><span class='ocrx_word' id='word_1_97' title='bbox 228 1648 305 1710; x_wconf 84' lang='lat' dir='ltr'><strong>tatis</strong></span> <span class='ocrx_word' id='word_1_98' title='bbox 331 1648 442 1711; x_wconf 77' lang='lat' dir='ltr'><strong>divinas</strong></span> <span class='ocrx_word' id='word_1_99' title='bbox 468 1647 597 1728; x_wconf 87' lang='lat' dir='ltr'><strong>fulgore,</strong></span> <span class='ocrx_word' id='word_1_100' title='bbox 613 1647 756 1708; x_wconf 85' lang='lat' dir='ltr'><strong>tenebras</strong></span> <span class='ocrx_word' id='word_1_101' title='bbox 781 1645 1122 1708; x_wconf 84' lang='lat' dir='ltr'><strong>Erroriscraesissimas</strong></span> <span class='ocrx_word' id='word_1_102' title='bbox 1145 1646 1319 1710; x_wconf 87' lang='lat' dir='ltr'><strong>felicissime</strong></span> <span class='ocrx_word' id='word_1_103' title='bbox 1340 1651 1434 1730; x_wconf 83' lang='lat' dir='ltr'><strong>fuga-</strong></span> 
     </span>
     <span class='ocr_line' id='line_1_14' title="bbox 228 1743 1430 1825; baseline 0.002 -19"><span class='ocrx_word' id='word_1_104' title='bbox 228 1753 311 1821; x_wconf 87' lang='lat' dir='ltr'><strong>runt,</strong></span> <span class='ocrx_word' id='word_1_105' title='bbox 343 1745 557 1809; x_wconf 82' lang='lat' dir='ltr'><strong>Anti-Christi</strong></span> <span class='ocrx_word' id='word_1_106' title='bbox 589 1744 732 1825; x_wconf 86' lang='lat' dir='ltr'><strong>Regnum</strong></span> <span class='ocrx_word' id='word_1_107' title='bbox 758 1749 989 1818; x_wconf 74' lang='lat' dir='ltr'><strong>concusserunt,</strong></span> <span class='ocrx_word' id='word_1_108' title='bbox 1020 1749 1053 1805; x_wconf 91' lang='lat' dir='ltr'><strong>et</strong></span> <span class='ocrx_word' id='word_1_109' title='bbox 1079 1743 1250 1806; x_wconf 81' lang='lat' dir='ltr'><strong>Ecclesiam</strong></span> <span class='ocrx_word' id='word_1_110' title='bbox 1279 1765 1299 1806; x_wconf 91' lang='lat' dir='ltr'><strong>a</strong></span> <span class='ocrx_word' id='word_1_111' title='bbox 1321 1747 1430 1810; x_wconf 88' lang='lat' dir='ltr'><strong>multis</strong></span> 
     </span>
     <span class='ocr_line' id='line_1_15' title="bbox 228 1840 1429 1924; baseline 0.002 -19"><span class='ocrx_word' id='word_1_112' title='bbox 228 1844 338 1906; x_wconf 89' lang='lat' dir='ltr'><strong>seculis</strong></span> <span class='ocrx_word' id='word_1_113' title='bbox 352 1844 456 1908; x_wconf 88' lang='lat' dir='ltr'><strong>miseri</strong></span> <span class='ocrx_word' id='word_1_114' title='bbox 471 1843 633 1924; x_wconf 90' lang='lat' dir='ltr'><strong>captivam,</strong></span> <span class='ocrx_word' id='word_1_115' title='bbox 655 1849 689 1905; x_wconf 88' lang='lat' dir='ltr'><strong>et</strong></span> <span class='ocrx_word' id='word_1_116' title='bbox 709 1841 884 1922; x_wconf 84' lang='lat' dir='ltr'><strong>tyrannidis</strong></span> <span class='ocrx_word' id='word_1_117' title='bbox 902 1841 979 1922; x_wconf 88' lang='lat' dir='ltr'><strong>jugo</strong></span> <span class='ocrx_word' id='word_1_118' title='bbox 1001 1840 1163 1920; x_wconf 87' lang='lat' dir='ltr'><strong>plusquam</strong></span> <span class='ocrx_word' id='word_1_119' title='bbox 1184 1843 1284 1904; x_wconf 87' lang='lat' dir='ltr'><strong>ferreo</strong></span> <span class='ocrx_word' id='word_1_120' title='bbox 1305 1851 1429 1908; x_wconf 89' lang='lat' dir='ltr'><strong>tautum</strong></span> 
     </span>
     <span class='ocr_line' id='line_1_16' title="bbox 226 1939 1180 2023; baseline 0 -21"><span class='ocrx_word' id='word_1_121' title='bbox 226 1960 287 2003; x_wconf 93' lang='lat' dir='ltr'><strong>non</strong></span> <span class='ocrx_word' id='word_1_122' title='bbox 302 1962 490 2023; x_wconf 86' lang='lat' dir='ltr'><strong>oppressam,</strong></span> <span class='ocrx_word' id='word_1_123' title='bbox 506 1962 523 2004; x_wconf 89' lang='lat' dir='ltr'><strong>e</strong></span> <span class='ocrx_word' id='word_1_124' title='bbox 541 1941 699 2021; x_wconf 76' lang='lat' dir='ltr'><strong>Babylone</strong></span> <span class='ocrx_word' id='word_1_125' title='bbox 712 1939 845 2020; x_wconf 84' lang='lat' dir='ltr'><strong>mystica</strong></span> <span class='ocrx_word' id='word_1_126' title='bbox 858 1939 988 2018; x_wconf 88' lang='lat' dir='ltr'><strong>gloriose</strong></span> <span class='ocrx_word' id='word_1_127' title='bbox 1002 1945 1180 2002; x_wconf 84' lang='lat' dir='ltr'><strong>evocarunt.</strong></span> 
     </span>
    </p>

    <p class='ocr_par' dir='ltr' id='par_1_3' title="bbox 206 2036 1427 4663">
     <span class='ocr_line' id='line_1_17' title="bbox 274 2036 1427 2117; baseline 0.002 -17"><span class='ocrx_word' id='word_1_128' title='bbox 274 2039 364 2103; x_wconf 87' lang='lat' dir='ltr'><strong>Licet</strong></span> <span class='ocrx_word' id='word_1_129' title='bbox 380 2060 453 2103; x_wconf 90' lang='lat' dir='ltr'><strong>vero</strong></span> <span class='ocrx_word' id='word_1_130' title='bbox 467 2041 506 2101; x_wconf 90' lang='lat' dir='ltr'><strong>ab</strong></span> <span class='ocrx_word' id='word_1_131' title='bbox 521 2059 558 2103; x_wconf 90' lang='lat' dir='ltr'><strong>eo</strong></span> <span class='ocrx_word' id='word_1_132' title='bbox 572 2045 721 2117; x_wconf 84' lang='lat' dir='ltr'><strong>tempore,</strong></span> <span class='ocrx_word' id='word_1_133' title='bbox 747 2036 885 2117; x_wconf 89' lang='lat' dir='ltr'><strong>Veritas,</strong></span> <span class='ocrx_word' id='word_1_134' title='bbox 913 2056 980 2116; x_wconf 78' lang='lat' dir='ltr'><strong>que</strong></span> <span class='ocrx_word' id='word_1_135' title='bbox 994 2042 1088 2100; x_wconf 89' lang='lat' dir='ltr'><strong>antea</strong></span> <span class='ocrx_word' id='word_1_136' title='bbox 1101 2038 1158 2100; x_wconf 90' lang='lat' dir='ltr'><strong>sub</strong></span> <span class='ocrx_word' id='word_1_137' title='bbox 1173 2037 1275 2101; x_wconf 92' lang='lat' dir='ltr'><strong>modio</strong></span> <span class='ocrx_word' id='word_1_138' title='bbox 1291 2038 1427 2102; x_wconf 85' lang='lat' dir='ltr'><strong>occulta-</strong></span> 
     </span>
     <span class='ocr_line' id='line_1_18' title="bbox 225 2133 1424 2216; baseline 0.005 -22"><span class='ocrx_word' id='word_1_139' title='bbox 225 2135 328 2216; x_wconf 87' lang='lat' dir='ltr'><strong>batur,</strong></span> <span class='ocrx_word' id='word_1_140' title='bbox 344 2143 381 2196; x_wconf 95' lang='lat' dir='ltr'><strong>ut</strong></span> <span class='ocrx_word' id='word_1_141' title='bbox 395 2136 515 2198; x_wconf 86' lang='lat' dir='ltr'><strong>facilius</strong></span> <span class='ocrx_word' id='word_1_142' title='bbox 532 2135 724 2199; x_wconf 87' lang='lat' dir='ltr'><strong>mendacium</strong></span> <span class='ocrx_word' id='word_1_143' title='bbox 741 2141 885 2214; x_wconf 86' lang='lat' dir='ltr'><strong>regnaret</strong></span> <span class='ocrx_word' id='word_1_144' title='bbox 901 2135 933 2196; x_wconf 89' lang='lat' dir='ltr'><strong>in</strong></span> <span class='ocrx_word' id='word_1_145' title='bbox 950 2135 1098 2214; x_wconf 74' lang='lat' dir='ltr'><strong>tenebriS,</strong></span> <span class='ocrx_word' id='word_1_146' title='bbox 1116 2134 1204 2196; x_wconf 89' lang='lat' dir='ltr'><strong>illata</strong></span> <span class='ocrx_word' id='word_1_147' title='bbox 1215 2133 1314 2198; x_wconf 87' lang='lat' dir='ltr'><strong>Verbi</strong></span> <span class='ocrx_word' id='word_1_148' title='bbox 1329 2136 1424 2200; x_wconf 91' lang='lat' dir='ltr'><strong>divini</strong></span> 
     </span>
     <span class='ocr_line' id='line_1_19' title="bbox 224 2231 1423 2312; baseline 0.004 -19"><span class='ocrx_word' id='word_1_149' title='bbox 224 2231 304 2312; x_wconf 90' lang='lat' dir='ltr'><strong>luce,</strong></span> <span class='ocrx_word' id='word_1_150' title='bbox 330 2232 362 2294; x_wconf 94' lang='lat' dir='ltr'><strong>in</strong></span> <span class='ocrx_word' id='word_1_151' title='bbox 380 2233 502 2295; x_wconf 90' lang='lat' dir='ltr'><strong>sublimi</strong></span> <span class='ocrx_word' id='word_1_152' title='bbox 524 2233 683 2312; x_wconf 89' lang='lat' dir='ltr'><strong>collocata,</strong></span> <span class='ocrx_word' id='word_1_153' title='bbox 697 2231 847 2306; x_wconf 87' lang='lat' dir='ltr'><strong>omnibus,</strong></span> <span class='ocrx_word' id='word_1_154' title='bbox 874 2232 926 2310; x_wconf 94' lang='lat' dir='ltr'><strong>qui</strong></span> <span class='ocrx_word' id='word_1_155' title='bbox 940 2233 1030 2294; x_wconf 93' lang='lat' dir='ltr'><strong>modo</strong></span> <span class='ocrx_word' id='word_1_156' title='bbox 1045 2232 1148 2295; x_wconf 89' lang='lat' dir='ltr'><strong>oeulos</strong></span> <span class='ocrx_word' id='word_1_157' title='bbox 1166 2232 1285 2311; x_wconf 89' lang='lat' dir='ltr'><strong>aperire</strong></span> <span class='ocrx_word' id='word_1_158' title='bbox 1302 2233 1423 2311; x_wconf 89' lang='lat' dir='ltr'><strong>vellent,</strong></span> 
     </span>
     <span class='ocr_line' id='line_1_20' title="bbox 224 2327 1423 2412; baseline 0.003 -21"><span class='ocrx_word' id='word_1_159' title='bbox 224 2348 290 2392; x_wconf 89' lang='lat' dir='ltr'><strong>sese</strong></span> <span class='ocrx_word' id='word_1_160' title='bbox 308 2330 554 2409; x_wconf 90' lang='lat' dir='ltr'><strong>conspiciendam</strong></span> <span class='ocrx_word' id='word_1_161' title='bbox 569 2329 756 2409; x_wconf 61' lang='lat' dir='ltr'><strong>praebuerim</strong></span> <span class='ocrx_word' id='word_1_162' title='bbox 783 2327 863 2404; x_wconf 82' lang='lat' dir='ltr'><strong>Quia</strong></span> <span class='ocrx_word' id='word_1_163' title='bbox 876 2337 980 2392; x_wconf 90' lang='lat' dir='ltr'><strong>tamen</strong></span> <span class='ocrx_word' id='word_1_164' title='bbox 994 2349 1055 2391; x_wconf 91' lang='lat' dir='ltr'><strong>nou</strong></span> <span class='ocrx_word' id='word_1_165' title='bbox 1071 2330 1195 2393; x_wconf 88' lang='lat' dir='ltr'><strong>destitit</strong></span> <span class='ocrx_word' id='word_1_166' title='bbox 1212 2329 1320 2412; x_wconf 87' lang='lat' dir='ltr'><strong>Satan,</strong></span> <span class='ocrx_word' id='word_1_167' title='bbox 1339 2333 1423 2395; x_wconf 87' lang='lat' dir='ltr'><strong>anti·</strong></span> 
     </span>
     <span class='ocr_line' id='line_1_21' title="bbox 223 2426 1423 2508; baseline 0.003 -20"><span class='ocrx_word' id='word_1_168' title='bbox 223 2447 316 2506; x_wconf 88' lang='lat' dir='ltr'><strong>quum</strong></span> <span class='ocrx_word' id='word_1_169' title='bbox 337 2428 479 2491; x_wconf 89' lang='lat' dir='ltr'><strong>obtinens</strong></span> <span class='ocrx_word' id='word_1_170' title='bbox 494 2447 534 2490; x_wconf 88' lang='lat' dir='ltr'><strong>ex</strong></span> <span class='ocrx_word' id='word_1_171' title='bbox 549 2427 652 2508; x_wconf 85' lang='lat' dir='ltr'><strong>abyssi</strong></span> <span class='ocrx_word' id='word_1_172' title='bbox 673 2434 767 2508; x_wconf 90' lang='lat' dir='ltr'><strong>puteo</strong></span> <span class='ocrx_word' id='word_1_173' title='bbox 790 2426 1005 2490; x_wconf 89' lang='lat' dir='ltr'><strong>densissimum</strong></span> <span class='ocrx_word' id='word_1_174' title='bbox 1027 2447 1166 2491; x_wconf 89' lang='lat' dir='ltr'><strong>errorum</strong></span> <span class='ocrx_word' id='word_1_175' title='bbox 1181 2434 1214 2490; x_wconf 89' lang='lat' dir='ltr'><strong>et</strong></span> <span class='ocrx_word' id='word_1_176' title='bbox 1228 2427 1423 2508; x_wconf 90' lang='lat' dir='ltr'><strong>impietatum</strong></span> 
     </span>
     <span class='ocr_line' id='line_1_22' title="bbox 220 2525 1423 2607; baseline 0.005 -22"><span class='ocrx_word' id='word_1_177' title='bbox 220 2525 337 2587; x_wconf 80' lang='lat' dir='ltr'><strong>fumum</strong></span> <span class='ocrx_word' id='word_1_178' title='bbox 353 2525 392 2588; x_wconf 92' lang='lat' dir='ltr'><strong>ad</strong></span> <span class='ocrx_word' id='word_1_179' title='bbox 407 2545 474 2589; x_wconf 89' lang='lat' dir='ltr'><strong>eam</strong></span> <span class='ocrx_word' id='word_1_180' title='bbox 489 2526 723 2606; x_wconf 89' lang='lat' dir='ltr'><strong>obscurandam,</strong></span> <span class='ocrx_word' id='word_1_181' title='bbox 748 2526 823 2589; x_wconf 91' lang='lat' dir='ltr'><strong>etsi</strong></span> <span class='ocrx_word' id='word_1_182' title='bbox 840 2532 913 2605; x_wconf 89' lang='lat' dir='ltr'><strong>pote</strong></span> <span class='ocrx_word' id='word_1_183' title='bbox 933 2527 1181 2606; x_wconf 84' lang='lat' dir='ltr'><strong>extinguendam,</strong></span> <span class='ocrx_word' id='word_1_184' title='bbox 1192 2525 1340 2602; x_wconf 83' lang='lat' dir='ltr'><strong>excitare,</strong></span> <span class='ocrx_word' id='word_1_185' title='bbox 1365 2549 1423 2607; x_wconf 90' lang='lat' dir='ltr'><strong>per</strong></span> 
     </span>
     <span class='ocr_line' id='line_1_23' title="bbox 219 2623 1421 2704; baseline 0.007 -22"><span class='ocrx_word' id='word_1_186' title='bbox 219 2623 321 2686; x_wconf 82' lang='lat' dir='ltr'><strong>varias</strong></span> <span class='ocrx_word' id='word_1_187' title='bbox 335 2623 477 2688; x_wconf 84' lang='lat' dir='ltr'><strong>exitiales</strong></span> <span class='ocrx_word' id='word_1_188' title='bbox 491 2625 632 2698; x_wconf 89' lang='lat' dir='ltr'><strong>haereses,</strong></span> <span class='ocrx_word' id='word_1_189' title='bbox 659 2644 735 2703; x_wconf 89' lang='lat' dir='ltr'><strong>quas</strong></span> <span class='ocrx_word' id='word_1_190' title='bbox 752 2625 791 2686; x_wconf 86' lang='lat' dir='ltr'><strong>ad</strong></span> <span class='ocrx_word' id='word_1_191' title='bbox 805 2644 1002 2704; x_wconf 87' lang='lat' dir='ltr'><strong>progressum</strong></span> <span class='ocrx_word' id='word_1_192' title='bbox 1018 2623 1179 2704; x_wconf 79' lang='lat' dir='ltr'><strong>Evangelii</strong></span> <span class='ocrx_word' id='word_1_193' title='bbox 1194 2624 1421 2703; x_wconf 87' lang='lat' dir='ltr'><strong>impediendum</strong></span> 
     </span>
     <span class='ocr_line' id='line_1_24' title="bbox 218 2720 1418 2804; baseline 0.003 -22"><span class='ocrx_word' id='word_1_194' title='bbox 218 2720 333 2799; x_wconf 76' lang='lat' dir='ltr'><strong>passim</strong></span> <span class='ocrx_word' id='word_1_195' title='bbox 350 2723 414 2785; x_wconf 86' lang='lat' dir='ltr'><strong>fere</strong></span> <span class='ocrx_word' id='word_1_196' title='bbox 429 2722 656 2794; x_wconf 82' lang='lat' dir='ltr'><strong>disseminavit3</strong></span> <span class='ocrx_word' id='word_1_197' title='bbox 676 2721 763 2784; x_wconf 88' lang='lat' dir='ltr'><strong>Viris</strong></span> <span class='ocrx_word' id='word_1_198' title='bbox 779 2720 838 2785; x_wconf 89' lang='lat' dir='ltr'><strong>Dei</strong></span> <span class='ocrx_word' id='word_1_199' title='bbox 855 2721 961 2785; x_wconf 88' lang='lat' dir='ltr'><strong>sedulo</strong></span> <span class='ocrx_word' id='word_1_200' title='bbox 976 2721 1195 2802; x_wconf 87' lang='lat' dir='ltr'><strong>invigilandum</strong></span> <span class='ocrx_word' id='word_1_201' title='bbox 1211 2721 1272 2784; x_wconf 82' lang='lat' dir='ltr'><strong>fuit</strong></span> <span class='ocrx_word' id='word_1_202' title='bbox 1289 2742 1418 2804; x_wconf 88' lang='lat' dir='ltr'><strong>semper,</strong></span> 
     </span>
     <span class='ocr_line' id='line_1_25' title="bbox 218 2819 1420 2900; baseline 0.004 -20"><span class='ocrx_word' id='word_1_203' title='bbox 218 2838 258 2881; x_wconf 90' lang='lat' dir='ltr'><strong>ne</strong></span> <span class='ocrx_word' id='word_1_204' title='bbox 273 2825 380 2882; x_wconf 89' lang='lat' dir='ltr'><strong>tantus</strong></span> <span class='ocrx_word' id='word_1_205' title='bbox 395 2819 572 2883; x_wconf 81' lang='lat' dir='ltr'><strong>Thesaurus</strong></span> <span class='ocrx_word' id='word_1_206' title='bbox 598 2819 745 2882; x_wconf 74' lang='lat' dir='ltr'><strong>Ecclesiae</strong></span> <span class='ocrx_word' id='word_1_207' title='bbox 769 2819 949 2900; x_wconf 87' lang='lat' dir='ltr'><strong>eriperetur,</strong></span> <span class='ocrx_word' id='word_1_208' title='bbox 977 2819 1031 2883; x_wconf 91' lang='lat' dir='ltr'><strong>sed</strong></span> <span class='ocrx_word' id='word_1_209' title='bbox 1043 2828 1081 2882; x_wconf 91' lang='lat' dir='ltr'><strong>ut</strong></span> <span class='ocrx_word' id='word_1_210' title='bbox 1095 2821 1171 2884; x_wconf 84' lang='lat' dir='ltr'><strong>fides</strong></span> <span class='ocrx_word' id='word_1_211' title='bbox 1187 2820 1279 2884; x_wconf 89' lang='lat' dir='ltr'><strong>semel</strong></span> <span class='ocrx_word' id='word_1_212' title='bbox 1296 2819 1420 2886; x_wconf 85' lang='lat' dir='ltr'><strong>Sanctis</strong></span> 
     </span>
     <span class='ocr_line' id='line_1_26' title="bbox 217 2917 1420 2999; baseline 0.003 -21"><span class='ocrx_word' id='word_1_213' title='bbox 217 2917 336 2980; x_wconf 85' lang='lat' dir='ltr'><strong>tradita</strong></span> <span class='ocrx_word' id='word_1_214' title='bbox 346 2919 462 2999; x_wconf 89' lang='lat' dir='ltr'><strong>absque</strong></span> <span class='ocrx_word' id='word_1_215' title='bbox 473 2917 537 2980; x_wconf 89' lang='lat' dir='ltr'><strong>ulla</strong></span> <span class='ocrx_word' id='word_1_216' title='bbox 547 2918 617 2980; x_wconf 88' lang='lat' dir='ltr'><strong>labe</strong></span> <span class='ocrx_word' id='word_1_217' title='bbox 629 2923 871 2980; x_wconf 88' lang='lat' dir='ltr'><strong>conservaretur.</strong></span> <span class='ocrx_word' id='word_1_218' title='bbox 904 2917 1420 2990; x_wconf 67' lang='lat' dir='ltr'><strong>Undenonmodoeosasamaa</strong></span> 
     </span>
     <span class='ocr_line' id='line_1_27' title="bbox 215 3015 1416 3098; baseline 0.001 -20"><span class='ocrx_word' id='word_1_219' title='bbox 215 3035 282 3080; x_wconf 80' lang='lat' dir='ltr'><strong>esse</strong></span> <span class='ocrx_word' id='word_1_220' title='bbox 297 3017 446 3096; x_wconf 82' lang='lat' dir='ltr'><strong>oportuit,</strong></span> <span class='ocrx_word' id='word_1_221' title='bbox 466 3016 518 3096; x_wconf 85' lang='lat' dir='ltr'><strong>qui</strong></span> <span class='ocrx_word' id='word_1_222' title='bbox 533 3015 707 3080; x_wconf 74' lang='lat' dir='ltr'><strong>Veritatem</strong></span> <span class='ocrx_word' id='word_1_223' title='bbox 726 3015 859 3079; x_wconf 80' lang='lat' dir='ltr'><strong>fideliter</strong></span> <span class='ocrx_word' id='word_1_224' title='bbox 873 3017 1028 3092; x_wconf 76' lang='lat' dir='ltr'><strong>docerent,</strong></span> <span class='ocrx_word' id='word_1_225' title='bbox 1046 3017 1101 3080; x_wconf 77' lang='lat' dir='ltr'><strong>sed</strong></span> <span class='ocrx_word' id='word_1_226' title='bbox 1115 3025 1148 3079; x_wconf 84' lang='lat' dir='ltr'><strong>et</strong></span> <span class='ocrx_word' id='word_1_227' title='bbox 1164 3023 1346 3098; x_wconf 69' lang='grc' dir='ltr'><strong>ι’λεγκτικιῦς,</strong></span> <span class='ocrx_word' id='word_1_228' title='bbox 1363 3019 1416 3098; x_wconf 77' lang='lat' dir='ltr'><strong>qui</strong></span> 
     </span>
     <span class='ocr_line' id='line_1_28' title="bbox 215 3115 1417 3197; baseline 0.002 -22"><span class='ocrx_word' id='word_1_229' title='bbox 215 3115 406 3178; x_wconf 70' lang='lat' dir='ltr'><strong>mendacium</strong></span> <span class='ocrx_word' id='word_1_230' title='bbox 423 3123 550 3194; x_wconf 77' lang='lat' dir='ltr'><strong>possent</strong></span> <span class='ocrx_word' id='word_1_231' title='bbox 567 3121 693 3178; x_wconf 81' lang='lat' dir='ltr'><strong>strenue</strong></span> <span class='ocrx_word' id='word_1_232' title='bbox 707 3133 844 3195; x_wconf 79' lang='lat' dir='ltr'><strong>arguere,</strong></span> <span class='ocrx_word' id='word_1_233' title='bbox 860 3121 893 3178; x_wconf 84' lang='lat' dir='ltr'><strong>et</strong></span> <span class='ocrx_word' id='word_1_234' title='bbox 917 3121 976 3184; x_wconf 68' lang='lat' dir='ltr'><strong>rarle</strong></span> <span class='ocrx_word' id='word_1_235' title='bbox 998 3120 1190 3197; x_wconf 70' lang='lat' dir='ltr'><strong>dvrehiyovref</strong></span> <span class='ocrx_word' id='word_1_236' title='bbox 1215 3120 1350 3197; x_wconf 68' lang='grc' dir='ltr'><strong>ἐλέγχειν,</strong></span> <span class='ocrx_word' id='word_1_237' title='bbox 1376 3117 1417 3178; x_wconf 75' lang='lat' dir='ltr'><strong>ad</strong></span> 
     </span>
     <span class='ocr_line' id='line_1_29' title="bbox 214 3209 1416 3293; baseline 0.003 -22"><span class='ocrx_word' id='word_1_238' title='bbox 214 3209 314 3272; x_wconf 89' lang='lat' dir='ltr'><strong>instar</strong></span> <span class='ocrx_word' id='word_1_239' title='bbox 339 3211 517 3274; x_wconf 73' lang='lat' dir='ltr'><strong>Judeorem</strong></span> <span class='ocrx_word' id='word_1_240' title='bbox 533 3231 572 3274; x_wconf 86' lang='lat' dir='ltr'><strong>ex</strong></span> <span class='ocrx_word' id='word_1_241' title='bbox 588 3211 770 3291; x_wconf 79' lang='lat' dir='ltr'><strong>captivitate</strong></span> <span class='ocrx_word' id='word_1_242' title='bbox 793 3212 951 3293; x_wconf 89' lang='lat' dir='ltr'><strong>reducum,</strong></span> <span class='ocrx_word' id='word_1_243' title='bbox 979 3213 1030 3291; x_wconf 93' lang='lat' dir='ltr'><strong>qui</strong></span> <span class='ocrx_word' id='word_1_244' title='bbox 1055 3212 1153 3275; x_wconf 90' lang='lat' dir='ltr'><strong>altera</strong></span> <span class='ocrx_word' id='word_1_245' title='bbox 1178 3233 1270 3274; x_wconf 87' lang='lat' dir='ltr'><strong>manu</strong></span> <span class='ocrx_word' id='word_1_246' title='bbox 1295 3233 1416 3276; x_wconf 89' lang='lat' dir='ltr'><strong>murum</strong></span> 
     </span>
     <span class='ocr_line' id='line_1_30' title="bbox 214 3307 1417 3392; baseline 0.002 -24"><span class='ocrx_word' id='word_1_247' title='bbox 214 3307 418 3390; x_wconf 77' lang='lat' dir='ltr'><strong>edificabant,</strong></span> <span class='ocrx_word' id='word_1_248' title='bbox 445 3308 545 3371; x_wconf 89' lang='lat' dir='ltr'><strong>altera</strong></span> <span class='ocrx_word' id='word_1_249' title='bbox 560 3327 633 3371; x_wconf 89' lang='lat' dir='ltr'><strong>vero</strong></span> <span class='ocrx_word' id='word_1_250' title='bbox 649 3307 771 3370; x_wconf 88' lang='lat' dir='ltr'><strong>missile</strong></span> <span class='ocrx_word' id='word_1_251' title='bbox 785 3313 926 3372; x_wconf 89' lang='lat' dir='ltr'><strong>tenentes</strong></span> <span class='ocrx_word' id='word_1_252' title='bbox 941 3311 1129 3390; x_wconf 86' lang='lat' dir='ltr'><strong>pugnabant.</strong></span> <span class='ocrx_word' id='word_1_253' title='bbox 1179 3309 1269 3387; x_wconf 83' lang='lat' dir='ltr'><strong>Quod</strong></span> <span class='ocrx_word' id='word_1_254' title='bbox 1287 3309 1417 3392; x_wconf 86' lang='lat' dir='ltr'><strong>Augus-</strong></span> 
     </span>
     <span class='ocr_line' id='line_1_31' title="bbox 213 3403 1414 3488; baseline 0.005 -24"><span class='ocrx_word' id='word_1_255' title='bbox 213 3403 297 3467; x_wconf 88' lang='lat' dir='ltr'><strong>tinus</strong></span> <span class='ocrx_word' id='word_1_256' title='bbox 313 3404 392 3468; x_wconf 92' lang='lat' dir='ltr'><strong>libro</strong></span> <span class='ocrx_word' id='word_1_257' title='bbox 407 3413 518 3484; x_wconf 87' lang='lat' dir='ltr'><strong>quarto</strong></span> <span class='ocrx_word' id='word_1_258' title='bbox 533 3405 572 3469; x_wconf 91' lang='lat' dir='ltr'><strong>de</strong></span> <span class='ocrx_word' id='word_1_259' title='bbox 587 3405 741 3468; x_wconf 90' lang='lat' dir='ltr'><strong>Doctrina</strong></span> <span class='ocrx_word' id='word_1_260' title='bbox 754 3405 881 3488; x_wconf 82' lang='lat' dir='ltr'><strong>Christi,</strong></span> <span class='ocrx_word' id='word_1_261' title='bbox 907 3427 974 3488; x_wconf 88' lang='lat' dir='ltr'><strong>cap.</strong></span> <span class='ocrx_word' id='word_1_262' title='bbox 991 3409 1024 3481; x_wconf 88' lang='lat'><strong>4,</strong></span> <span class='ocrx_word' id='word_1_263' title='bbox 1041 3415 1127 3472; x_wconf 91' lang='lat' dir='ltr'><strong>reete</strong></span> <span class='ocrx_word' id='word_1_264' title='bbox 1140 3409 1293 3484; x_wconf 85' lang='lat' dir='ltr'><strong>observat,</strong></span> <span class='ocrx_word' id='word_1_265' title='bbox 1320 3427 1414 3488; x_wconf 92' lang='lat' dir='ltr'><strong>quum</strong></span> 
     </span>
     <span class='ocr_line' id='line_1_32' title="bbox 216 3501 1414 3588; baseline 0.002 -22"><span class='ocrx_word' id='word_1_266' title='bbox 216 3501 361 3566; x_wconf 88' lang='lat' dir='ltr'><strong>Ecclesiae</strong></span> <span class='ocrx_word' id='word_1_267' title='bbox 380 3503 546 3567; x_wconf 89' lang='lat' dir='ltr'><strong>Doctorem</strong></span> <span class='ocrx_word' id='word_1_268' title='bbox 560 3513 653 3566; x_wconf 75' lang='lat' dir='ltr'><strong>reete</strong></span> <span class='ocrx_word' id='word_1_269' title='bbox 666 3503 759 3568; x_wconf 79' lang='lat' dir='ltr'><strong>Fidei</strong></span> <span class='ocrx_word' id='word_1_270' title='bbox 768 3506 976 3588; x_wconf 69' lang='lat' dir='ltr'><strong>defensorem,</strong></span> <span class='ocrx_word' id='word_1_271' title='bbox 987 3513 1021 3569; x_wconf 89' lang='lat' dir='ltr'><strong>ct</strong></span> <span class='ocrx_word' id='word_1_272' title='bbox 1035 3506 1172 3570; x_wconf 66' lang='lat' dir='ltr'><strong>Error-ia</strong></span> <span class='ocrx_word' id='word_1_273' title='bbox 1184 3505 1414 3570; x_wconf 80' lang='lat' dir='ltr'><strong>debellatorem</strong></span> 
     </span>
     <span class='ocr_line' id='line_1_33' title="bbox 212 3601 1414 3685; baseline 0.003 -23"><span class='ocrx_word' id='word_1_274' title='bbox 212 3607 311 3676; x_wconf 86' lang='lat' dir='ltr'><strong>vocat,</strong></span> <span class='ocrx_word' id='word_1_275' title='bbox 338 3601 467 3680; x_wconf 91' lang='lat' dir='ltr'><strong>quinon</strong></span> <span class='ocrx_word' id='word_1_276' title='bbox 488 3607 609 3664; x_wconf 87' lang='lat' dir='ltr'><strong>tantum</strong></span> <span class='ocrx_word' id='word_1_277' title='bbox 632 3609 691 3685; x_wconf 67' lang='lat' dir='ltr'><strong>rapt</strong></span> <span class='ocrx_word' id='word_1_278' title='bbox 711 3611 851 3680; x_wconf 73' lang='grc' dir='ltr'><strong>ἀληθείας,</strong></span> <span class='ocrx_word' id='word_1_279' title='bbox 874 3604 914 3666; x_wconf 83' lang='lat' dir='ltr'><strong>de</strong></span> <span class='ocrx_word' id='word_1_280' title='bbox 936 3604 1088 3685; x_wconf 79' lang='lat' dir='ltr'><strong>Veritate,</strong></span> <span class='ocrx_word' id='word_1_281' title='bbox 1115 3605 1274 3680; x_wconf 87' lang='lat' dir='ltr'><strong>disserere,</strong></span> <span class='ocrx_word' id='word_1_282' title='bbox 1301 3603 1355 3666; x_wconf 88' lang='lat' dir='ltr'><strong>sed</strong></span> <span class='ocrx_word' id='word_1_283' title='bbox 1380 3611 1414 3667; x_wconf 90' lang='lat' dir='ltr'><strong>et</strong></span> 
     </span>
     <span class='ocr_line' id='line_1_34' title="bbox 212 3699 1413 3782; baseline 0.006 -24"><span class='ocrx_word' id='word_1_284' title='bbox 212 3703 276 3773; x_wconf 69' lang='grc' dir='ltr'><strong>ὑπὲρ</strong></span> <span class='ocrx_word' id='word_1_285' title='bbox 294 3706 434 3775; x_wconf 71' lang='grc' dir='ltr'><strong><em>ἀληθείας,</em></strong></span> <span class='ocrx_word' id='word_1_286' title='bbox 448 3721 513 3780; x_wconf 82' lang='lat' dir='ltr'><strong>pro</strong></span> <span class='ocrx_word' id='word_1_287' title='bbox 536 3699 687 3774; x_wconf 77' lang='lat' dir='ltr'><strong>Veritate,</strong></span> <span class='ocrx_word' id='word_1_288' title='bbox 705 3721 841 3780; x_wconf 89' lang='lat' dir='ltr'><strong>pugnare</strong></span> <span class='ocrx_word' id='word_1_289' title='bbox 864 3707 991 3781; x_wconf 87' lang='lat' dir='ltr'><strong>paratus</strong></span> <span class='ocrx_word' id='word_1_290' title='bbox 1012 3700 1063 3778; x_wconf 89' lang='lat' dir='ltr'><strong>sit,</strong></span> <span class='ocrx_word' id='word_1_291' title='bbox 1081 3703 1164 3764; x_wconf 89' lang='lat' dir='ltr'><strong>utin</strong></span> <span class='ocrx_word' id='word_1_292' title='bbox 1179 3702 1333 3782; x_wconf 87' lang='lat' dir='ltr'><strong>legatione</strong></span> <span class='ocrx_word' id='word_1_293' title='bbox 1355 3721 1413 3781; x_wconf 87' lang='lat' dir='ltr'><strong>pro</strong></span> 
     </span>
     <span class='ocr_line' id='line_1_35' title="bbox 210 3794 1413 3878; baseline 0.005 -20"><span class='ocrx_word' id='word_1_294' title='bbox 210 3794 395 3858; x_wconf 84' lang='lat' dir='ltr'><strong>Christianis</strong></span> <span class='ocrx_word' id='word_1_295' title='bbox 422 3797 558 3876; x_wconf 87' lang='lat' dir='ltr'><strong>loquitur</strong></span> <span class='ocrx_word' id='word_1_296' title='bbox 584 3796 811 3878; x_wconf 87' lang='lat' dir='ltr'><strong>Athenagoras.</strong></span> <span class='ocrx_word' id='word_1_297' title='bbox 872 3799 980 3878; x_wconf 88' lang='lat' dir='ltr'><strong>Atque</strong></span> <span class='ocrx_word' id='word_1_298' title='bbox 1001 3801 1033 3862; x_wconf 91' lang='lat' dir='ltr'><strong>in</strong></span> <span class='ocrx_word' id='word_1_299' title='bbox 1053 3799 1087 3862; x_wconf 93' lang='lat' dir='ltr'><strong>id</strong></span> <span class='ocrx_word' id='word_1_300' title='bbox 1106 3799 1283 3863; x_wconf 88' lang='lat' dir='ltr'><strong>enitendum</strong></span> <span class='ocrx_word' id='word_1_301' title='bbox 1303 3805 1352 3863; x_wconf 86' lang='lat' dir='ltr'><strong>est</strong></span> <span class='ocrx_word' id='word_1_302' title='bbox 1375 3819 1413 3864; x_wconf 90' lang='lat' dir='ltr'><strong>eo</strong></span> 
     </span>
     <span class='ocr_line' id='line_1_36' title="bbox 211 3893 1412 3977; baseline 0.004 -22"><span class='ocrx_word' id='word_1_303' title='bbox 211 3893 398 3974; x_wconf 90' lang='lat' dir='ltr'><strong>diligentius,</strong></span> <span class='ocrx_word' id='word_1_304' title='bbox 425 3895 507 3975; x_wconf 90' lang='lat' dir='ltr'><strong>quod</strong></span> <span class='ocrx_word' id='word_1_305' title='bbox 522 3893 619 3957; x_wconf 83' lang='lat' dir='ltr'><strong>Satan</strong></span> <span class='ocrx_word' id='word_1_306' title='bbox 643 3896 818 3976; x_wconf 78' lang='lat' dir='ltr'><strong>tyrannidis</strong></span> <span class='ocrx_word' id='word_1_307' title='bbox 837 3917 899 3960; x_wconf 85' lang='lat' dir='ltr'><strong>suae</strong></span> <span class='ocrx_word' id='word_1_308' title='bbox 922 3897 1024 3977; x_wconf 89' lang='lat' dir='ltr'><strong>spatia</strong></span> <span class='ocrx_word' id='word_1_309' title='bbox 1045 3897 1185 3961; x_wconf 88' lang='lat' dir='ltr'><strong>contrahi</strong></span> <span class='ocrx_word' id='word_1_310' title='bbox 1204 3898 1351 3972; x_wconf 88' lang='lat' dir='ltr'><strong>sentiens,</strong></span> <span class='ocrx_word' id='word_1_311' title='bbox 1377 3905 1412 3961; x_wconf 90' lang='lat' dir='ltr'><strong>et</strong></span> 
     </span>
     <span class='ocr_line' id='line_1_37' title="bbox 209 3991 1412 4074; baseline 0.006 -22"><span class='ocrx_word' id='word_1_312' title='bbox 209 3991 366 4070; x_wconf 90' lang='lat' dir='ltr'><strong>paululum</strong></span> <span class='ocrx_word' id='word_1_313' title='bbox 393 3993 549 4072; x_wconf 87' lang='lat' dir='ltr'><strong>temporis</strong></span> <span class='ocrx_word' id='word_1_314' title='bbox 569 3993 628 4056; x_wconf 92' lang='lat' dir='ltr'><strong>sibi</strong></span> <span class='ocrx_word' id='word_1_315' title='bbox 650 4013 809 4073; x_wconf 88' lang='lat' dir='ltr'><strong>superesse</strong></span> <span class='ocrx_word' id='word_1_316' title='bbox 833 3996 952 4074; x_wconf 88' lang='lat' dir='ltr'><strong>videns,</strong></span> <span class='ocrx_word' id='word_1_317' title='bbox 976 3995 1009 4057; x_wconf 93' lang='lat' dir='ltr'><strong>in</strong></span> <span class='ocrx_word' id='word_1_318' title='bbox 1036 3997 1094 4059; x_wconf 87' lang='lat' dir='ltr'><strong>hac</strong></span> <span class='ocrx_word' id='word_1_319' title='bbox 1121 3995 1308 4059; x_wconf 87' lang='lat' dir='ltr'><strong>saeculorum</strong></span> <span class='ocrx_word' id='word_1_320' title='bbox 1335 3997 1412 4059; x_wconf 81' lang='lat' dir='ltr'><strong>face</strong></span> 
     </span>
     <span class='ocr_line' id='line_1_38' title="bbox 210 4090 1412 4173; baseline 0.002 -21"><span class='ocrx_word' id='word_1_321' title='bbox 210 4097 337 4152; x_wconf 86' lang='lat' dir='ltr'><strong>conatus</strong></span> <span class='ocrx_word' id='word_1_322' title='bbox 354 4111 423 4153; x_wconf 89' lang='lat' dir='ltr'><strong>suos</strong></span> <span class='ocrx_word' id='word_1_323' title='bbox 445 4090 534 4171; x_wconf 87' lang='lat' dir='ltr'><strong>louge</strong></span> <span class='ocrx_word' id='word_1_324' title='bbox 556 4092 714 4171; x_wconf 83' lang='lat' dir='ltr'><strong>potentius</strong></span> <span class='ocrx_word' id='word_1_325' title='bbox 735 4102 874 4173; x_wconf 86' lang='lat' dir='ltr'><strong>renovat,</strong></span> <span class='ocrx_word' id='word_1_326' title='bbox 900 4098 936 4155; x_wconf 94' lang='lat' dir='ltr'><strong>ut</strong></span> <span class='ocrx_word' id='word_1_327' title='bbox 956 4093 1083 4172; x_wconf 90' lang='lat' dir='ltr'><strong>piorum</strong></span> <span class='ocrx_word' id='word_1_328' title='bbox 1106 4092 1312 4158; x_wconf 87' lang='lat' dir='ltr'><strong>constantiam</strong></span> <span class='ocrx_word' id='word_1_329' title='bbox 1336 4113 1412 4172; x_wconf 87' lang='lat' dir='ltr'><strong>qua-</strong></span> 
     </span>
     <span class='ocr_line' id='line_1_39' title="bbox 209 4187 1412 4276; baseline 0.001 -26"><span class='ocrx_word' id='word_1_330' title='bbox 209 4205 330 4266; x_wconf 91' lang='lat' dir='ltr'><strong>cunque</strong></span> <span class='ocrx_word' id='word_1_331' title='bbox 344 4187 465 4251; x_wconf 90' lang='lat' dir='ltr'><strong>ratione</strong></span> <span class='ocrx_word' id='word_1_332' title='bbox 479 4190 612 4270; x_wconf 86' lang='lat' dir='ltr'><strong>frangat,</strong></span> <span class='ocrx_word' id='word_1_333' title='bbox 638 4198 671 4252; x_wconf 91' lang='lat' dir='ltr'><strong>et</strong></span> <span class='ocrx_word' id='word_1_334' title='bbox 685 4189 756 4252; x_wconf 84' lang='lat' dir='ltr'><strong>fidei</strong></span> <span class='ocrx_word' id='word_1_335' title='bbox 774 4199 936 4276; x_wconf 68' lang='lat' dir='ltr'><strong>altregium</strong></span> <span class='ocrx_word' id='word_1_336' title='bbox 956 4191 1120 4266; x_wconf 84' lang='lat' dir='ltr'><strong>adulteret,</strong></span> <span class='ocrx_word' id='word_1_337' title='bbox 1146 4191 1339 4254; x_wconf 87' lang='lat' dir='ltr'><strong>mendacium</strong></span> <span class='ocrx_word' id='word_1_338' title='bbox 1360 4190 1412 4252; x_wconf 88' lang='lat' dir='ltr'><strong>in-</strong></span> 
     </span>
     <span class='ocr_line' id='line_1_40' title="bbox 207 4284 1411 4369; baseline 0.004 -23"><span class='ocrx_word' id='word_1_339' title='bbox 207 4284 316 4364; x_wconf 90' lang='lat' dir='ltr'><strong>primis</strong></span> <span class='ocrx_word' id='word_1_340' title='bbox 332 4285 434 4364; x_wconf 89' lang='lat' dir='ltr'><strong>specie</strong></span> <span class='ocrx_word' id='word_1_341' title='bbox 450 4285 591 4350; x_wconf 87' lang='lat' dir='ltr'><strong>veritatis</strong></span> <span class='ocrx_word' id='word_1_342' title='bbox 605 4288 744 4365; x_wconf 84' lang='lat' dir='ltr'><strong>lucendo,</strong></span> <span class='ocrx_word' id='word_1_343' title='bbox 767 4295 803 4350; x_wconf 95' lang='lat' dir='ltr'><strong>ut</strong></span> <span class='ocrx_word' id='word_1_344' title='bbox 820 4289 939 4354; x_wconf 80' lang='lat' dir='ltr'><strong>facilius</strong></span> <span class='ocrx_word' id='word_1_345' title='bbox 958 4289 1098 4352; x_wconf 90' lang='lat' dir='ltr'><strong>incantos</strong></span> <span class='ocrx_word' id='word_1_346' title='bbox 1120 4289 1265 4369; x_wconf 87' lang='lat' dir='ltr'><strong>decipiat.</strong></span> <span class='ocrx_word' id='word_1_347' title='bbox 1316 4287 1411 4351; x_wconf 88' lang='lat' dir='ltr'><strong>Unde</strong></span> 
     </span>
     <span class='ocr_line' id='line_1_41' title="bbox 208 4373 1412 4467; baseline 0.001 -22"><span class='ocrx_word' id='word_1_348' title='bbox 208 4383 289 4462; x_wconf 90' lang='lat' dir='ltr'><strong>qnod</strong></span> <span class='ocrx_word' id='word_1_349' title='bbox 305 4403 365 4458; x_wconf 51' lang='lat' dir='ltr'><strong>neo,</strong></span> <span class='ocrx_word' id='word_1_350' title='bbox 375 4403 491 4460; x_wconf 88' lang='lat' dir='ltr'><strong>cruces,</strong></span> <span class='ocrx_word' id='word_1_351' title='bbox 517 4405 573 4448; x_wconf 92' lang='lat' dir='ltr'><strong>nec</strong></span> <span class='ocrx_word' id='word_1_352' title='bbox 590 4386 667 4467; x_wconf 88' lang='lat' dir='ltr'><strong>rogi,</strong></span> <span class='ocrx_word' id='word_1_353' title='bbox 692 4373 750 4450; x_wconf 81' lang='lat' dir='ltr'><strong>nec</strong></span> <span class='ocrx_word' id='word_1_354' title='bbox 764 4387 1013 4467; x_wconf 85' lang='lat' dir='ltr'><strong>proscriptiones,</strong></span> <span class='ocrx_word' id='word_1_355' title='bbox 1031 4393 1064 4450; x_wconf 89' lang='lat' dir='ltr'><strong>et</strong></span> <span class='ocrx_word' id='word_1_356' title='bbox 1080 4387 1219 4462; x_wconf 72' lang='lat' dir='ltr'><strong>laniena,</strong></span> <span class='ocrx_word' id='word_1_357' title='bbox 1235 4405 1292 4450; x_wconf 91' lang='lat' dir='ltr'><strong>nec</strong></span> <span class='ocrx_word' id='word_1_358' title='bbox 1308 4385 1412 4448; x_wconf 84' lang='lat' dir='ltr'><strong>mina-</strong></span> 
     </span>
     <span class='ocr_line' id='line_1_42' title="bbox 207 4476 1408 4564; baseline 0.001 -21"><span class='ocrx_word' id='word_1_359' title='bbox 207 4502 275 4544; x_wconf 91' lang='lat' dir='ltr'><strong>rum</strong></span> <span class='ocrx_word' id='word_1_360' title='bbox 294 4482 450 4558; x_wconf 87' lang='lat' dir='ltr'><strong>severitas,</strong></span> <span class='ocrx_word' id='word_1_361' title='bbox 478 4490 510 4545; x_wconf 90' lang='lat' dir='ltr'><strong>et</strong></span> <span class='ocrx_word' id='word_1_362' title='bbox 534 4476 689 4563; x_wconf 85' lang='lat' dir='ltr'><strong>impotens</strong></span> <span class='ocrx_word' id='word_1_363' title='bbox 714 4485 935 4548; x_wconf 89' lang='lat' dir='ltr'><strong>dominantium</strong></span> <span class='ocrx_word' id='word_1_364' title='bbox 960 4483 1065 4561; x_wconf 91' lang='lat' dir='ltr'><strong>libido,</strong></span> <span class='ocrx_word' id='word_1_365' title='bbox 1091 4485 1202 4564; x_wconf 89' lang='lat' dir='ltr'><strong>quibus</strong></span> <span class='ocrx_word' id='word_1_366' title='bbox 1226 4485 1312 4559; x_wconf 86' lang='lat' dir='ltr'><strong>fides,</strong></span> <span class='ocrx_word' id='word_1_367' title='bbox 1338 4503 1408 4561; x_wconf 87' lang='lat' dir='ltr'><strong>quaa</strong></span> 
     </span>
     <span class='ocr_line' id='line_1_43' title="bbox 206 4580 1409 4663; baseline 0.003 -23"><span class='ocrx_word' id='word_1_368' title='bbox 206 4581 382 4658; x_wconf 83' lang='lat' dir='ltr'><strong>persuaderi</strong></span> <span class='ocrx_word' id='word_1_369' title='bbox 400 4581 501 4658; x_wconf 89' lang='lat' dir='ltr'><strong>debet,</strong></span> <span class='ocrx_word' id='word_1_370' title='bbox 520 4580 674 4646; x_wconf 89' lang='lat' dir='ltr'><strong>violenter</strong></span> <span class='ocrx_word' id='word_1_371' title='bbox 690 4582 868 4662; x_wconf 88' lang='lat' dir='ltr'><strong>imperatur,</strong></span> <span class='ocrx_word' id='word_1_372' title='bbox 883 4584 1002 4646; x_wconf 89' lang='lat' dir='ltr'><strong>efficere</strong></span> <span class='ocrx_word' id='word_1_373' title='bbox 1021 4589 1201 4663; x_wconf 91' lang='lat' dir='ltr'><strong>potuerunt,</strong></span> <span class='ocrx_word' id='word_1_374' title='bbox 1218 4581 1251 4644; x_wconf 88' lang='lat' dir='ltr'><strong>id</strong></span> <span class='ocrx_word' id='word_1_375' title='bbox 1266 4581 1409 4661; x_wconf 86' lang='lat' dir='ltr'><strong>pessimis</strong></span> 
     </span>
    </p>
   </div>
   <div class='ocr_carea' id='block_1_3' title="bbox 0 0 1558 5198">
    <p class='ocr_par' dir='ltr' id='par_1_4' title="bbox 0 0 1558 5198">
     <span class='ocr_line' id='line_1_44' title="bbox 0 0 1558 5198; baseline 0 8"><span class='ocrx_word' id='word_1_376' title='bbox 0 0 1558 5198; x_wconf 95' lang='lat' dir='ltr'><strong> </strong></span> 
     </span>
    </p>
   </div>
  </div>
 </body>
</html>
