3108 5198
125 381 225 432 etssr.
240 361 297 446 rs]
615 381 653 424 hs
668 381 745 426 isos
759 381 819 425 nst.
1274 373 1311 430 33

123 545 172 583 non
184 525 362 599 moeohnndo,
374 525 541 602 prohibetur
554 525 676 602 quilibet
690 525 810 585 effeetus
824 527 925 584 uxoris
942 527 1043 586 eliense
1065 527 1104 586 sd
1127 547 1190 587 eam
1205 549 1311 590 conou-

123 604 283 682 pisoendsm,
300 605 408 663 Metth.
422 625 451 662 v.
466 607 514 680 28,
530 614 559 664 et
572 606 683 683 quosvis
697 605 806 664 illieitse
819 604 955 666 libidines
965 615 1119 684 vetentur3
1143 607 1205 668 snb
1219 609 1310 668 homi-

122 685 189 743 cidio
211 705 309 744 omnes
326 685 378 743 ire
398 694 494 744 motus
514 684 709 744 includuntur.
753 685 896 745 Praetores
916 686 995 764 quod
1016 696 1061 746 est
1082 688 1112 746 in
1138 707 1312 767 unaquoque

121 765 222 842 moesti
234 765 329 842 speeie
343 765 542 842 turpissimum
556 773 678 840 vetetur,
694 771 816 842 qusque
831 774 898 825 sunt
911 765 1054 845 ospitalis,
1069 767 1175 844 quihus
1189 769 1311 828 subnec-

120 853 210 903 tuntur
221 845 277 902 slis
290 844 396 921 omnis,
412 845 461 904 vel
474 844 552 922 quod
573 844 640 903 inde
662 843 761 921 fluent,
776 845 825 904 vel
848 845 927 923 qnod
949 865 983 904 eo
1006 847 1122 906 tandem
1146 847 1247 924 ferent,
1263 849 1312 908 vel

118 923 196 1000 quod,
210 943 273 1000 quse
286 924 407 982 minime
420 924 557 984 videntur
569 924 743 1000 hominihus,
759 924 790 983 in
804 925 860 983 Dei
874 926 986 1002 judioio
1000 927 1214 986 soonrstissimo
1230 949 1312 988 sere·

118 1003 181 1061 riori
189 1013 255 1062 note
267 1013 413 1063 texentur.
456 1003 522 1062 Non
536 1023 607 1082 ergo
620 1005 676 1064 hoo
689 1005 722 1065 fit
735 1004 774 1063 sd
794 1004 961 1064 exousunds
973 1007 1022 1065 vel
1043 1006 1225 1073 excludendo
1244 1028 1310 1087 peo-

116 1093 177 1142 esu
187 1083 301 1159 leviore,
317 1083 370 1142 sed
383 1091 417 1143 ut
429 1084 523 1161 major
535 1085 647 1162 peeosti
667 1084 820 1144 detestatio
841 1085 944 1144 snimis
964 1087 1071 1146 nostris
1090 1088 1310 1164 imprimeretur,

114 1163 180 1240 quis
192 1183 255 1221 osro
268 1164 380 1240 peoesti
394 1163 554 1223 foeditstem
568 1164 687 1240 diluere,
703 1173 732 1224 et
746 1164 884 1242 speciosis
902 1166 1091 1242 prsetextibus
1112 1167 1249 1226 inducere
1264 1188 1311 1226 eo-

114 1251 203 1318 nstnr,
217 1243 296 1302 verbi
310 1243 406 1321 grstia
419 1242 462 1302 irs
475 1243 614 1303 etodium
628 1248 792 1322 non'usque
805 1243 877 1303 sdeo
887 1246 1049 1305 exsorsnds
1062 1255 1207 1325 putantem,
1223 1265 1312 1325 quum

113 1323 173 1382 suis
183 1323 346 1382 nominibus
360 1324 560 1402 appellentur:
581 1323 625 1383 At
638 1343 727 1401 quum
741 1324 952 1385 interdiountur
964 1326 1049 1388 nobis
1062 1327 1117 1387 suh
1130 1327 1246 1386 nomine
1259 1329 1311 1386 ho·

112 1401 225 1477 mieirlii,
239 1402 343 1462 melius
357 1403 547 1480 intelligimus
560 1411 670 1480 qusnts
683 1403 784 1463 sintin
796 1403 1010 1464 abominatione
1025 1406 1102 1483 spurl
1117 1407 1220 1466 Deum.

112 1643 240 1719 prohibet
252 1641 373 1721 aliquid,
388 1643 476 1702 etism
489 1642 521 1701 id
541 1643 603 1702 sine
617 1663 675 1719 quo
693 1643 756 1702 fieri
769 1663 828 1703 non
841 1653 937 1721 potest
950 1646 999 1704 vel
1012 1665 1072 1704 non
1094 1647 1176 1705 solet.
1220 1647 1268 1706 Sin
1283 1646 1313 1704 in

112 1722 299 1800 prohibitione
313 1722 450 1782 adulterii
463 1723 651 1798 prohihentur
664 1722 773 1782 illicitet
795 1743 974 1800 quaeeunque
995 1725 1140 1800 libidines,
1165 1734 1194 1784 et
1215 1743 1314 1784 esrum

113 1804 261 1881 soshsrigo,
276 1801 507 1879 intemperantis,
523 1810 552 1861 et
565 1821 746 1880 quaeeunque
760 1821 858 1861 esrum
873 1812 941 1862 sunt
954 1803 1148 1862 ineitsments.
1183 1804 1232 1862 Its
1245 1803 1314 1862 dum
1384 1843 1392 1854 ·

113 1882 276 1943 Csstitstem
291 1883 357 1942 Lex
369 1882 508 1960 precipit,
524 1882 617 1959 exigit
631 1882 718 1940 etism
729 1882 793 1959 ejus
803 1883 945 1940 nutricem
955 1883 1196 1960 Temperantism,
1211 1891 1240 1941 et
1252 1903 1313 1942 mo·

112 1961 178 2020 dum
190 1962 220 2020 in
232 1965 324 2022 victu.
367 1961 446 2020 Dum
456 1962 597 2039 jubentur
613 1961 666 2019 filii
690 1969 824 2038 parentes
846 1961 1007 2038 honorsre3
1025 1962 1155 2022 vicissim
1174 1961 1315 2040 jubentur

110 2052 238 2118 parentes
251 2043 329 2102 filios
342 2049 461 2119 peteme
475 2040 582 2118 fovere,
597 2049 627 2100 ot
639 2041 671 2098 in
686 2041 847 2119 Dissiplins
862 2041 980 2100 Domini
994 2041 1125 2119 eduesre,
1141 2051 1170 2102 et
1186 2042 1241 2102 sub
1262 2062 1313 2102 no·

110 2121 185 2180 unns
206 2123 364 2182 Parentum
386 2121 589 2198 intelliguntur
610 2121 732 2199 quilibet
756 2121 933 2199 Superiores,
962 2122 1162 2200 Magistratus,
1186 2122 1312 2198 Domini,

112 2201 311 2281 Prseeeptorss,
323 2202 468 2278 Pastores,
478 2200 584 2279 quibus
598 2200 726 2261 vicissim
740 2201 835 2261 officis
847 2199 1080 2280 praescribuntur,
1095 2203 1201 2280 quibus
1214 2211 1313 2263 tenen·

109 2289 155 2340 tur
166 2301 235 2361 erge
246 2282 407 2342 inferiores.

412 2359 468 2420 VI.
491 2360 607 2436 Quinte,
621 2362 771 2438 Roeoepto
779 2361 885 2440 primo
899 2363 1014 2422 Tabula
1026 2365 1166 2440 derogem
1177 2365 1313 2439 secundm,

167 2413 259 2474 ΒΨ
267 2415 291 2460 5.
372 2440 470 2519 quood
478 2449 561 2500 setus
571 2440 699 2500 internos
709 2450 739 2500 ot
749 2451 886 2502 externos
893 2443 1081 2519 necessarios,
1096 2443 1213 2520 quando
1228 2443 1315 2503 simul

110 2519 203 2580 Ιοοιιιιι
220 2521 328 2581 hebere
348 2539 408 2580 non
427 2528 559 2599 possunt.
603 2521 651 2580 Sic
670 2539 752 2580 emor
771 2522 897 2600 proximi
917 2521 1004 2584 debet
1017 2522 1108 2582 amori
1122 2521 1179 2581 Dei
1200 2523 1313 2601 subjici,

110 2609 291 2661 ettenorum·
317 2601 415 2661 odisse
441 2608 553 2678 petrem
577 2607 607 2659 et
630 2609 750 2660 matrem
770 2610 888 2680 propter
911 2601 1066 2678 Christum,
1091 2603 1162 2662 Lue.
1187 2603 1249 2662 xiv.
1264 2606 1312 2680 26,

109 2681 221 2756 quando
234 2701 318 2741 emor
330 2689 483 2759 petentum
497 2689 541 2739 est
562 2678 701 2747 ιἰσὺπκος
721 2699 787 2740 oum
808 2701 904 2741 smero
918 2680 1035 2742 Christi.
1077 2683 1168 2742 Jusss
1189 2683 1316 2742 humens

110 2771 173 2820 snnt
185 2761 373 2840 negligendo,
388 2761 439 2820 ubi
454 2760 509 2820 Dei
530 2760 673 2820 mandetis
687 2771 878 2840 opponuntur,
895 2758 1000 2821 Most.
1016 2781 1046 2820 x.
1061 2764 1109 2838 st,
1133 2771 1163 2822 et
1182 2761 1251 2822 Act.
1273 2763 1313 2822 iv.

112 2841 156 2898 19.
197 2841 258 2902 Sed
272 2841 403 2900 vicissim
419 2843 437 2874 “
451 2840 661 2900 eseremonislis
673 2842 774 2919 primoe
787 2840 893 2900 tsbulss
907 2840 1015 2900 oedunt
1033 2841 1192 2902 moralibus
1213 2859 1313 2900 seeun-

111 2919 159 2996 ὼε,
174 2922 244 2998 quis
259 2922 341 2980 Deus
354 2920 419 2980 vult
431 2919 665 2996 miserieordism,
679 2940 739 2980 non
753 2919 955 2996 soorifioium,”
970 2920 1037 2980 0se.
1051 2920 1091 2978 vi.
1107 2922 1134 2995 6,
1150 2920 1189 2978 id.
1205 2921 1315 2978 cultum

111 3001 243 3060 morulsm
258 3001 403 3078 praeoipue
424 3007 454 3059 et
466 2999 610 3077 primerio,
625 3008 763 3078 tunquam
777 2999 918 3077 potiorem
938 3007 968 3057 et
988 3015 1039 3075 per
1060 3015 1091 3056 se
1111 2999 1312 3072 necessarium,

112 3081 336 3140 ceremonialem
350 3099 421 3138 vero
435 3079 606 3139 secundario
619 3087 731 3139 tentum
743 3086 863 3158 propter
875 3077 1023 3136 moralem.
1065 3075 1152 3136 Unde
1174 3093 1232 3134 nou
1255 3084 1315 3136 tum

115 3158 212 3219 solieiti
224 3161 368 3220 dehemus
382 3178 446 3218 esse
460 3159 497 3218 de
510 3160 576 3234 isto,
591 3178 679 3237 qusm
693 3159 729 3217 de
743 3157 804 3216 illo.

431 3239 505 3297 VII.
529 3239 628 3314 Sexto,
648 3240 797 3314 Praecepta
815 3236 877 3295 atta
889 3245 954 3295 erant
975 3236 1156 3313 affimsotrbo,
1180 3257 1245 3315 ques
1265 3237 1315 3315 ju·

168 3290 289 3351 ww·
369 3317 440 3377 hent
453 3317 592 3394 fsoiends,
608 3318 639 3376 in
653 3337 718 3394 quae
736 3325 874 3395 psoentur
892 3316 1066 3393 omissione3
1087 3317 1156 3376 Alia
1175 3317 1313 3395 nepotiva,

111 3415 170 3474 qun
182 3397 341 3475 prohibent
355 3396 500 3474 fugiende,
515 3398 625 3474 inques
639 3405 775 3474 peoostur
788 3395 1008 3474 oommissione;
1029 3399 1090 3456 Illo
1110 3398 1234 3474 obligant
1244 3419 1315 3457 sem·

107 3495 166 3552 per,
179 3481 229 3537 sed
243 3495 302 3535 non
314 3480 357 3536 ad
368 3497 485 3554 sempor,
500 3479 563 3536 Isto
576 3477 701 3554 ohlipant
711 3479 829 3555 semper,
845 3485 873 3536 st
884 3475 926 3535 ad
943 3495 1062 3554 semper.
1105 3477 1179 3552 Quis
1192 3479 1316 3538 virtutes

110 3565 137 3615 et
149 3557 240 3616 ohiois
257 3575 323 3634 que
333 3558 485 3635 prsroeptis
495 3556 675 3616 affirmativis
684 3556 832 3635 jubentur,
847 3575 906 3615 non
916 3555 1049 3616 omnibus
1063 3557 1215 3617 momentis
1230 3557 1317 3618 simul

110 3643 137 3694 et
148 3637 236 3697 semel
253 3644 377 3713 possunt
391 3637 527 3713 exereeri,
544 3645 573 3696 et
587 3646 753 3714 supponunt
767 3635 947 3696 eonditiones
966 3637 1115 3713 quosdam,
1139 3638 1245 3715 quihus
1265 3637 1316 3695 ab·

109 3717 233 3776 sentibus
262 3715 345 3776 loeus
363 3716 423 3775 illis
442 3735 502 3775 non
522 3715 615 3790 detur,
637 3735 666 3775 v.
688 3736 718 3794 g.
738 3735 798 3776 non
819 3733 931 3795 semper
951 3717 1120 3794 superstites
1141 3718 1190 3776 vel
1211 3725 1317 3794 praesto

110 3804 172 3854 sunt
186 3797 340 3873 Parentes,
354 3803 390 3854 nt
402 3813 452 3855 eos
468 3796 577 3854 honore
591 3794 690 3854 debito
710 3795 876 3854 efficiemus.
918 3793 962 3855 At
980 3797 1053 3856 vitis
1073 3805 1103 3855 et
1123 3796 1232 3854 soelsrs
1252 3814 1318 3872 quse

109 3875 306 3952 prohibentur,
320 3875 403 3934 nullo
416 3874 553 3953 temporis
574 3875 696 3934 nrtiorrlo
709 3874 788 3935 lieite
808 3875 1034 3935 committuntur.
1078 3875 1136 3933 Hie
1149 3893 1219 3933 vero
1238 3875 1318 3932 exei-

110 3954 241 4029 pismlum
257 3953 378 4014 videtur
397 3955 564 4014 mundatum
585 3951 720 4032 generale
741 3953 943 4014 affirmativum
957 3955 996 4014 de
1009 3955 1073 4013 Deo
1093 3952 1224 4028 emendo,
1239 3953 1320 4028 quod

112 4033 217 4112 obliget
230 4053 350 4113 semper
362 4043 393 4094 et
406 4033 444 4093 sd
457 4053 578 4112 semper,
588 4035 657 4112 quie
669 4035 781 4094 nullum
792 4041 838 4092 est
851 4042 973 4111 tempus,
984 4033 1035 4092 vel
1047 4034 1138 4109 loeus,
1152 4032 1202 4092 vel
1215 4039 1318 4112 status,

112 4110 209 4191 inquo
222 4117 315 4175 homo
329 4114 419 4175 eximi
429 4115 521 4192 possit
534 4113 571 4173 sb
585 4113 679 4208 oflioio
693 4113 810 4208 emendi
824 4114 932 4173 Deum,
1143 4192 1150 4206 ,
1188 4193 1195 4209 υ
1218 4193 1225 4206 ⁸

165 4245 294 4306 ΒΨΜ·
366 4193 1321 4352 βήῖῗτᾙΔέιῑὲἭίηἭωἭἨιὶξᾚἭςᾝ

114 4347 206 4428 legis,
230 4354 289 4412 Ro.
310 4352 374 4412 xiii.
397 4357 443 4429 10,
467 4353 605 4412 lTimot.
624 4353 644 4412 i.
660 4353 688 4412 5.
742 4352 836 4411 Amor
853 4353 980 4413 obsolvit
999 4373 1099 4413 omnes
1122 4351 1320 4412 beneficentiae

114 4426 167 4487 Dei
191 4441 222 4491 et
245 4431 422 4493 ohedientia
448 4433 575 4493 hominis
594 4432 684 4492 vises.
740 4431 783 4494 Ut
804 4432 900 4492 omnis
926 4433 983 4492 Dei
1005 4431 1146 4492 beneficis
1166 4429 1203 4487 sb
1224 4447 1321 4486 amore

113 4505 201 4569 fluunt
214 4521 244 4572 st
258 4513 290 4571 in
304 4531 340 4571 eo
355 4512 557 4588 eontinentur3
581 4511 628 4572 Its
642 4512 738 4571 omnis
754 4511 881 4571 hominis
895 4511 989 4572 officis
1010 4529 1107 4570 amore
1124 4505 1319 4564 includuntur.

115 4586 202 4648 Amor
221 4592 279 4650 Dei
300 4599 348 4651 est
367 4592 518 4670 plenitudo
540 4591 705 4670 Evangelii,
728 4591 821 4651 Amor
840 4591 966 4652 hominis
986 4597 1031 4650 est
1051 4584 1200 4664 plenitudo
1221 4581 1320 4657 Legis.

116 4665 192 4730 Dens
205 4679 251 4730 est
264 4671 403 4749 chorites,
417 4681 447 4732 et
461 4673 583 4732 Tessers
595 4672 721 4732 liliorum
737 4671 792 4732 Dei
805 4691 865 4731 non
878 4671 936 4731 slis
953 4678 999 4731 est
1019 4683 1107 4745 quom
1129 4681 1217 4801 ιὲιιοι,
1232 4661 1321 4721 John.

210 4768 285 4811 rsus
299 4771 335 4808 ιι.
731 4787 743 4796 -
