3146 5210
282 367 341 424 428
674 385 765 426 nocua
788 385 918 426 nsoruus
940 385 1085 434 ausurus.
1280 364 1413 446 [cuasa
1428 387 1479 425 xm.

281 524 360 583 tuale
394 533 424 583 et
456 525 596 584 eoeleste?
652 525 737 584 Prius
769 525 869 586 Judaei
896 534 1034 601 statuunt,
1060 525 1111 602 qui
1145 545 1184 584 ex
1216 525 1293 584 male
1332 525 1480 585 intellectis

283 604 491 680 Prophetarum
516 604 647 664 Oraeulis
671 605 707 664 de
732 605 824 683 gloria
850 605 974 682 Messias,
991 606 1129 664 Messium
1152 606 1264 683 Regem
1284 606 1481 683 praestolantur

281 685 469 760 temporalem
501 693 531 743 et
559 684 746 759 mundanum,
779 687 829 762 qui
860 686 962 744 exules
995 686 1025 742 ia
1056 685 1164 762 patrias
1198 685 1281 744 sodes
1314 685 1480 744 reducturus

281 763 327 839 ait,
343 783 401 821 non
425 763 486 822 sine
509 765 600 823 mults
621 764 747 822 hostium
770 765 857 840 caede,
873 773 901 823 et
924 765 1079 841 omnigena
1100 785 1150 824 eos
1164 764 1302 824 felicitate
1316 765 1478 824 donaturus

279 841 351 916 Quae
374 843 471 920 opinio
489 845 551 922 jam
572 853 699 920 tempore
721 844 829 903 Christi
850 844 975 904 obtinuit
996 844 1071 902 inter
1084 845 1214 920 Judaeos,
1230 864 1289 902 non
1310 845 1401 902 modo
1415 846 1481 904 inter

249 977 251 982 ,
281 922 425 982 Primores
440 943 476 981 ex
491 924 570 1001 ipsis,
586 922 638 982 sed
652 934 681 982 et
695 923 770 982 inter
783 924 861 1001 ipsos
875 923 1043 1002 Apostolos,
1059 926 1108 1001 qui
1122 924 1309 1002 praefecturas
1322 924 1479 982 mundanas

274 1001 337 1078 jam
352 1022 402 1081 spe
416 1011 619 1081 preceperant,
634 1011 664 1061 et
685 1003 721 1061 de
743 1003 867 1079 primatu
889 1004 1109 1079 contendebant,
1125 1005 1183 1062 imo
1194 1013 1223 1062 et
1237 1013 1304 1081 post
1317 1006 1479 1063 resurrecti·

279 1102 364 1140 onem
379 1083 493 1160 abipso
511 1090 621 1160 petunt,
639 1082 688 1140 An
711 1083 762 1141 illo
786 1091 914 1161 tempore
938 1103 1059 1160 reguum
1085 1093 1160 1142 esset
1184 1085 1339 1142 restiturus
1364 1084 1480 1142 lsi-aeli?

280 1162 348 1220 Act.
363 1162 382 1220 i.
399 1165 426 1221 6.
442 1163 516 1237 Quia
529 1183 599 1221 vero
614 1163 694 1220 varia
707 1162 743 1220 de
767 1164 950 1240 passionibus
965 1163 1081 1222 Messias
1095 1164 1238 1222 habentur
1251 1163 1281 1220 in
1297 1164 1403 1222 Veteri
1417 1163 1479 1221 'Pes-

278 1250 415 1316 tamento,
441 1262 505 1318 quae
528 1261 592 1300 eum
616 1241 709 1319 gloria
730 1242 814 1300 istius
835 1244 931 1320 Regni
954 1261 1056 1319 parum
1078 1243 1263 1317 conveniunt,
1287 1242 1361 1301 Ideo
1385 1243 1479 1302 Judaei

279 1320 452 1379 recentiores
466 1321 611 1398 duplicem
631 1321 770 1380 Messiam
784 1321 938 1398 finxerunt,
954 1342 1075 1399 quorum
1090 1323 1163 1381 alter
1176 1323 1198 1382 J
1199 1323 1301 1400 osephi
1314 1331 1394 1381 esset
1407 1321 1479 1380 filius

277 1399 401 1474 futurus,
416 1400 534 1458 humilis
548 1409 577 1460 ct
590 1421 699 1479 pauper
712 1402 857 1480 variisque
879 1402 1127 1480 persecutionibus
1141 1402 1295 1477 obnoxius,
1324 1403 1400 1462 alter
1414 1423 1479 1460 vero

279 1478 411 1554 Davidis,
434 1479 515 1538 fortis
539 1489 568 1539 et
589 1490 700 1558 potens,
723 1481 872 1558 splendide
894 1491 1066 1558 regnaturus
1088 1482 1118 1540 in
1139 1481 1257 1540 mundo.
1300 1481 1387 1556 Quod
1411 1483 1479 1540 doli·

278 1558 351 1616 rium
366 1557 449 1618 facile
464 1559 611 1635 refellitur,
627 1569 686 1619 tsm
701 1581 738 1621 ex
753 1562 892 1620 Veterum
912 1581 1062 1637 consensu,
1077 1563 1128 1638 qui
1143 1562 1258 1620 unicum
1272 1569 1388 1620 tautum
1404 1561 1478 1620 bles·

276 1638 543 1716 siamsgnoverunt,
552 1661 637 1718 quam
644 1661 682 1698 ex
693 1641 755 1718 ipsa
761 1641 909 1718 scriptura,
917 1661 981 1718 quse
990 1641 1027 1700 de
1036 1661 1094 1701 uno
1099 1649 1210 1700 tautum
1219 1641 1358 1718 loquitur,
1366 1643 1415 1700 cui
1423 1643 1477 1700 duo

277 1726 370 1778 status
382 1729 543 1797 competere
554 1720 686 1796 debeant,
698 1720 869 1780 humilitatis
880 1730 909 1780 et
920 1721 1028 1798 gloriae.
1063 1721 1149 1780 Unde
1159 1719 1323 1780 Orthodoxi
1336 1721 1477 1799 eolligunt

277 1798 412 1875 Regnum
426 1802 489 1876 ejus
502 1820 561 1858 non
575 1819 638 1859 esse
651 1799 829 1859 mundanum
843 1808 872 1859 et
884 1809 1038 1877 terrenum,
1055 1801 1106 1860 sed
1121 1801 1268 1878 spirituale
1282 1809 1312 1858 et
1325 1801 1454 1859 eoeleste.

275 1915 388 1975 Regnum
422 1917 515 1964 chriso
538 1880 611 1938 VII.
635 1880 741 1956 Primo,
758 1879 832 1955 Quia
842 1900 880 1938 ex
891 1880 1022 1940 Oraeulis
1037 1880 1153 1940 Veteris
1163 1879 1340 1938 Testamenti
1355 1899 1391 1938 eo
1406 1889 1475 1940 tenr-

304 1990 351 2020 non
372 1989 423 2022 osse
444 1990 515 2020 mun·
535 1979 604 2037 pore
628 1968 768 2018 venturus
789 1959 843 2018 fuit
864 1960 996 2034 Messias,
1022 1979 1079 2036 quo
1101 1967 1244 2036 sceptrum
1268 1960 1475 2019 removendum

303 2035 513 2104 assumseram·
533 2039 587 2098 fuit
601 2058 619 2096 a
632 2039 653 2098 J
656 2039 721 2115 uda,
742 2047 771 2098 et
786 2039 977 2116 Legislatoria
991 2047 1118 2116 potestas
1132 2039 1294 2114 auferenda,
1311 2039 1388 2097 Cen.
1403 2041 1475 2098 xlix.

301 2093 512 2196 {ppelleEprGopp
535 2121 581 2192 10,
597 2127 629 2177 ut
643 2138 744 2178 revera
765 2127 877 2178 constat
891 2128 1019 2196 tempore
1044 2119 1150 2178 Christi
1175 2119 1296 2178 Judaeos
1317 2118 1408 2178 fuisse
1424 2121 1475 2178 sub

301 2209 360 2253 xux.
387 2207 423 2263 10,
448 2210 511 2255 Dan.
533 2199 728 2257 Romanorum
745 2205 896 2276 potestate.
939 2197 1025 2258 Unde
1039 2218 1097 2256 non
1118 2199 1214 2277 potuit
1227 2217 1290 2257 esse
1314 2199 1381 2257 Rex
1403 2209 1473 2258 tem-

299 2267 332 2309 nr.
532 2278 647 2356 portalis,
676 2278 745 2354 quia
773 2279 885 2354 Regem
913 2298 985 2353 ease,
1014 2287 1043 2336 et
1071 2279 1154 2337 alteri
1175 2278 1279 2356 subjici
1299 2291 1472 2355 repugnant

271 2356 383 2433 Daniel,
397 2377 459 2436 cap.
467 2359 517 2433 ix,
529 2359 592 2435 ejus
603 2357 861 2416 manifestationem
874 2357 1005 2416 refertad
1016 2366 1206 2436 tempusque
1219 2357 1330 2417 Civitas
1343 2367 1375 2417 et
1389 2359 1472 2418 Tem-

267 2436 348 2513 plum
359 2447 441 2496 erant
455 2435 619 2509 evertenda,
634 2456 688 2494 nec
702 2437 793 2495 ullum
808 2436 909 2496 debuit
922 2457 1068 2496 remanere
1082 2437 1248 2514 vestigium.

264 2553 288 2599 2·
304 2555 369 2605 Quis
379 2557 508 2602 mambra·
569 2515 659 2575 VIII.
684 2516 825 2590 Secundo,
848 2516 922 2590 Quia
945 2517 1080 2594 Regnum
1095 2516 1201 2576 Christi
1215 2537 1266 2594 per
1287 2517 1371 2575 rarle
1386 2535 1473 2594 regns

296 2619 339 2658 cur
364 2628 407 2672 per
422 2615 508 2673 Regna
529 2595 697 2673 temporalia
711 2604 755 2654 est
779 2595 988 2654 adumbratum.
1013 2597 1115 2656 Atrea
1140 2617 1282 2673 corporee
1306 2605 1337 2655 et
1352 2605 1472 2655 terrena

294 2677 399 2717 *⁰³⁰⁰*
529 2695 587 2734 nou
612 2683 680 2734 sunt
693 2675 756 2752 typi
770 2695 866 2734 rerum
880 2683 910 2734 et
934 2696 1133 2754 corporearum
1149 2686 1177 2735 et
1190 2676 1404 2735 mundanarum
1418 2677 1472 2734 sibi

264 2752 515 2833 homogenearum,
532 2755 584 2814 sed
594 2755 742 2813 meliorum
759 2764 787 2813 et
796 2756 1035 2832 praestantiorum,
1048 2758 1116 2815 nim.
1139 2757 1340 2833 spiritualium.
1382 2757 1471 2834 Figu-

263 2851 325 2891 ram
339 2836 416 2895 enim
431 2843 544 2913 oportet
558 2855 621 2893 esso
635 2834 798 2892 inferiorem
821 2855 872 2893 suo
886 2835 1019 2912 figurato,
1035 2844 1064 2894 et
1077 2837 1209 2895 umbram
1232 2855 1361 2913 corpore.
1399 2835 1472 2894 Cum

263 2921 359 2972 autem
374 2916 503 2993 regimen
519 2914 585 2974 Vet.
601 2915 680 2973 Test.
695 2933 753 2990 quo
763 2914 963 2973 adumbratum
975 2923 1020 2974 est
1031 2915 1138 2975 Christi
1150 2916 1293 2992 Regnum,
1306 2913 1397 2974 fuerit
1410 2935 1472 2974 cor-

262 3011 389 3072 poreum,
408 2997 541 3073 Regnum
557 2994 664 3052 Christi
684 2993 783 3088 debuit
798 3015 860 3087 esse
876 2994 1033 3072 spirituale.
1392 3075 1400 3088 ·

259 3111 366 3216 ³33¹·
388 3118 501 3218 estut
523 3074 845 3230 ,thtfflthitt
857 3073 1472 3214 ftttttttiltttthttt‘tht

290 3187 504 3302 psnrnsnclsuna
524 3244 553 3293 et
575 3253 690 3311 pauper,
708 3200 795 3292 Zaoh.
818 3234 860 3293 ix.
883 3235 910 3309 9,
934 3234 1067 3310 quisine
1090 3234 1181 3292 forma
1203 3241 1232 3291 et
1246 3233 1342 3309 specie
1368 3233 1472 3292 debuit

290 3288 436 3389 spinggghr.
524 3313 631 3387 venire,
642 3313 828 3372 velutramus
838 3314 952 3372 excisus
967 3333 1003 3372 ex
1018 3323 1120 3372 hurico
1131 3314 1227 3389 Jesse,
1240 3312 1298 3372 Isa.
1314 3313 1355 3370 xi.
1375 3316 1401 3387 1,
1418 3317 1469 3390 qui

523 3393 603 3451 venit
618 3411 681 3450 cum
697 3391 789 3450 forma
803 3393 879 3452 servi
894 3393 931 3452 ad
944 3393 1173 3468 ministrandum,
1189 3411 1248 3450 non
1262 3401 1295 3450 ut
1308 3392 1352 3450 illi
1366 3393 1466 3450 minis·

257 3473 389 3541 traretur,
413 3467 518 3528 Matth.
534 3491 584 3528 xx.
605 3473 653 3544 28,
675 3471 724 3547 qui
746 3491 776 3530 se
791 3472 914 3548 subjecit
929 3473 1124 3533 Romanorum
1140 3473 1274 3550 Imperio,
1295 3480 1324 3530 et
1347 3491 1467 3530 censum

256 3544 477 3670 lllwll‚
494 3570 558 3626 qum
579 3549 716 3609 ἀτύπωτα
736 3571 800 3610 esse
823 3571 887 3610 oum
910 3551 1013 3629 Regno
1027 3552 1173 3611 mundano
1195 3571 1280 3611 nemo
1300 3571 1360 3609 non
1374 3552 1466 3611 videt

520 3634 547 3688 2.
570 3632 676 3688 Solium
694 3651 752 3688 non
779 3639 924 3690 terrenum
949 3640 977 3691 et
1002 3632 1184 3709 aspectabile,
1202 3631 1254 3694 sed
1281 3630 1415 3690 divinum
1435 3648 1467 3691 et

519 3710 644 3785 coeleste,
661 3709 781 3769 dextera
802 3711 866 3788 ipsa
881 3711 946 3786 Dei,
971 3712 1009 3770 ad
1023 3733 1109 3788 quam
1123 3711 1223 3770 sedere
1247 3710 1357 3786 debuit,
1385 3713 1464 3770 Psal.

520 3809 565 3846 cx.
584 3793 609 3848 l.
637 3793 665 3848 3.
688 3791 833 3866 Sceptrum
845 3809 903 3849 non
913 3791 1069 3865 materiale,
1086 3791 1137 3850 sed
1151 3791 1315 3868 mysticum,
1331 3791 1463 3850 Verbum

519 3869 629 3928 seilicet
654 3870 817 3948 Evangelii,
842 3870 900 3928 Isa.
921 3870 950 3929 ii.
977 3875 1004 3945 3,
1020 3871 1099 3948 quod
1121 3873 1269 3948 Sceptrum
1281 3872 1465 3945 fortitudchis

255 3971 325 4011 vere
353 3949 467 4027 dieitur,
484 3947 560 4007 Psal.
576 3969 622 4023 cx,
638 3953 665 4025 2,
682 3950 750 4027 quia
773 3957 817 4009 est
837 3950 966 4028 potentia
981 3951 1036 4010 Dei
1061 3950 1098 4009 ed
1122 3951 1253 4026 salutem,
1269 3959 1298 4009 et
1311 3950 1462 4008 brachium

324 4071 419 4117 Subdiu
518 4029 644 4106 Domini,
662 4029 719 4088 Isa.
734 4029 785 4087 liii.
803 4033 828 4105 1,
842 4030 926 4089 Rom.
941 4031 960 4089 i.
978 4033 1024 4089 16.
1046 4033 1074 4089 4.
1096 4031 1207 4090 Subdits'
1218 4049 1277 4088 non
1291 4029 1462 4088 sunthomi·

421 4101 427 4115 '
516 4129 568 4168 nes
589 4109 695 4168 terreni
716 4118 744 4169 et
769 4110 906 4185 carnales,
930 4111 981 4168 sed
1009 4110 1172 4187 spirituales
1199 4116 1229 4168 et
1256 4109 1389 4169 celestes
1410 4129 1462 4188 per

255 4190 395 4267 Spiritum
409 4189 540 4266 regeniti,
556 4209 613 4247 non
632 4209 670 4248 ex
685 4209 778 4264 carne,
794 4189 897 4248 sodex
913 4189 1053 4264 Deonati,
1070 4190 1139 4249 Joh.
1152 4191 1170 4248 i.
1188 4193 1233 4262 12,
1248 4209 1371 4266 quorum
1385 4192 1459 4247 roai-

251 4295 335 4346 nopae
346 4278 390 4327 est
404 4269 433 4325 in
448 4269 537 4344 coelis,
555 4269 629 4327 Phil.
641 4269 682 4327 iii.
692 4273 739 4342 20,
750 4273 875 4346 populas
883 4295 967 4333 rem-o
976 4279 1152 4346 spontaneae,
1169 4269 1246 4328 Psal.
1262 4271 1347 4342 cx.3,
1360 4270 1457 4346 quiex

254 4361 336 4409 utero
351 4368 467 4422 surorae,
491 4349 522 4406 id
542 4368 580 4407 ex
597 4347 662 4407 luce
691 4349 846 4425 Evangelii
870 4348 934 4407 Dco
962 4350 1143 4426 generandus
1171 4357 1223 4423 est,
1253 4356 1282 4408 et
1310 4349 1458 4424 spirituale

252 4431 357 4488 decore
382 4427 542 4486 sanctitatis
562 4427 717 4487 ornandus.
759 4431 787 4486 5.
809 4429 914 4486 Modus
928 4429 1177 4488 administrationis
1198 4436 1276 4486 totus
1291 4428 1456 4505 spiritualis,

251 4547 490 4648 Massiuam*
513 4507 724 4645 {¹3¹3le
744 4506 950 4661 popm
972 4507 1458 4646 {atlhb'uuhhsu

325 4661 411 4717 neges
427 4637 433 4647 Ι
511 4631 597 4722 mddo
612 4673 693 4723 actus
714 4671 858 4739 externos,
876 4665 970 4724 sedet
985 4607 1112 4725 llrtemos
1128 4608 1313 4744 dorlaponunt,
1328 4675 1386 4725 eta
1400 4676 1455 4724 ter·

189 3725 191 3730 -
320 3693 427 3738 Solium.

307 3831 448 3890 Scaptrum.
