3146 5210
188 377 248 434 470
592 393 683 434 norme
705 391 834 434 numurus
849 391 986 442 Qurnrus.
1210 369 1340 452 [eumer.
1354 387 1399 430 rr.

190 543 249 594 tarn
264 535 294 593 in
308 541 404 594 mente
419 541 447 594 et
461 533 620 611 voluntate,
636 556 722 613 quarn
738 536 767 594 in
782 535 933 594 affectibus
947 531 1143 607 occurrebant,
1158 551 1176 590 a
1190 532 1284 610 gratia
1297 551 1399 590 neces·

192 616 267 674 sario
281 616 343 674 fieri
357 615 458 675 debuit
472 615 607 674 distincte
621 637 639 675 a
655 616 761 674 Verbo.

233 695 392 754 XXXVI.
416 697 537 754 Frustra
546 705 733 773 reponeretur
745 697 793 753 hic
804 715 869 753 eum
881 695 1040 769 Remonst,
1055 693 1231 769 apertionem
1241 693 1326 750 istam
1336 711 1398 749 eor-

194 775 239 833 dis
267 775 352 834 etiam
377 795 430 853 per
450 776 582 834 Verbum
606 777 668 834 fieri
699 776 836 852 potuisse,
861 783 893 834 ut
918 775 996 852 alibi,
1021 775 1087 832 Act.
1111 773 1193 830 xxvi.
1218 774 1264 846 18,
1291 771 1402 829 Paulus

192 854 298 914 dicitur
313 859 331 888 “
342 856 448 914 missus
462 855 500 913 ad
515 857 625 914 Gentes
638 855 676 914 ad
690 855 876 932 aperiendum
890 855 989 914 oculos
999 855 1134 932 ipsarum,
1151 861 1182 910 ut
1197 860 1398 910 converteren-

191 944 240 993 tur
262 956 280 992 a
301 935 427 994 tenebris
450 935 488 994 ad
511 936 605 994 lucem
615 937 641 1011 ;’'
665 937 764 1012 Atque
779 936 820 994 ita
834 954 893 994 non
906 933 1031 1013 2diffene
1045 934 1083 992 ab
1096 933 1266 1007 attentione,
1280 930 1333 990 sed
1346 951 1400 1007 pro

192 1035 250 1074 uno
265 1013 423 1092 eodemque
438 1016 521 1091 sumi,
536 1023 569 1074 ut
585 1016 665 1074 Dens
679 1036 728 1074 eor
741 1015 786 1073 illi
800 1014 946 1092 aperuisse
961 1015 1080 1088 dicatur,
1096 1032 1185 1090 quum
1199 1012 1263 1089 ipsa
1276 1010 1401 1070 attendit

192 1095 291 1154 verbis
306 1095 399 1170 Pauli,
422 1096 550 1172 nihilque
575 1094 655 1153 aliud
675 1095 764 1172 innui,
780 1115 867 1173 quam
891 1095 1123 1173 predicationem
1139 1093 1223 1150 Pauli
1237 1090 1326 1150 fuisse
1341 1089 1401 1148 effi-

194 1194 301 1251 cacem,
322 1184 352 1234 et
364 1175 452 1254 hujus
466 1175 643 1234 efficacitatis
656 1175 772 1234 laudem
787 1195 850 1234 esse
866 1175 929 1234 Deo
943 1174 1174 1252 primoomnium
1187 1191 1282 1230 rerum
1297 1171 1403 1229 motori

193 1254 384 1314 tribuendam.
427 1255 502 1313 Nam
523 1255 593 1314 licet
615 1256 711 1315 cordis
733 1256 842 1334 apertio
865 1257 952 1314 etiam
967 1275 1019 1314 suo
1044 1254 1130 1312 modo
1145 1253 1243 1311 Verbo
1258 1251 1403 1310 tribuatur

194 1335 347 1412 objectiva,
363 1342 504 1412 quatenus
518 1355 570 1412 per
583 1335 720 1394 moralem
735 1356 851 1396 causam
865 1335 928 1394 fieri
941 1343 1045 1412 potest,
1061 1334 1130 1410 quia
1142 1353 1201 1391 non
1216 1332 1277 1391 sine
1291 1331 1401 1405 Verbo,

193 1415 245 1473 sed
258 1415 296 1474 ed
310 1416 372 1492 ejus
386 1415 577 1492 praesentiam,
592 1415 653 1474 fieri
669 1416 762 1491 solet;
784 1424 813 1474 et
828 1415 971 1474 Ministris
986 1415 1075 1474 Verbi
1098 1413 1280 1471 adscribatur
1294 1411 1399 1469 instru-

192 1495 363 1570 mentaliter,
386 1496 454 1572 quia
468 1503 535 1554 sunt
550 1515 666 1572 organa,
682 1496 787 1572 quibus
803 1496 883 1554 Deus
907 1495 1014 1554 adhoc
1038 1514 1110 1571 opus
1124 1494 1232 1568 utitur;
1255 1492 1320 1550 Non
1334 1509 1402 1566 pos-

194 1582 238 1633 set
262 1583 358 1633 tamen
383 1575 551 1652 simpliciter
575 1595 592 1633 a
616 1576 724 1652 Verbo,
739 1575 789 1634 rel
809 1595 861 1653 per
879 1575 1010 1633 Verbum
1024 1595 1041 1632 a
1056 1575 1136 1632 Viris
1152 1573 1207 1632 Dei
1221 1573 1400 1648 propositum

192 1654 274 1730 effici,
299 1655 355 1712 nisi
378 1654 416 1713 ad
439 1655 569 1714 Verbum
594 1656 743 1714 accederet
767 1656 812 1714 vis
835 1655 948 1714 interna
971 1655 1095 1732 Spiritus
1109 1674 1126 1711 a
1140 1653 1239 1710 Verbo
1254 1651 1401 1725 distincta,

193 1735 276 1811 eujus
291 1734 454 1794 interventu
469 1735 598 1794 Verbum
613 1736 793 1794 extrinsecus
804 1735 893 1794 menti
908 1736 1085 1812 propositum
1107 1733 1144 1791 ab
1158 1753 1192 1791 ea
1206 1751 1271 1790 curn
1286 1731 1342 1788 lide
1356 1750 1402 1788 re-

193 1814 324 1890 cipiatur,
367 1815 451 1889 Quod
476 1815 571 1874 Lucas
596 1815 731 1874 distincte
742 1824 832 1889 notat,
848 1835 937 1892 quum
962 1816 1002 1872 ait
1017 1815 1109 1892 primo
1124 1812 1248 1889 Lydiam
1262 1811 1403 1869 audivisse

194 1892 328 1969 Paulum,
340 1894 432 1969 idest,
444 1894 607 1953 interfuisse
617 1895 680 1972 ejus
695 1895 834 1970 concioni,
846 1905 874 1953 et
886 1895 1016 1953 Verbum
1031 1893 1221 1972 ejus'auribus
1232 1891 1381 1968 excepisse
1392 1913 1402 1966 3

192 1973 268 2047 Quia
287 1994 357 2033 vero
380 1975 486 2033 frustra
510 1993 593 2034 aures
620 1974 686 2033 ferit
711 1975 823 2049 Orator,
842 1975 899 2032 nisi
927 1995 976 2032 cor
999 1982 1107 2032 reseret
1131 1973 1256 2046 Creator,
1273 1979 1302 2030 ot
1325 1971 1402 2028 Ver·

192 2053 262 2112 bum
289 2054 434 2114 incassum
467 2055 572 2113 ostium
598 2054 692 2112 cordis
720 2074 771 2131 per
803 2053 1033 2113 incredulitatem
1055 2061 1083 2112 et
1107 2052 1299 2129 ignorantiam
1322 2050 1400 2109 clau-

193 2151 257 2192 sum
281 2134 418 2210 pulsaret,
440 2134 497 2192 nisi
516 2155 568 2211 per
592 2134 715 2210 gratiam
744 2134 808 2208 Dei,
831 2135 976 2212 operantis
998 2133 1029 2192 id
1053 2134 1147 2210 ipsum
1168 2131 1246 2210 quod
1260 2130 1403 2208 praecipit,

193 2213 367 2290 aperiretur3
393 2213 464 2272 Ideo
486 2214 566 2272 addit
588 2215 683 2273 Deum
704 2214 850 2290 aperuisse
872 2213 916 2272 illi
936 2233 986 2272 cor
1006 2221 1038 2272 ut
1052 2213 1213 2272 attenderet
1234 2212 1272 2269 ad
1285 2231 1319 2268 ca
1333 2230 1402 2286 quae

193 2291 370 2350 docebantur
384 2313 401 2350 a
417 2293 516 2368 Paulo,
531 2293 618 2352 linem
633 2302 662 2352 et
673 2293 806 2352 effectum
820 2293 904 2353 istius
918 2294 1074 2370 apertionis
1087 2293 1225 2352 notando.
1247 2291 1345 2366 Atque
1361 2290 1405 2349 ita

194 2371 248 2428 tria
257 2371 304 2428 hic
319 2370 453 2430 distinete
468 2381 661 2448 recensentur,
676 2393 741 2450 quae
756 2374 785 2430 in
797 2373 958 2432 Vocatione
973 2373 1081 2432 efficaci
1102 2381 1274 2431 occurrunt:
1293 2371 1403 2446 Primo,

194 2450 269 2508 actio
291 2450 375 2508 Pauli
397 2450 588 2527 praedIea-ntis,
606 2451 651 2532 (2)
668 2453 742 2510 actio
763 2453 819 2510 Dei
840 2473 890 2512 cor
910 2453 1073 2530 aperientis,
1096 2461 1125 2511 et
1147 2451 1192 2531 (3)
1208 2453 1283 2510 actio
1299 2450 1404 2526 Lydiae

195 2529 326 2588 Verbum
341 2529 427 2590 corde
442 2539 540 2608 aperto
559 2532 616 2590 fide
640 2533 858 2608 amplectentia,
874 2553 938 2609 quae
953 2533 1008 2592 tria
1022 2553 1060 2592 ex
1075 2532 1183 2591 Verbis
1199 2532 1285 2590 Lucae
1300 2540 1405 2607 sponte

195 2608 307 2669 fluunt:
332 2609 373 2669 Ut
397 2631 453 2668 non
468 2611 671 2671 recurrendum
686 2613 724 2670 sit
745 2612 782 2670 ad
795 2612 918 2690 figuram
933 2612 1110 2688 Hsndiadin,
1126 2620 1158 2671 ut
1172 2612 1282 2689 apertio
1297 2610 1404 2687 cordis,

194 2697 223 2748 et
237 2689 366 2766 attentio,
379 2711 430 2768 pro
441 2711 499 2750 uno
510 2691 668 2768 eodemque
684 2701 841 2767 sumantur,
864 2693 943 2771 quod
963 2701 1093 2752 coactum
1115 2711 1178 2751 esse
1193 2700 1222 2751 et
1242 2691 1337 2749 minus
1352 2709 1404 2768 ap-

193 2769 320 2846 positum
334 2771 432 2830 verbis
447 2770 533 2830 Lucae
555 2772 683 2849 proclive
704 2781 748 2830 est
769 2773 862 2831 cuivis
881 2793 1047 2850 agnoscere.
1091 2773 1124 2831 Si
1137 2792 1206 2830 uero
1221 2771 1292 2830 alibi
1306 2769 1403 2828 cordis

194 2849 304 2926 apertio
318 2850 429 2908 homini
439 2852 611 2928 praecipitur,
628 2851 721 2928 Apoc.
736 2852 776 2912 iii.
792 2855 840 2928 20,
855 2854 911 2912 hoc
921 2853 955 2911 fit
965 2853 1003 2910 ad
1015 2852 1174 2911 notandum
1189 2854 1253 2929 ejus
1267 2849 1403 2926 officium,

193 2947 252 2986 non
266 2929 351 2989 vires.
396 2929 508 2990 Deinde
522 2931 560 2990 ad
577 2933 639 3009 jam
655 2933 783 2991 Vocatos
797 2933 910 3010 proprie
924 2932 1054 2992 refertur.
1097 2932 1204 3007 Tertio,
1216 2952 1274 2990 non
1293 2931 1326 2990 fit
1340 2931 1403 2988 aine

195 3008 251 3066 Dei
262 3010 364 3086 gratia,
380 3031 444 3088 quaa
458 3019 491 3071 ut
505 3011 649 3089 objective
659 3012 772 3088 agendo
781 3012 885 3090 pulsat,
896 3013 936 3071 ita
948 3013 1107 3089 subjective
1122 3012 1266 3089 operando
1278 3010 1333 3070 sibi
1347 3009 1404 3086 ipsi

199 3089 300 3166 aperit.

499 3172 677 3231 XXXVII.
699 3171 817 3246 Quarta,
840 3173 898 3230 Pro
913 3172 1015 3232 Gratia
1035 3171 1201 3230 immediata
1215 3171 1326 3228 faciunt
1339 3169 1405 3228 loca

194 3247 332 3348 bfffloeia
347 3251 371 3292 1¹¹
383 3252 435 3306 qui-
455 3250 514 3326 illa,
530 3251 559 3310 in
576 3251 681 3328 quibus
692 3253 786 3312 virtus
812 3253 936 3329 Spiritus
953 3253 983 3312 S.
998 3253 1028 3310 in
1042 3251 1126 3310 nobis
1140 3251 1286 3328 operantis
1305 3259 1405 3328 aperte

222 3307 431 3422 ,ffllffingfll'
451 3331 669 3408 distinguitura
697 3332 795 3390 Verbo
808 3341 857 3408 ,ut
874 3336 887 3390 l
905 3333 1007 3391 Thess.
1022 3333 1040 3390 i.
1070 3333 1097 3407 5,
1114 3333 1142 3407 6,
1171 3335 1189 3364 “
1209 3331 1404 3409 Evangelium

224 3425 267 3464 tur
276 3434 291 3464 a
299 3420 388 3466 Verbo.
453 3411 612 3485 nostrum,’'
623 3411 716 3488 inquit
726 3411 927 3488 Apost.,“non
935 3412 989 3471 fuit
998 3411 1036 3470 ad
1044 3431 1097 3470 vos
1108 3411 1136 3469 in
1146 3420 1405 3488 sermonetantum,

454 3488 687 3548 sedetinvirtute
702 3499 731 3549 et
741 3491 850 3567 Spiritu
858 3491 992 3567 Sanct0,”
1009 3489 1405 3570 &c.;quodparumapposite

194 3565 345 3641 diceretur,
362 3567 385 3624 si
403 3567 526 3643 Spiritus
540 3588 598 3626 non
612 3569 696 3628 aliter
710 3579 817 3646 ageret,
833 3591 918 3648 quam
946 3592 998 3648 per
1020 3591 1190 3647 sermonem,
1207 3580 1235 3631 et
1250 3572 1405 3648 objectiva.

196 3646 244 3704 Sic
258 3645 328 3704 alibi
342 3645 377 3704 de
393 3645 536 3705 Miuistris
550 3648 641 3707 Verbi
656 3649 787 3725 loquens,
805 3654 817 3707 l
837 3651 901 3709 Cor.
916 3651 957 3708 iii.
973 3653 1001 3727 6,
1017 3657 1044 3726 7,
1061 3655 1089 3727 9,
1107 3654 1124 3684 ‘⁴
1138 3651 1246 3711 Paulus
1260 3653 1402 3729 plantet-,”

195 3725 297 3803 inquit,
315 3727 333 3759 “
357 3725 480 3803 Apollos
504 3725 588 3803 rigat,
605 3727 657 3785 sed
680 3729 760 3786 Deus
775 3729 825 3788 dat
847 3729 1074 3808 incrementum
1090 3751 1184 3808 neque
1209 3732 1258 3808 qui
1281 3733 1405 3810 plantat,

193 3825 287 3883 nsque
301 3805 352 3884 qui
373 3806 449 3883 rigat
473 3813 517 3864 est
545 3807 708 3884 quicquam,
737 3809 789 3867 sed
804 3810 884 3869 Deus
904 3810 975 3869 dans
1003 3811 1219 3871 incrementum.
1263 3811 1319 3870 Dei
1333 3833 1406 3890 ergo

194 3905 292 3946 snmus
307 3885 493 3963 cooperarii,”
510 3885 563 3945 dre.
601 3887 658 3946 Ubi
673 3908 732 3946 non
743 3898 854 3949 tantum
869 3890 949 3948 Deus
961 3899 989 3950 et
1002 3892 1133 3950 homines
1148 3901 1338 3969 opponuntur,
1355 3895 1410 3954 sed

194 3968 269 4026 aetio
283 3967 408 4025 hominis
430 3966 588 4044 plantantis
613 3975 642 4026 et
656 3968 777 4045 rigantis
802 3990 853 4047 per
877 3970 1008 4029 Verbum
1031 3981 1128 4050 aperte
1153 3972 1342 4050 distinguitur
1366 3975 1406 4034 ab

195 4047 307 4106 actione
322 4047 434 4106 interna
449 4047 505 4105 Dei
520 4047 615 4106 dantis
630 4047 846 4124 incrementum,
862 4049 960 4124 idest,
976 4050 1035 4109 vim
1051 4052 1240 4128 germinandi,
1257 4054 1407 4113 crescendi

195 4135 224 4186 et
237 4126 438 4186 fructificandi.
482 4127 568 4186 Unde
584 4127 718 4205 plantans
734 4137 763 4188 et
777 4129 876 4206 rigans
889 4129 963 4188 nihil
978 4151 1041 4190 esse
1055 4132 1191 4192 dicuntur
1204 4133 1316 4192 ratione
1337 4153 1407 4211 ope·

194 4207 314 4265 rationis
329 4207 465 4284 ipsorum,
480 4227 539 4268 non
553 4208 684 4267 absolute
713 4217 742 4267 et
756 4209 933 4286 simpliciter,
949 4212 1032 4287 quasi
1053 4232 1160 4270 vanum
1186 4213 1224 4272 sit
1238 4233 1336 4272 eorum
1351 4215 1407 4272 mi·

193 4286 352 4363 nisterinm,
368 4285 420 4346 sed
444 4296 605 4365 comparate
620 4309 678 4365 praa
704 4290 775 4363 Deo,
791 4289 860 4366 quia
887 4290 959 4348 nihil
985 4301 1090 4369 praeter
1113 4302 1262 4352 externam
1290 4313 1410 4371 operam

194 4367 323 4424 conferre
335 4374 465 4443 possunt,
482 4387 546 4444 quaa
562 4368 622 4426 sine
638 4369 702 4426 Deo
716 4369 810 4428 inanis
825 4369 907 4446 foret,
923 4371 973 4447 qui
995 4391 1053 4430 non
1073 4381 1185 4431 tantum
1201 4393 1267 4432 cum
1281 4373 1353 4452 ipsis
1367 4376 1408 4434 ad

194 4444 401 4520 plantationem
416 4454 445 4505 et
458 4445 629 4524 rigationem
645 4455 794 4506 externam
809 4451 962 4526 concurrit,
978 4451 1030 4509 sed
1041 4452 1119 4528 quod
1129 4454 1307 4530 praecipuum
1318 4462 1364 4514 est
1374 4455 1407 4514 in

194 4522 249 4581 hoc
263 4545 357 4600 opere,
367 4526 457 4585 vitam
473 4535 502 4586 et
516 4534 702 4604 augmentum
717 4537 860 4605 operatur,
874 4529 903 4588 in
918 4550 975 4607 quo
990 4531 1101 4590 nullum
1115 4532 1203 4592 babet
1215 4540 1323 4608 calgala
1348 4534 1406 4594 At-

196 4619 251 4691 que
265 4602 306 4660 ita
322 4603 429 4663 Paulus
444 4605 481 4663 ad
495 4607 676 4664 concordiam
692 4607 857 4668 Corinthios
873 4611 1012 4686 hortatur,
1029 4612 1108 4670 etad
1130 4613 1331 4690 praevertenda
1345 4615 1407 4674 dis·

193 4678 267 4734 srdre
280 4689 309 4736 et
323 4681 471 4755 factiones,
498 4705 562 4760 quae
591 4686 740 4746 occasione
769 4689 920 4749 Pastorum
949 4691 1087 4749 intereos
1115 4693 1309 4753 videbantur:
1332 4693 1407 4754 Cum
