3202 5194
168 387 283 440 Quaen.
299 368 367 454 xx]
618 417 621 424 ,
675 389 715 432 ns
729 391 806 432 usos
820 391 894 460 narr.=
1318 373 1374 435 117

167 533 351 592 voluntatem
368 531 556 611 pernoctandi
573 530 603 591 in
623 533 728 611 platea,
751 533 788 592 ad
809 531 994 592 excitandum
1016 532 1147 593 ardorem
1168 533 1198 592 in
1213 533 1309 594 Lotho
1326 556 1376 595 eos

169 613 348 673 subtectum
363 633 447 672 suum
461 613 628 690 recipiendi.
670 612 750 672 Talis
764 614 795 672 in
809 613 933 689 Christo,
950 614 1021 672 Luc.
1032 614 1114 673 xxiv.
1130 615 1178 690 28,
1194 615 1244 693 qui
1259 616 1376 676 simulat

168 713 202 753 se
216 693 293 752 velle
308 693 429 754 ulterius
442 694 586 771 progredi,
602 693 671 772 quia
683 694 740 752 hoc
752 715 811 753 non
825 694 914 753 fiebat
930 693 967 752 ab
987 694 1051 771 ipso
1065 690 1102 752 ad
1116 694 1274 754 fallendum
1289 696 1374 755 disci-

166 773 262 852 pulos,
279 773 331 833 sed
344 774 382 832 ad
396 793 446 833 cos
461 774 662 851 explorandos,
678 793 716 832 an
729 773 886 852 flagrarent
895 773 1038 834 desiderio
1050 774 1096 832 sui
1109 774 1260 834 retinendi.
1288 775 1375 836 Adde

166 853 248 932 quod
262 855 421 936 agamiam
436 855 492 914 ista
501 873 560 912 non
571 862 630 913 tam
635 855 808 931 formaliter,
821 875 908 932 quam
919 855 1104 913 materialiter
1117 865 1161 914 est
1174 855 1373 933 intelligenda,

165 929 238 1012 quia
254 934 286 992 id
306 936 367 1012 egit
381 935 522 1010 Christus,
544 933 623 1012 quod
642 953 828 1012 progressum
845 935 1006 994 citeriorem
1023 935 1163 994 simulans
1183 955 1270 1012 agere
1283 937 1373 1012 solet,

166 1014 220 1093 qui
233 1034 336 1092 passus
350 1015 461 1094 aliquot
474 1014 552 1074 ultra
564 1015 660 1074 locum
671 1015 845 1074 destinatum
859 1015 1051 1095 progreditur,
1062 1023 1096 1074 ut
1108 1015 1261 1093 proliceret
1275 1036 1375 1093 preces

166 1115 298 1171 suorum·
311 1103 340 1154 et
354 1095 502 1174 ardentius
519 1095 564 1154 sui
578 1095 752 1154 desiderium
770 1096 918 1172 excitaret,
936 1104 969 1155 ut
981 1104 1116 1173 parentes
1130 1095 1285 1155 discessuri
1301 1097 1374 1156 libe-

164 1193 273 1250 rorum,
290 1175 375 1234 amici
389 1175 545 1234 amicorum
559 1193 660 1253 preces
673 1195 830 1253 provocare
844 1176 947 1235 solent.
991 1176 1092 1235 Potest
1105 1175 1192 1234 etiam
1207 1176 1265 1235 dici
1276 1176 1373 1236 omis.

166 1263 231 1314 tum
245 1255 366 1315 ulterius
379 1255 515 1333 progredi
528 1256 559 1314 in
573 1256 669 1315 auimo
682 1255 827 1333 habuisse,
843 1264 873 1315 et
885 1275 1106 1334 progressurum
1120 1255 1218 1333 luisse,
1238 1245 1295 1316 nisi
1308 1278 1372 1336 pre·

165 1336 251 1395 cibus
264 1336 471 1414 discipulorum
485 1343 614 1396 retentus
628 1335 738 1395 fuisset.

207 1415 281 1476 XV.
304 1416 404 1476 Gratis
424 1416 595 1494 supponitur
616 1417 720 1492 Deum,
738 1420 752 1474 1
771 1417 849 1476 Sam.
863 1417 925 1476 xvi.
940 1420 967 1492 2,
989 1416 1094 1476 falsum
1116 1417 1372 1496 suggessisse'Sa·

163 1497 265 1572 mutili,
280 1515 370 1574 quum
380 1497 466 1574 jubet
480 1495 643 1573 significare
659 1497 740 1557 Sauli
754 1517 785 1556 se
799 1496 915 1558 venisse
926 1497 1128 1556 Betlehemnm
1139 1498 1177 1556 ad
1191 1499 1372 1558 sacrificium.

165 1577 308 1652 Quamvis
322 1577 398 1636 enim
414 1577 470 1635 alio
484 1577 541 1636 fine
556 1585 696 1636 venturus
704 1585 789 1654 essct,
799 1577 934 1637 nimimm
946 1577 983 1637 ad
996 1578 1164 1655 ungendum
1177 1579 1330 1655 Davidem,
1342 1579 1373 1637 id

163 1665 263 1716 tamen
276 1677 335 1716 non
359 1656 501 1732 obstabat,
523 1658 678 1734 quominus
692 1677 726 1716 eo
740 1665 802 1716 tum
823 1657 956 1716 sacrificii
976 1666 1039 1717 tum
1059 1658 1188 1716 convivii
1208 1658 1373 1717 celebrandi

163 1757 254 1796 causa
273 1736 454 1814 prolecturus
474 1745 559 1796 esset.
601 1736 695 1796 Aliud
707 1756 777 1796 vcro
791 1737 864 1796 fines
884 1756 985 1796 omnes
1005 1757 1064 1796 non
1084 1757 1229 1815 exponere
1250 1738 1373 1816 alicujus

154 1817 216 1892 rei,
232 1817 326 1876 Aliud
338 1817 426 1876 finem
440 1817 543 1876 falsum
558 1835 725 1894 proponere.
768 1817 853 1876 Prius
875 1825 1045 1894 suggestum
1061 1816 1221 1878 Samuelis
1236 1818 1370 1896 Domino,
1485 1836 1493 1846 ¹

163 1905 549 2058 nogil'oltellddrlrnldduldi
562 1897 896 2054 {ppptpsqtpffpgxqqtqq
909 1898 1093 2036 qipaseivisse
1114 1975 1260 2036 Ananiam
1281 1976 1371 2038 fuisse

164 2076 310 2116 summum
327 2058 520 2132 Sacerdotem,
542 2077 643 2117 sensus
657 2057 755 2118 verbis
775 2058 838 2134 ejus
853 2057 960 2135 optime
977 2066 1109 2118 constare
1123 2065 1219 2136 potest
1236 2059 1298 2117 sine
1311 2059 1372 2117 ulla

162 2137 308 2197 mendacii
327 2145 405 2212 nota,
428 2138 490 2197 sive
504 2138 617 2197 dicatur
634 2138 742 2197 ironice
762 2137 909 2216 loquutus,
932 2147 965 2198 ut
978 2136 1096 2215 quidam
1111 2138 1228 2215 vellent,
1251 2139 1319 2216 quia
1333 2159 1371 2198 ex

162 2217 251 2276 modo
271 2217 409 2296 loquendi
429 2218 546 2294 furioso,
568 2218 642 2276 nihil
661 2219 690 2277 in
711 2238 746 2278 eo
766 2217 906 2278 Pontifice
927 2218 1048 2296 dignum
1069 2209 1196 2295 videbat,
1218 2239 1272 2277 nec
1290 2227 1371 2279 seut

162 2298 251 2356 telem
266 2298 406 2358 adversus
421 2299 516 2376 ipsum
531 2306 668 2376 gesserat,
685 2299 747 2357 sive
762 2299 837 2358 serio
850 2299 906 2358 hoc
920 2298 1035 2373 dixerit,
1053 2307 1087 2358 ut
1096 2299 1151 2356 'alii
1163 2299 1276 2375 melius,
1292 2295 1371 2376 quod

161 2397 266 2437 revera
277 2378 413 2438 Pontifex
427 2398 485 2438 non
499 2378 593 2454 suerit,
607 2378 699 2437 sedin
708 2379 771 2438 veri
780 2378 934 2456 pontilicis,
947 2379 1010 2438 sive
1022 2378 1155 2438 Ismadlis
1164 2379 1226 2438 sive
1235 2380 1257 2440 J
1258 2373 1368 2457 osephi,

161 2467 259 2535 partes
274 2477 337 2518 sese
352 2459 531 2532 obtrusisset,
546 2465 580 2518 ut
594 2466 674 2517 tanta
688 2467 749 2518 erat
762 2467 825 2518 tum
835 2459 973 2536 temporis
987 2465 1034 2517 aaa
1049 2461 1106 2535 xla,
1122 2467 1155 2518 ut
1168 2459 1199 2517 in
1210 2459 1272 2518 dies
1286 2459 1371 2538 quasi

162 2547 260 2598 essent
274 2537 438 2614 Pontifices,
454 2547 504 2598 aut
524 2558 583 2596 non
596 2546 712 2615 essent;
733 2538 782 2597 vel
796 2539 865 2617 quia
885 2539 994 2598 diutius
1008 2487 1216 2617 Hierosolyma
1230 2539 1369 2617 abluerat,

156 2627 191 2678 et
204 2638 299 2677 novus
314 2627 375 2678 erat
390 2617 527 2678 Pontifex
541 2618 597 2696 ipsi
611 2618 705 2678 adhuc
726 2618 864 2696 ignotus;
886 2620 948 2678 Nec
962 2639 1000 2678 ex
1015 2619 1082 2678 seda
1096 2620 1153 2679 hoc
1167 2620 1304 2697 colligere
1318 2641 1369 2698 po·

162 2699 226 2775 tuit,
242 2699 383 2777 quianon
397 2707 479 2758 erant
493 2699 523 2756 in
537 2698 660 2776 Templo
673 2707 724 2758 aut
736 2699 823 2758 domo
839 2699 997 2775 Pontificio,
1013 2707 1043 2758 et
1055 2699 1120 2758 loco
1137 2700 1272 2777 Synedn'i
1293 2701 1369 2759 ordi-

162 2780 252 2852 nario,
268 2787 297 2838 et
311 2778 384 2839 forte
398 2778 586 2838 tumultuarie
600 2787 629 2838 et
643 2778 761 2838 confuse
777 2779 925 2839 sedebant.
1359 2793 1362 2800 ·

158 2853 161 2861 ’
200 2855 310 2918 XVII.
332 2860 487 2937 Perpetem
510 2858 659 2918 Parabola
683 2858 841 2919 afferuntur
864 2860 894 2917 in
917 2857 1108 2937 patrocinIum
1127 2859 1278 2936 mendacii,
1301 2860 1369 2937 quia

161 2939 299 3016 parabola
311 2959 369 2999 non
384 2939 509 3015 affertur,
525 2947 558 2998 ut
572 2939 751 3016 significetur
764 2938 795 2997 id
805 2959 877 3015 esse,
890 2939 969 3016 quod
982 2938 1096 3014 dicitur,
1112 2938 1164 2997 sed
1177 2947 1210 2998 ut
1224 2939 1368 3016 significe-

161 3028 209 3078 tur
222 3020 253 3078 id
266 3039 329 3079 esse
344 3019 423 3098 quod
436 3019 624 3079 adumbratur
637 3038 689 3097 per
702 3019 734 3077 id
746 3019 825 3096 quod
839 3019 954 3079 dicitur.
997 3018 1084 3078 Unde
1104 3038 1164 3076 non
1176 3027 1294 3097 propter
1307 3040 1368 3078 ma-

161 3100 261 3159 teriale
275 3100 453 3178 proponitur,
467 3100 518 3160 sed
531 3108 648 3179 propter
662 3118 746 3158 suum
760 3098 888 3175 formale,
904 3107 934 3158 et
949 3095 994 3177 (ut
1007 3098 1081 3157 bene
1096 3097 1197 3158 Hiero.
1211 3098 1243 3156 in
1259 3101 1295 3157 12
1312 3099 1368 3159 Ec·

158 3179 242 3262 eles.)
257 3180 337 3240 aliud
350 3181 381 3239 in
394 3179 522 3240 medulla
535 3179 650 3255 habent,
666 3179 747 3238 aliud
759 3179 790 3237 in
804 3179 954 3257 superficie
967 3178 1149 3256 pollicentur.
1178 3177 1284 3238 Differt
1298 3199 1368 3258 ergo

159 3260 345 3320 multifariam
358 3260 548 3337 emendacio,
572 3264 599 3318 1.
621 3259 745 3319 Ratione
766 3260 890 3338 eripiam,
913 3259 981 3338 quia
1001 3259 1183 3318 mendacium
1204 3279 1297 3336 omne,
1318 3260 1369 3319 vel

158 3357 176 3397 a
190 3341 266 3400 mala
276 3341 383 3418 mente,
396 3340 444 3400 vel
453 3361 470 3399 a
478 3341 555 3400 bona
568 3340 607 3399 ad
619 3339 727 3399 malum
742 3339 896 3416 deviante;
913 3338 1055 3398 Parabola
1067 3359 1138 3399 vero
1151 3359 1169 3398 a
1181 3339 1259 3400 bona
1271 3349 1368 3414 mento

158 3419 189 3478 in
202 3421 280 3480 bono
293 3421 474 3499 persistente.
516 3425 544 3480 2.
566 3420 691 3480 Ratione
703 3423 819 3498 forma,
841 3420 910 3498 quia
928 3418 1109 3479 mendacium
1131 3419 1220 3480 habet
1233 3421 1367 3480 intrinse-

158 3521 221 3560 cam
246 3501 522 3561 disconvenientiam
546 3521 612 3560 cum
639 3509 735 3560 mente
756 3500 897 3577 dicentis;
925 3518 985 3559 non
1004 3500 1150 3579 parabola.
1191 3503 1220 3560 3.
1243 3501 1367 3561 Ratione

150 3583 227 3658 finis,
243 3582 312 3660 quia
324 3581 506 3641 mendacium
520 3589 717 3659 comparatum
736 3589 782 3641 est
802 3580 840 3640 ad
853 3581 1020 3657 fallendum,
1042 3580 1180 3659 parabola
1204 3579 1241 3639 ad
1262 3580 1367 3641 docen-

158 3661 237 3721 dum.
278 3665 307 3721 4.
330 3663 454 3721 Ratione
478 3663 597 3738 effectus,
622 3661 690 3739 quia
713 3681 766 3740 per
788 3660 969 3720 mendacium
992 3660 1066 3719 falsa
1089 3661 1274 3738 ingeneratur
1286 3661 1367 3722 notio

156 3743 254 3801 animo
278 3741 431 3818 audientis,
456 3763 508 3820 per
521 3741 687 3819 parabolam
702 3761 772 3800 vero
786 3761 865 3800 vera.
908 3741 991 3801 Idem
1005 3741 1042 3799 de
1056 3741 1187 3819 apologis
1201 3741 1365 3816 dicendum,

157 3820 188 3879 in
212 3822 318 3900 quibus
339 3842 400 3881 non
421 3823 591 3900 proponitur
610 3821 740 3897 historia,
763 3821 815 3880 sed
835 3829 932 3899 typus,
954 3841 1008 3881 neo
1022 3819 1132 3898 aliquid
1145 3829 1368 3898 representatur

157 3909 191 3960 nt
204 3902 320 3979 factum,
344 3923 401 3962 nec
422 3902 477 3962 hoc
494 3901 573 3980 quod
586 3901 757 3979 proponitur
769 3901 928 3961 intenditur
941 3901 1075 3980 quamuis
1089 3901 1193 3960 salsum
1207 3907 1237 3959 et
1256 3899 1365 3978 fictum,

159 3981 209 4040 sed
224 3982 303 4042 aliud
317 3983 434 4042 omnino
448 3982 608 4060 etquidem
621 4001 732 4040 verum.

200 4061 326 4122 XVIII.
348 4062 554 4122 concludimus
575 4082 641 4121 cum
662 4061 819 4139 Agustino,
835 4060 871 4121 de
886 4061 1004 4122 Menda.
1026 4060 1064 4120 ad
1078 4059 1223 4120 Consenti,
1239 4079 1301 4138 cap.
1317 4063 1366 4122 21.

160 4141 178 4173 “
193 4142 330 4220 Quisquis
343 4163 407 4202 esse
421 4142 539 4221 aliquod
553 4161 645 4220 genus
660 4141 802 4200 mendacii
822 4141 901 4219 quod
914 4163 973 4201 non
987 4142 1025 4201 sit
1048 4148 1198 4219 peccatum
1212 4142 1366 4218 putaverit,

158 4219 283 4300 decipiet
297 4223 423 4301 seipsum
438 4223 566 4300 turpiter,
580 4242 645 4281 cum
653 4223 806 4282 honestum
818 4241 848 4282 se
859 4222 1040 4300 deceptorem
1050 4220 1205 4280 arbitratur
1214 4219 1366 4280 aliorum.''
1401 4243 1409 4252 .

160 4299 199 4359 Et
223 4301 259 4360 ad
284 4303 417 4379 eundem,
439 4312 539 4362 contra
557 4301 691 4362 Mendao.
714 4321 776 4379 cap.
790 4305 839 4362 21.
883 4303 901 4335 “
916 4302 979 4361 Aut
992 4321 1062 4380 ergo
1075 4300 1204 4360 cavenda
1218 4299 1368 4358 mendacia

157 4389 235 4440 recte
260 4384 382 4460 agendo,
407 4392 457 4443 aut
478 4382 641 4442 confitenda
664 4384 731 4441 su'nt
750 4382 925 4460 poenitendo,
950 4402 1009 4441 non
1029 4390 1125 4442 autem
1139 4399 1205 4438 cum
1219 4379 1367 4438 abundent

158 4459 311 4523 infeliciter
324 4463 460 4542 vivendo,
476 4463 610 4542 augenda
624 4471 692 4522 sunt
705 4470 735 4522 et
748 4462 908 4522 docendo.”
