3202 5194
245 373 305 432 122
681 386 773 430 cocus
787 387 968 435 nrnscruus.
1231 367 1360 454 [onaan
1375 391 1451 434 nn.

548 526 604 588 VI.
627 531 655 590 4.
671 528 721 588 Ab
736 531 799 607 ejus
813 529 1041 604 immutabelr'tate,
1054 527 1122 605 quia
1135 526 1166 586 in
1181 536 1320 589 aeternum
1342 543 1446 609 manet,

242 597 265 642 ⁴·
280 597 321 644 Ab
332 597 383 654 ⁰5⁰⁸
394 594 486 640 Imma·
506 627 560 667 nec
574 627 701 686 unquam
715 608 893 685 dissolvitur,
910 610 958 668 Ps.
968 609 1047 668 cxix.
1058 611 1106 683 89,
1119 609 1226 668 Matth.
1236 631 1264 668 v.
1278 613 1330 688 18,
1354 612 1447 691 Leges

505 688 638 748 humane
653 690 690 750 ob
704 689 823 749 nimium
838 690 964 767 rIgorem
978 690 1027 748 vel
1040 687 1191 766 angrrstias
1206 709 1282 768 saepe
1295 693 1448 753 mutabiles

244 777 332 831 sunt:
347 767 419 827 Ideo
433 766 582 844 ingeniose
597 768 706 829 dictum
720 790 738 828 a
753 769 938 848 Philosopho,
954 767 1034 846 quod
1048 769 1143 846 Leges
1155 769 1323 848 Principum
1337 793 1448 832 accom-

242 848 395 910 modandas
409 857 477 907 snut
497 849 683 926 temporibus,
699 869 757 912 nou
776 850 861 910 aliter
873 869 961 943 quam
978 850 1065 908 soleas
1083 847 1225 926 pedibus,
1248 852 1317 927 quia
1331 852 1449 912 minima

300 655 432 702 tabIIItete.

242 929 366 990 variatio
385 928 664 988 circumstantiarum
683 938 733 989 aut
752 930 952 1006 accidentrum,
969 928 1125 1008 aliquando
1145 929 1335 989 variationem
1350 931 1448 1009 legum

242 1009 381 1089 requirit:
412 1007 471 1070 Sed
492 1009 548 1069 hoo
570 1030 629 1068 non
649 1019 811 1088 competere
832 1017 928 1088 potest
951 1009 1025 1086 Legi
1048 1009 1113 1085 Dei,
1135 1010 1205 1087 quia
1224 1009 1286 1088 ipse
1306 1013 1448 1088 praevidet

243 1110 344 1150 omnes
358 1089 588 1150 circumstantias
601 1090 727 1150 maxime
748 1090 959 1168 contingentes,
976 1109 1134 1170 omnesque
1148 1109 1233 1150 essen
1246 1091 1297 1168 qui
1317 1091 1448 1151 accidere

243 1179 373 1250 possunt,
389 1169 512 1247 ideoque
526 1171 607 1248 leges
621 1190 689 1229 suas
703 1171 744 1229 ita
757 1171 880 1246 ordinat,
892 1178 925 1229 ut
939 1189 1040 1230 omnes
1054 1189 1138 1229 casus
1154 1189 1312 1248 omnesque
1325 1170 1447 1231 circum·

243 1251 365 1312 stantiae
379 1249 633 1327 comprehendant.

347 1398 352 1410 Ι
468 1395 474 1408 ,
547 1331 620 1390 Vll.
643 1332 670 1390 5.
687 1329 737 1389 Ab
750 1330 814 1408 ejus
827 1330 983 1407 sancttate,
1004 1330 1074 1408 quia
1091 1337 1137 1392 est
1158 1329 1214 1390 Dei
1234 1329 1332 1408 imago
1351 1329 1403 1392 lim
1423 1331 1448 1390 i·

242 1396 265 1442 δ’
276 1397 316 1444 Ab
331 1411 390 1500 ᾖ
398 1399 486 1441 mou·
506 1411 644 1488 dissima3
665 1411 708 1468 ita
721 1412 798 1470 enIm
813 1411 962 1489 ingenium
983 1430 1067 1472 suum
1083 1411 1164 1470 Deus
1177 1410 1209 1468 in
1222 1409 1303 1488 Lege
1324 1431 1378 1472 sua
1398 1351 1448 1471 de-

391 1487 397 1500 '
505 1491 610 1570 pinxit,
625 1499 658 1550 ut
672 1491 793 1569 quilibet
806 1491 891 1549 vivas
906 1500 935 1551 et
955 1499 1103 1552 accuratas
1123 1490 1284 1550 sanctitatis
1307 1491 1364 1550 Dei
1376 1491 1448 1550 ima·

243 1575 327 1652 gines
341 1574 467 1636 velutin
487 1573 604 1649 speculo
619 1570 808 1649 contemplari
821 1570 922 1649 possit.
965 1571 1049 1646 Quod
1069 1569 1190 1632 ulterius
1210 1569 1310 1648 liquet,
1325 1578 1388 1629 tum
1410 1591 1448 1632 ex

234 1657 296 1736 fiae
309 1655 392 1733 legis,
408 1655 460 1732 qui
472 1654 530 1712 hue
544 1651 645 1728 tendit,
667 1659 700 1712 ut
714 1651 863 1712 hominum
883 1652 997 1712 interna
1034 1649 1155 1727 rincipis
1169 1657 1198 1710 et
1218 1657 1353 1708 externas
1378 1670 1447 1728 ope-

242 1735 368 1796 rationes
383 1733 544 1795 sanctitatis
564 1731 681 1792 vinculo
696 1751 762 1792 cum
777 1732 840 1791 Deo
855 1732 998 1792 coherere
1012 1671 1108 1807 iaciat,
1130 1738 1193 1789 tum
1206 1749 1244 1787 ex
1258 1729 1321 1806 ejus
1335 1730 1445 1807 effatus,

243 1817 312 1893 qnia
327 1815 390 1876 Lex
405 1815 462 1874 Dei
476 1833 493 1872 a
509 1812 619 1890 Spiritu
635 1813 742 1874 Sancto
763 1812 911 1890 inspirata,
926 1820 956 1872 et
970 1811 1050 1872 cordi
1063 1810 1210 1888 inscripta,
1226 1808 1387 1869 sanctitatis
1402 1831 1447 1870 or-

242 1893 644 1974 ganumeffioacissImumest,
650 1892 737 1968 unde,
746 1893 823 1954 Psal.
833 1893 911 1956 cxix.
922 1891 1122 1968 140,Verbum
1129 1889 1350 1952 Deidiciturraa
1359 1911 1447 1969 mara,

243 1977 330 2036 valde
343 1981 539 2054 repurgatum,
555 1981 584 2032 et
599 1973 647 2032 Pa.
662 1973 725 2032 xlx.
741 1975 769 2032 8.
787 1975 964 2067 Praeceptum
977 1974 1094 2066 Jeiroooe
1107 1970 1213 2030 dicitur
1220 1989 1355 2066 parum..

243 2089 486 2195 υιι..ιι-ιιιιι
506 2052 739 2192 alltatu
760 2053 1233 2207 ‘attestatum
1242 2050 1447 2192 erest:

274 2211 309 2252 to.
505 2213 675 2288 masada-rb
686 2233 803 2289 operam
814 2233 880 2274 cum
894 2214 1010 2275 homine
1021 2212 1094 2289 initi,
1107 2219 1136 2272 et
1144 2211 1271 2270 medium
1282 2211 1446 2272 obtinenda

243 2293 312 2352 vita
327 2301 356 2352 et
369 2291 517 2354 felicitatis
534 2293 621 2368 juxta
641 2292 860 2369 promissionem
876 2295 949 2371 Legi
970 2293 1116 2369 additam
1138 2311 1206 2350 nam
1219 2291 1289 2351 licet
1310 2312 1446 2371 expresse

242 2373 351 2432 mentio
365 2392 422 2432 non
442 2371 493 2432 fiat
512 2371 712 2451 promissionis
732 2373 903 2434 obedientiae
923 2373 1016 2450 sactae,
1040 2373 1092 2434 sed
1111 2379 1223 2433 tanturn
1244 2391 1354 2450 poenae3
1377 2373 1448 2432 satis

243 2461 341 2512 tamma
363 2473 401 2512 ex
423 2453 479 2512 ista
501 2452 664 2529 colligitur;
687 2453 755 2531 quia
775 2473 834 2513 non
855 2453 888 2513 fit
901 2453 1058 2514 verisimile
1082 2455 1177 2514 Deum
1197 2451 1338 2512 minatum
1359 2452 1447 2513 fuisse

242 2553 358 2611 poeuam
372 2532 464 2610 primo
478 2533 599 2610 parenti,
616 2533 641 2592 si
658 2541 799 2611 peccaret,
816 2553 871 2594 nee
884 2533 1026 2612 adjecisse
1040 2533 1130 2594 ullam
1150 2532 1261 2610 premii
1281 2533 1448 2609 promissio·

242 2633 318 2690 nem,
335 2615 360 2673 si
374 2613 521 2690 obediret;
543 2613 592 2672 vel
605 2613 701 2674 minus
721 2614 887 2692 promisisse
901 2615 1012 2674 ratione
1031 2614 1150 2692 praemii,
1165 2631 1251 2690 quam
1265 2611 1354 2671 fuisse
1369 2631 1446 2671 oom-

242 2695 384 2754 minatum
406 2695 516 2754 ratione
537 2714 649 2771 poenae:
671 2695 735 2756 Imo
749 2694 835 2756 arbor
855 2695 919 2774 ipsa
932 2695 1000 2755 vitae
1022 2693 1195 2772 obsignabat
1208 2692 1251 2750 illi
1265 2711 1329 2752 eam
1349 2692 1446 2751 conie-

242 2776 362 2836 rendam
375 2776 467 2834 vitam
481 2783 626 2850 aternam,
641 2795 706 2852 quae
721 2776 875 2853 opponitur
889 2775 977 2836 etiam
990 2775 1076 2836 morti
1091 2784 1204 2834 aterna
1218 2791 1277 2832 uns
1292 2793 1358 2833 cum
1374 2780 1446 2832 tem·

242 2856 336 2934 porali
349 2849 538 2932 denunciata,
556 2855 640 2914 Rom.
655 2855 695 2915 vi.
711 2859 759 2932 23,
775 2865 807 2916 ut
821 2855 982 2934 probatum,
1000 2855 1034 2914 P.
1050 2856 1076 2915 I.
1092 2855 1144 2916 Lo.
1160 2854 1251 2913 VIII.
1268 2853 1302 2928 Q.
1318 2855 1346 2914 5.

243 2985 273 3034 ι
507 2934 1198 3093 aits,-tattffttttettuu
1209 2934 1448 3091 tutta

242 3115 302 3155 non
315 3095 421 3156 dicitur
434 3095 503 3156 dats
523 3096 561 3156 sd
574 3096 673 3173 vitam,
689 3096 741 3156 sed
759 3106 879 3172 propter
895 3097 1138 3172 transgrearioaea,
1162 3094 1228 3156 Gal.
1244 3094 1284 3152 iii.
1299 3096 1345 3154 19.
1390 3093 1448 3154 sce

241 3176 349 3254 triplex
363 3184 408 3236 est
421 3196 492 3236 usus
505 3176 594 3252 legis:
619 3180 644 3236 1.
662 3176 855 3251 Convictioarir,
868 3195 957 3252 quum
971 3176 1118 3236 hominem
1131 3174 1170 3234 ad
1190 3174 1302 3252 peccati
1315 3173 1448 3234 notitiam

242 3255 369 3330 deducit,
385 3263 415 3314 et
428 3263 525 3316 reatus
540 3256 584 3315 sui
598 3256 746 3334 redarguit
760 3265 790 3316 et
804 3255 959 3333 convincit,
977 3257 1062 3316 Rom.
1077 3256 1117 3314 Iii.
1133 3257 1181 3330 20,
1191 3275 1250 3330 per
1263 3256 1367 3330 Legem
1382 3273 1446 3330 coy-

242 3335 311 3392 m'tio
327 3335 440 3411 pcccati
446 3359 458 3407 ;
479 3343 509 3394 et
523 3334 716 3394 iterationem
731 3336 819 3395 habet
831 3337 944 3412 specub',
967 3337 997 3394 in
1012 3356 1069 3414 quo
1083 3333 1212 3394 maculas
1225 3342 1339 3393 nostae
1352 3333 1446 3393 intue-

244 3433 317 3472 mur.
360 3417 388 3472 2.
402 3413 591 3489 Ooe'rcitioaia,
613 3433 671 3491 qus
691 3415 823 3475 homines
843 3422 957 3476 coercet
975 3423 1004 3476 et
1024 3415 1154 3492 reprimit
1174 3411 1317 3471 mandatis
1336 3411 1397 3470 suis
1418 3421 1448 3471 et

243 3494 338 3568 minis,
354 3502 387 3553 ut
401 3494 451 3570 qui
464 3493 545 3553 nulla
565 3493 639 3571 justi
652 3495 780 3573 rectique
795 3515 864 3556 cura
878 3497 935 3556 nisi
949 3495 1041 3558 coacti
1064 3500 1223 3570 tanguntur
1241 3491 1310 3550 dum
1325 3489 1447 3552 audiunt

244 3573 322 3632 diras
336 3574 400 3650 ejus
414 3573 586 3650 sanctiones,
609 3581 796 3636 coerceantur
810 3577 911 3636 saltem
932 3593 1082 3654 pmuarnm
1102 3571 1263 3646 formidine,
1285 3590 1343 3648 quo
1358 3589 1446 3631 seusu

241 3662 289 3712 est
302 3654 393 3712 instar
405 3654 504 3728 sroeni,
524 3654 603 3732 quod
616 3656 745 3715 continet
765 3665 931 3734 peccatores
950 3657 1027 3716 intra
1047 3653 1190 3715 cancellos
1210 3661 1339 3714 externae
1360 3651 1446 3711 disci·

243 3733 339 3812 plina,
354 3753 392 3794 ue
406 3733 532 3794 mundus
546 3735 576 3793 in
590 3735 772 3798 latrocinium
787 3737 888 3813 abeat;
911 3757 970 3814 quo
983 3743 1116 3814 respectu
1131 3733 1240 3796 Paulus
1254 3732 1295 3792 ait
1310 3735 1328 3766 ‘⁴
1337 3732 1447 3810 Legem

239 3815 321 3893 justo
335 3835 394 3874 non
408 3833 471 3874 esse
492 3814 624 3892 positam,
641 3815 693 3876 sed
706 3817 855 3877 sceleratis
868 3826 899 3876 et
919 3818 1047 3892 ὶτίιτοις,
1063 3815 1159 3894 impiis
1173 3824 1203 3876 et
1216 3813 1446 3892 peccatoribus,”

244 3891 309 3969 dte,
327 3899 342 3953 l
359 3895 433 3956 Tim.
448 3896 467 3956 i.
483 3897 511 3955 9.
554 3895 618 3971 Quo
632 3897 757 3974 pertinet
770 3897 844 3956 alius
857 3915 928 3957 usus
944 3899 1034 3975 LegIa
1056 3917 1109 3975 per
1122 3895 1265 3969 accidens,
1280 3891 1448 3952 irritationis

245 3975 356 4035 seilicet
376 3985 405 4035 et
425 3976 595 4036 incrementi
615 3978 735 4055 peccati,
757 3985 900 4054 quatenus
922 3978 986 4038 Lex
1007 3975 1166 4038 co'eresndo
1186 3981 1336 4054 peccatum
1357 3972 1449 4032 instar

242 4053 333 4130 iraeni,
349 4077 407 4117 non
422 4057 508 4118 modo
528 4077 588 4118 non
598 4058 697 4118 domat
717 4059 781 4136 ejus
795 4056 982 4118 rebellionem
1002 4065 1033 4120 et
1046 4056 1264 4129 contumaciam,
1288 4052 1340 4113 scd
1353 4053 1448 4129 magis

243 4143 332 4212 auget
345 4145 376 4196 et
389 4137 481 4198 Irritat
501 4145 618 4216 propter
631 4138 771 4198 malitiam
790 4137 959 4215 peccatoris,
981 4138 1033 4216 qui
1046 4137 1148 4198 nititur
1166 4136 1196 4196 in
1217 4134 1358 4210 vetitum
1380 4131 1448 4192 hinc

243 4213 350 4274 dicitur
363 4215 432 4276 data
444 4227 476 4276 at
488 4220 647 4278 αὸιιιιᾶαναέ
664 4227 818 4294 peccatum,
839 4217 924 4276 Rom.
939 4238 978 4295 v.,
1003 4227 1034 4278 et
1047 4217 1118 4278 alibi
1139 4217 1224 4275 Rom.
1246 4214 1296 4273 vii.
1318 4233 1371 4292 per
1384 4232 1448 4272 earn

242 4303 394 4372 peccatum
407 4295 490 4356 reddi
500 4297 606 4358 dicitnr
614 4299 672 4356 aut*
684 4299 820 4379 tugensis
833 4299 992 4379 ι’ψςτυλὶι.
1019 4301 1048 4358 3.
1064 4295 1320 4370 Coadamaatiooia,
1331 4293 1448 4371 quando

243 4376 388 4453 peccatori
409 4377 542 4436 convicto
556 4377 712 4440 denunciat
732 4378 964 4438 maledictionem
978 4378 1108 4438 divinam
1128 4397 1180 4454 per
1198 4374 1373 4436 horrendum
1388 4393 1449 4433 car·

243 4475 311 4514 men
319 4455 398 4534 quod
408 4457 526 4518 auribus
536 4457 825 4535 intonatmoledictra
835 4459 886 4534 qai
893 4458 1153 4536 cooperatamerit,
1161 4453 1215 4516 &a
1238 4453 1447 4531 UndeApost,

243 4539 262 4594 2
278 4536 343 4596 Cor.
358 4537 399 4596 iii.
411 4539 438 4614 9,
451 4547 537 4598 voest
550 4557 613 4598 eam
627 4538 809 4598 ministeriam
821 4539 1066 4615 consumserat,
1081 4545 1112 4597 et
1127 4537 1212 4596 Rom.
1227 4535 1277 4610 iv,
1292 4535 1367 4594 &am
1377 4531 1449 4590 dicit

242 4636 306 4676 eam
320 4618 434 4693 ffcere,
447 4627 477 4677 et
490 4627 559 4678 tunc
573 4637 604 4678 se
618 4619 706 4678 habet
720 4617 758 4678 ad
770 4617 888 4680 modum
895 4619 995 4698 flagri,
1011 4616 1173 4696 torquendo
1187 4624 1217 4678 st
1230 4611 1365 4676 vexando
1379 4629 1448 4670 con-

246 4695 382 4754 scientias
395 4697 507 4774 peccati
520 4717 592 4756 reas.
