3186 5210
191 379 307 432 osmer.
323 358 382 441 xa]
608 378 647 420 un
668 378 836 420 vocxrronn
857 379 895 419 ur
916 379 995 421 rme.
1340 367 1398 425 503

190 521 310 580 subesse
335 519 448 594 falsum,
471 518 601 578 Verbum
623 519 677 578 Dei
694 527 793 597 posset
814 539 877 580 esse
898 520 1011 595 falsmn,
1035 520 1098 579 Lex
1123 519 1265 598 obligaret
1286 541 1339 581 nos
1360 524 1397 582 ad

188 599 365 659 credendum
390 598 548 673 mendacio,
565 607 594 658 et
607 598 679 658 fides
697 597 796 658 divina
817 610 893 658 esset
915 600 1087 677 principium
1110 600 1294 677 deceptionis,
1318 603 1397 680 quod

188 681 326 758 implicat.
371 679 456 738 Unde
479 679 595 754 Paulus,
614 682 628 736 1
647 680 711 738 Cor.
727 700 776 738 xv.
796 683 840 756 14,
856 700 959 738 vanam
982 681 1042 739 fore
1062 679 1148 738 fidem
1172 681 1393 758 Corinthiorum,

186 769 216 819 et
231 759 390 836 Apostolos
411 758 498 816 falsos
520 767 608 818 testes
629 759 780 818 inventum
794 761 829 818 iri
844 759 892 832 eit,
908 761 934 819 si
948 761 1080 820 Christus
1100 779 1159 819 non
1180 761 1345 838 resurrexit,
1364 771 1394 822 et

188 841 214 898 si
228 839 362 898 credatur
376 838 454 916 quod
468 837 572 897 falsum
586 847 639 897 cst.

229 920 289 978 111.
319 918 464 995 Exempla
477 918 565 994 varia,
580 938 645 995 quae
670 917 828 978 afferuntur
841 919 879 977 sd
893 919 1073 996 probandum
1086 918 1155 977 fidei
1168 939 1252 996 posse
1275 920 1394 980 subesse

186 999 302 1074 falsum,
326 997 399 1056 nibil
421 997 478 1056 tale
501 999 647 1058 evincunt·
690 998 828 1056 Ninivitae
852 1001 1025 1058 tenebantur
1049 998 1164 1057 credere
1188 999 1289 1056 urbem
1312 1019 1394 1059 suem

186 1077 382 1152 evertendam,
397 1097 455 1134 non
471 1077 603 1135 absolute
617 1087 646 1136 et
660 1077 775 1154 simpli,
792 1078 843 1136 sed
857 1079 1052 1138 conditionate
1071 1087 1191 1152 tantum,
1207 1078 1263 1137 nisi
1277 1079 1393 1157 resipis·

186 1166 293 1233 carent,
317 1166 350 1216 ut
372 1164 451 1234 patet
473 1177 511 1215 ex
535 1156 640 1215 Edicto
666 1157 756 1234 Regis
780 1158 932 1234 Jejunium
958 1157 1119 1232 indicentis,
1151 1157 1252 1232 “Quis
1277 1159 1332 1219 scit
1356 1179 1393 1218 an

184 1257 355 1296 reversurus
369 1237 415 1306 sit,
431 1245 460 1294 et
473 1236 612 1313 poeniteat
633 1237 736 1312 Deum,
752 1245 785 1296 ut
799 1257 915 1295 reverso
930 1257 965 1296 eo
979 1237 1016 1295 ab
1031 1245 1104 1296 aestu
1118 1237 1167 1296 irae
1182 1257 1241 1296 suae
1256 1258 1313 1296 non
1327 1259 1392 1316 per-

186 1321 311 1376 eamus?
324 1317 340 1344 ''
362 1316 432 1374 Jon.
448 1316 488 1374 iii.
504 1318 531 1374 9.
576 1316 716 1374 Ezechias
730 1336 789 1374 non
803 1316 903 1375 debuit
918 1317 1033 1375 credere
1054 1317 1167 1391 falsum,
1190 1336 1279 1394 quum
1301 1319 1393 1378 Isaias

186 1397 230 1455 illi
244 1406 365 1455 mortem
380 1395 543 1469 denunciat,
565 1396 632 1472 quia
647 1396 766 1454 verbum
780 1396 836 1454 hoc
849 1415 908 1453 non
923 1404 981 1454 tam
996 1395 1050 1454 brit
1063 1396 1212 1473 praedictio
1226 1398 1394 1475 prophetica

185 1478 228 1536 rei
243 1475 345 1534 futurae
359 1475 499 1549 absolute,
515 1495 601 1551 quarn
616 1475 791 1534 comminatio
805 1477 1002 1551 conditionate,
1016 1476 1053 1533 ad
1063 1475 1202 1534 humilem
1213 1478 1276 1552 ejus
1291 1477 1391 1554 depre-

186 1556 328 1615 cationem
353 1554 545 1628 excitandam,
568 1555 646 1631 quod
665 1555 726 1631 ipse
748 1555 818 1613 satis
838 1556 974 1632 percepit,
997 1574 1086 1632 quum
1108 1555 1174 1613 ilico
1195 1555 1232 1614 ad
1253 1557 1391 1634 parietem

186 1655 344 1695 conversus
359 1635 452 1692 oravit
465 1635 487 1693 J
489 1635 620 1708 ehovam,
636 1633 686 1710 qui
699 1635 786 1694 etiam
800 1635 951 1693 exaudivit
965 1635 1027 1712 ejus
1041 1634 1243 1712 precationem,
1259 1636 1392 1694 addendo

185 1713 351 1792 quindecim
372 1733 463 1771 annos
477 1714 547 1772 vitae
562 1715 634 1790 ejus,
652 1714 709 1772 Isa.
725 1713 849 1774 xxxviii.
867 1719 893 1788 2,
911 1717 938 1773 5.
980 1714 1037 1772 Vel
1052 1713 1106 1772 suit
1120 1714 1276 1772 declaratio
1295 1716 1391 1790 gravi-

185 1795 255 1853 tatis
269 1794 370 1861 morbi,
386 1813 451 1870 quoe
461 1794 549 1870 juxta
563 1793 722 1852 naturalem
737 1814 832 1852 rerum
853 1794 982 1852 ordinem
1003 1795 1090 1853 talem
1111 1801 1246 1852 eventum
1268 1793 1393 1853 debebat

188 1873 293 1949 sortiri,
316 1874 372 1931 nisi
386 1873 555 1931 miraculose
571 1873 652 1931 Deus
666 1893 732 1931 eum
745 1873 867 1932 liberare
882 1873 979 1932 vellet.

226 1954 281 2012 IV.
311 1953 407 2012 Adam
428 1972 485 2010 non
506 1953 659 2011 tenebatur
679 1952 794 2010 credere
815 1952 946 2012 absolute
961 1953 990 2010 in
1006 1959 1082 2010 statu
1103 1951 1278 2028 integritatis
1300 1953 1389 2011 vitam

186 2043 322 2092 aeternam
335 2033 389 2090 sibi
401 2032 598 2106 obventurum,
615 2032 666 2090 sed
680 2040 792 2091 tantum
803 2032 1006 2106 conditionate,
1022 2031 1047 2090 si
1061 2039 1202 2109 perstaret
1215 2031 1245 2088 in
1256 2032 1392 2090 obedien-

184 2114 242 2188 tia;
258 2133 322 2189 quac
337 2111 464 2170 conditio
479 2131 536 2170 non
551 2111 605 2171 fuit
620 2111 771 2186 credenda,
787 2113 855 2188 quia
865 2131 925 2171 non
933 2119 994 2170 erat
1000 2111 1148 2189 promissa,
1162 2111 1214 2168 sed
1227 2111 1391 2188 praestanda

160 2192 248 2267 oluit,
271 2192 339 2268 quia
352 2199 503 2268 praecepta.
547 2192 607 2249 Nec
623 2192 647 2248 si
661 2199 726 2268 post
739 2193 852 2268 lapsum
867 2191 1020 2250 tenebatur
1032 2189 1148 2249 credere
1162 2191 1294 2249 absolute
1317 2211 1391 2250 mor-

185 2281 245 2330 tem
260 2271 316 2330 sibi
329 2272 527 2345 obventuram‚
543 2270 643 2328 debuit
656 2271 763 2346 pariter
777 2270 892 2329 credere
907 2279 973 2329 ante
986 2272 1099 2347 lapsum
1111 2290 1141 2328 se
1153 2270 1214 2328 vita
1224 2271 1391 2346 potiturum.

185 2351 261 2424 Quia
278 2371 334 2408 non
354 2358 399 2409 cst
416 2370 468 2427 par
488 2350 581 2425 ratic,
608 2351 681 2408 Nam
703 2349 734 2407 in
756 2359 833 2408 statu
857 2351 1041 2427 integritatis,
1064 2349 1191 2408 conditio
1214 2349 1308 2408 adhuc
1331 2359 1392 2409 erat

186 2429 367 2507 praestanda;
397 2430 440 2488 At
453 2439 519 2506 post
532 2431 653 2506 lapsum,
670 2429 796 2487 conditio
811 2438 872 2488 erat
887 2431 995 2488 violata
1009 2430 1044 2488 de
1059 2429 1144 2504 lacto,
1160 2437 1246 2506 atque
1261 2429 1301 2487 ite
1315 2449 1390 2488 com-

187 2509 305 2568 minatio
323 2517 435 2586 poterat
449 2509 479 2566 in
493 2518 589 2568 aetum
604 2509 692 2567 cxen'.
735 2509 855 2567 Interim
869 2509 938 2569 licet
951 2517 1017 2585 post
1030 2509 1143 2585 lapsum
1164 2517 1310 2567 teneretur
1330 2529 1389 2568 cre·

186 2589 254 2647 dere
269 2589 399 2648 absolute
414 2609 444 2648 se
459 2609 522 2647 esse
537 2588 637 2648 mortis
651 2608 741 2664 rcum,
758 2589 794 2647 de
808 2597 914 2648 eventu
929 2589 1001 2646 nibil
1016 2588 1150 2647 distincte
1165 2588 1317 2648 tenebatur
1331 2609 1391 2648 cre·

185 2668 262 2744 dere,
285 2669 354 2746 quia
367 2669 423 2747 ipsi
437 2688 495 2727 non
509 2667 564 2726 fuit
577 2668 731 2727 revelatus.

228 2749 266 2806 V.
296 2749 444 2807 Abrabam
459 2769 496 2807 ex
510 2747 646 2806 mandato
662 2749 726 2823 Dei,
744 2749 818 2807 Gen.
834 2748 916 2822 xxii,
933 2747 969 2806 de
984 2746 1130 2805 offerendo
1153 2746 1229 2803 Filio
1244 2765 1296 2804 suo
1311 2754 1391 2804 tenc-

184 2828 271 2886 batur
292 2829 407 2886 credere
427 2827 506 2905 quod
526 2835 586 2886 erat
600 2827 791 2901 verissimum,
816 2828 908 2885 Deum
924 2827 981 2885 sibi
995 2826 1049 2883 hoc
1064 2825 1178 2883 dedisse
1193 2825 1222 2880 in
1237 2825 1389 2900 mandatis,

185 2917 219 2967 ut
234 2908 340 2965 Filium
356 2908 507 2982 occideret,
523 2915 553 2965 et
566 2916 701 2965 eventum
718 2906 781 2964 Dco
796 2907 983 2964 committere.
1021 2903 1079 2963 Sed
1092 2923 1151 2962 non
1165 2903 1318 2962 tenebatur
1331 2923 1391 2963 ore·

187 2987 264 3062 dere,
287 2987 346 3046 fore
368 2996 400 3046 ut
419 2988 501 3044 Isaac
516 3007 533 3044 a
547 3006 577 3045 sc
600 2985 785 3060 occideretur,
808 2984 1004 3062 quodfalsum
1027 2993 1105 3058 erat;
1128 2982 1183 3041 etsi
1197 2981 1269 3040 forte
1284 2983 1314 3040 in
1328 3003 1392 3042 eam

185 3067 349 3144 opinionem
372 3066 531 3140 devenerit,
545 3070 589 3124 'eo
611 3065 689 3141 quod
711 3084 828 3124 sensum
847 3072 877 3122 et
896 3063 983 3121 finem
1004 3061 1132 3120 mandati
1146 3061 1183 3119 ad
1198 3081 1229 3119 se
1243 3061 1311 3120 sacti
1332 3083 1391 3120 non

187 3147 258 3206 satis
302 3147 449 3224 ercipcrct,
472 3145 523 3204 scd
544 3165 608 3221 quae
622 3145 694 3203 fides
708 3145 834 3203 hnmana
854 3151 916 3202 erat
936 3151 1056 3217 tantum,
1078 3161 1137 3199 non
1158 3141 1266 3198 divina.
1310 3141 1393 3200 Licet

186 3247 256 3285 vero
277 3167 334 3285 dds
356 3225 455 3284 divina
476 3225 630 3284 crediderit
644 3225 828 3283 Abrahamus
851 3223 945 3281 Deum
959 3229 1106 3299 potentem
1121 3239 1185 3279 esse
1200 3220 1237 3278 ad
1251 3221 1391 3278 suscitan-

186 3305 254 3364 dum
279 3306 394 3380 Filium,
410 3306 436 3364 si
449 3311 625 3363 moreretur:
647 3305 713 3362 Non
731 3305 861 3380 sequitur
877 3302 983 3379 pariter
996 3301 1053 3359 tide
1069 3301 1168 3358 divina
1182 3299 1317 3358 debuisse
1331 3320 1391 3359 erc-

186 3385 254 3444 dere
269 3387 331 3463 ejus
345 3393 484 3458 mortem3
507 3384 568 3442 Nec
582 3383 637 3442 hoc
651 3384 779 3442 minuere
795 3383 895 3442 debuit
909 3382 971 3458 ejus
986 3381 1161 3439 alacritatem
1177 3379 1206 3437 in
1221 3378 1391 3455 exequendo

189 3465 292 3540 officio,
315 3465 454 3542 quianon
469 3463 568 3522 debuit
583 3463 730 3522 attendere
744 3463 781 3521 ad
796 3471 940 3536 eventum,
957 3461 1007 3520 sed
1021 3469 1132 3519 tantum
1148 3459 1185 3518 ad
1199 3459 1322 3518 officium
1338 3460 1394 3518 sibi

186 3546 398 3622 praescriptum,
421 3544 469 3602 vel
483 3543 621 3620 impedire
645 3544 740 3621 potuit
752 3543 820 3601 fidei
835 3563 894 3601 suae
909 3541 1144 3618 explorationem,
1160 3539 1265 3617 quaein
1277 3559 1311 3598 eo
1323 3540 1393 3598 satis

186 3626 287 3701 patuit,
310 3624 426 3701 quando
443 3622 698 3682 nonobstantibus
720 3622 854 3680 omnibus
878 3621 1090 3700 impedimentis
1112 3620 1288 3698 impletionis
1313 3619 1391 3678 illius

186 3705 330 3782 praecepti,
353 3703 479 3763 accinxit
493 3722 524 3761 se
539 3711 634 3760 tamen
650 3701 686 3760 ad
701 3703 764 3779 ejus
778 3701 984 3778 impletionem,
1004 3702 1068 3760 Deo
1085 3699 1291 3759 commendans
1305 3719 1391 3757 evcn-

189 3791 260 3841 turn.

229 3861 284 3920 VI.
307 3863 373 3920 Nou
386 3863 557 3922 tenebantur
572 3860 712 3919 Isra'e'litae
728 3859 844 3918 credere
859 3860 989 3919 absolute
1004 3880 1041 3918 ex
1057 3858 1113 3917 Dei
1127 3856 1316 3934 promissione
1331 3875 1391 3913 om-

189 3958 241 3998 ncs
255 3948 284 3999 et
298 3941 428 4016 singtdos
442 3942 622 4018 ingressuros
637 3941 667 3997 in
681 3949 786 4000 terram
797 3941 912 3998 Canaan
927 3939 988 3998 sine
1003 3939 1062 3997 nlla
1076 3937 1254 4008 conditione;
1271 3943 1392 3994 eventus

189 4017 265 4076 enirn
288 4019 386 4078 docuit
408 4019 601 4079 conditionem
624 4020 700 4092 fidei,
722 4020 790 4078 licet
809 4021 936 4093 tacitam,
959 4036 1071 4093 semper
1094 4015 1271 4090 suppositam
1294 4013 1391 4087 fuisse,

188 4117 246 4172 qua
260 4117 325 4156 cum
339 4099 468 4175 plerique
482 4099 613 4158 destituti
627 4099 741 4175 suerint,
757 4097 861 4156 mirum
875 4118 934 4155 non
948 4104 992 4154 est
1006 4095 1031 4153 si
1046 4094 1157 4152 exclusi
1171 4093 1277 4152 suerint
1290 4093 1328 4150 ab
1338 4093 1393 4151 hoc

190 4176 339 4237 beneficio.

231 4257 304 4316 VII.
334 4257 417 4315 Licet
439 4264 587 4316 teneamur
607 4257 723 4317 credere
749 4258 843 4316 Deum
865 4253 941 4312 velle
963 4251 1136 4330 praeceptivc
1156 4259 1186 4309 ct
1206 4250 1394 4327 approbativa

187 4336 266 4413 quod
288 4355 435 4412 nunquam
450 4337 486 4395 de
500 4337 575 4396 facto
598 4338 726 4396 futurum
746 4345 790 4395 est
809 4342 925 4413 propter
947 4331 1156 4392 contumaciam
1178 4329 1312 4404 bominis,
1335 4349 1393 4387 non

187 4415 255 4475 iude
270 4417 401 4494 sequitur
414 4436 467 4476 nos
481 4418 572 4475 teneri
586 4417 701 4476 credere
718 4416 841 4490 falsum,
871 4412 946 4488 Quia
968 4432 1026 4469 non
1048 4418 1179 4469 tenemur
1201 4409 1316 4468 credere
1338 4409 1393 4468 hoc

190 4497 318 4556 futurum
340 4495 444 4572 reipsa,
460 4496 508 4554 vel
524 4496 616 4554 Deum
632 4495 705 4554 illud
726 4494 897 4568 decrevisse,
920 4491 972 4550 sed
992 4498 1104 4550 tantum
1127 4490 1221 4548 Deum
1242 4488 1318 4546 velle
1339 4489 1394 4546 hoo

189 4577 346 4655 praeciperc
361 4576 478 4651 bomini,
495 4584 524 4634 ct
537 4576 592 4634 boc
606 4595 669 4634 csso
684 4575 808 4634 officium
823 4575 895 4652 ejus,
911 4571 989 4650 qnod
1003 4581 1048 4630 cst
1061 4570 1252 4628 verissimum.

229 4658 321 4716 VIlI.
350 4657 412 4716 Jer.
428 4657 468 4716 iv.
494 4657 540 4731 10,
570 4655 650 4714 Deus
669 4676 727 4714 non
744 4655 849 4714 dicitur
868 4653 1014 4731 decepisse
1036 4651 1173 4728 populum
1196 4647 1336 4726 effective,
1359 4645 1396 4704 ad
