3146 5210
139 393 255 447 Qunsr.
270 373 349 459 xrn]
500 399 538 438 ns
553 397 669 440 orrrcro
684 399 802 440 11111111
811 397 1005 439 1111110110.
1290 389 1348 444 417

139 537 265 614 demum,
281 539 331 615 qui
342 538 478 598 fatiscunt
492 539 546 599 sub
560 560 645 598 onere
659 549 851 617 peccatorum,
864 548 894 599 et
907 559 1006 599 eornm
1022 540 1193 616 gravitatem
1209 543 1345 621 sentiunt,

140 619 247 677 Matth.
262 617 303 677 xi.
327 621 375 677 28.
418 619 503 678 Unde
517 618 588 678 dicit
602 619 719 698 quidem
730 641 761 680 se
775 621 890 678 venisse
904 619 942 678 ad
965 619 1139 678 servandum
1153 624 1180 678 ri
1201 625 1345 700 έπολολὶς,

137 697 176 756 ad
190 698 358 775 qualitatem
382 707 411 756 et
425 707 531 757 statum
556 699 760 759 salvandorum
781 699 948 774 notandum,
975 697 1026 757 aad
1039 718 1097 757 nen
1106 705 1159 758 πὸι
1171 705 1199 758 el
1212 707 1345 770 tremate

139 777 173 836 id
180 797 260 836 omne
273 781 351 854 qnod
358 778 494 853 perr'ernt,
509 778 546 836 ad
561 798 660 838 eorum
671 780 861 857 quantitatem
875 777 1093 855 designandam.

179 857 285 916 XLII.
327 857 420 916 Aliud
432 868 477 916 est
490 858 616 935 aliquam
629 859 722 936 perire
737 858 773 918 de
787 859 863 918 facto
887 867 917 917 et
930 858 1130 933 eventualiter‚
1155 859 1248 920 Aliud
1272 883 1344 923 vero

138 935 364 1012 occasionaliter,
386 945 415 996 et
433 938 543 996 ratione
564 937 725 1016 pendentis,
747 938 863 1016 quando
885 937 1064 996 occasionem
1089 938 1133 996 illi
1153 939 1204 998 dat
1227 960 1258 1000 se
1278 962 1344 1019 per·

136 1015 232 1090 dandi,
245 1024 274 1075 et
287 1017 446 1094 peripsum
460 1037 519 1075 non
539 1025 597 1076 stat
617 1019 770 1094 quominus
783 1024 890 1096 percat.
934 1016 1051 1092 Paulus,
1073 1017 1158 1076 Rom.
1174 1019 1235 1078 xiv.
1252 1023 1297 1098 15,
1314 1031 1344 1082 11

138 1093 153 1152 1
170 1096 235 1154 Cor.
251 1095 312 1154 viii.
334 1099 380 1171 10,
397 1096 444 1172 11,
470 1116 560 1173 quum
573 1097 702 1174 loquitur
715 1097 751 1156 da
765 1097 926 1175 perditione
939 1095 1044 1172 fratris,
1060 1116 1112 1174 pro
1133 1117 1190 1174 quo
1211 1109 1342 1161 mortuus

137 1183 182 1233 est
207 1175 347 1250 Christus,
363 1195 421 1235 non
443 1176 582 1254 intelligit
596 1178 784 1252 perditionem
807 1179 953 1250 annalem,
979 1175 1063 1252 quasi
1084 1176 1189 1254 aliquia
1207 1199 1259 1256 pro
1284 1200 1343 1258 quo

136 1253 268 1313 Christus
296 1264 426 1315 mortuus
448 1264 493 1315 eat
506 1257 598 1333 perire
623 1257 660 1315 de
673 1257 749 1316 facto
771 1258 871 1334 possit,
887 1275 952 1314 cum
980 1275 1065 1314 nemo
1089 1257 1182 1334 rapiat
1195 1257 1240 1317 illi
1264 1259 1342 1321 Oves

136 1353 211 1410 suas,
228 1333 250 1394 J
251 1335 298 1392 oh.
314 1355 343 1393 x.
359 1337 407 1411 28,
422 1336 642 1412 necquicquam
656 1337 748 1413 perire
762 1337 862 1414 possit,
878 1355 917 1395 111
937 1333 996 1393 illis
1006 1354 1080 1411 qnos
1095 1335 1181 1396 Pater
1194 1337 1275 1399 dedit
1285 1340 1342 1418 ipsi

133 1413 325 1488 redimendos,
340 1413 362 1474 J
363 1415 409 1473 oh.
425 1415 557 1488 1111112,
572 1415 640 1492 quie
654 1415 855 1475 custodiuntur
868 1415 975 1473 virtute
991 1415 1048 1474 Dei
1057 1435 1109 1493 per
1121 1415 1217 1492 fidem,
1244 1421 1259 1476 1
1276 1419 1340 1480 Pet.

135 1491 154 1550 i.
171 1495 198 1568 5,
210 1493 337 1553 maxime
350 1514 418 1552 cunr
427 1503 531 1572 agatur
544 1495 580 1554 de
591 1495 758 1572 fratre,qui
768 1495 837 1554 lieet
850 1494 989 1568 infirmus,
1003 1494 1087 1553 Rom.
1109 1496 1170 1553 xiv.
1188 1500 1213 1572 1,
1230 1497 1340 1558 stabili·

133 1571 226 1631 endus
240 1581 336 1632 tamen
358 1574 396 1633 ait
416 1575 570 1633 aDomino
585 1594 646 1650 suo,
662 1595 723 1634 ver.
744 1579 772 1650 4,
796 1574 847 1633 sed
869 1574 1078 1650 occanonalcm,
1100 1575 1216 1650 quaudo
1236 1577 1340 1637 intem·

132 1653 245 1728 pastino
254 1661 467 1731 atpraepostero
477 1653 619 1713 libertatis
634 1655 804 1713 Christianae
815 1653 940 1714 inrebus
948 1652 1113 1731 adiaphoris
1121 1673 1184 1730 usu,
1195 1656 1341 1716 sauciatur

132 1737 162 1790 et
176 1731 389 1792 scandalizatur
402 1733 579 1792 conscientia
592 1733 688 1792 fratris
703 1733 817 1810 infirmi,
827 1743 857 1792 et
875 1733 1029 1811 exponitur
1048 1733 1176 1809 periculo
1199 1736 1340 1812 pereundi

133 1819 272 1887 quantum
283 1811 313 1869 in
327 1813 411 1872 nohis
426 1821 479 1872 est.
519 1813 567 1873 Sic
581 1832 639 1871 non
653 1833 718 1872 raro
741 1813 890 1891 Scriptura
902 1813 994 1872 utitur
1006 1812 1190 1890 verbisque
1205 1813 1338 1874 effectum

133 1891 318 1949 electionem
346 1899 456 1968 notant,
482 1891 520 1950 ad
541 1892 750 1970 designandam
768 1893 956 1968 occasionem,
982 1891 1031 1950 vel
1054 1892 1204 1967 motivum,
1220 1913 1278 1970 quo
1292 1915 1338 1955 res

132 1977 232 2045 posset
242 1969 312 2029 fieri.
355 1971 402 2029 Ita
415 1972 550 2030 adulterii
564 1991 632 2031 rens
646 1971 760 2048 dicitur,
773 1981 913 2049 quantum
926 1972 957 2029 in
972 1991 1003 2030 se
1024 1978 1076 2048 est,
1096 1971 1146 2031 ille
1160 1973 1211 2049 qui
1224 1975 1339 2050 aspexit

132 2047 250 2108 alterins
265 2050 417 2132 conjugem
432 2051 469 2109 ad
483 2071 547 2109 eam
561 2051 828 2130 concupiscendam,
845 2051 951 2110 Matth.
965 2071 995 2109 v.
1010 2052 1058 2124 28,
1074 2049 1114 2110 Et
1127 2051 1338 2127 diciturfacerc

131 2129 225 2186 Deum
248 2133 417 2206 mendaeem
433 2129 472 2189 id.
487 2138 627 2207 quantum
654 2131 686 2188 in
710 2151 741 2190 se
769 2140 822 2207 est,
848 2131 899 2210 qui
922 2150 981 2189 non
1009 2129 1073 2188 vult
1096 2129 1213 2190 credere
1237 2133 1337 2193 Verbo

130 2207 295 2285 Evangelii,
321 2210 422 2268 lJoh.
444 2227 473 2269 v.
498 2213 545 2270 10.
603 2211 699 2270 Perire
714 2231 784 2288 ergo
812 2210 917 2270 dicitur
945 2209 1033 2269 frater
1066 2229 1118 2286 per
1141 2212 1337 2288 cognitionem

129 2295 266 2381 nostram,
282 2288 397 2365 quando
421 2309 473 2366 per
486 2309 540 2348 noa
559 2309 617 2349 non
640 2299 697 2349 stat
721 2291 875 2367 quominus
889 2297 995 2368 pereat,
1011 2289 1097 2365 quod,
1110 2290 1194 2349 Rom.
1209 2291 1270 2351 xiv.
1289 2295 1335 2369 15,

129 2375 301 2505 ‘titt
313 2369 684 2526 tttttttttts
678 2372 851 2508 ”tttdfi
848 2369 1149 2526 1111ῗῖ1111
1172 2451 1336 2531 1.,1...

128 2521 242 2590 irrata·
264 2529 425 2602 Dominum,
452 2529 502 2605 qui
523 2549 569 2587 eos
592 2529 710 2588 redemit
732 2549 780 2587 sen
804 2538 943 2588 11111οαί11
964 2537 1011 2603 eat,
1044 2530 1144 2588 aret.
1168 2529 1198 2588 ii.
1224 2535 1250 2606 1,
1276 2552 1335 2592 non

127 2613 223 2682 potest
237 2607 362 2684 intelligi
372 2608 525 2684 redemptio
534 2609 655 2684 proprie
669 2609 744 2667 dicto
758 2629 778 2668 a
793 2610 984 2667 meledictione
998 2609 1064 2683 Dei,
1075 2618 1102 2667 et
1114 2619 1203 2668 morte
1216 2621 1333 2686 dm,

128 2705 195 2743 nam
210 2705 294 2744 nemo
309 2687 350 2744 ita
366 2686 524 2762 redimitur,
546 2688 597 2764 qui
611 2708 668 2746 non
682 2707 700 2746 a
715 2687 801 2747 Patre
815 2687 901 2748 datus
923 2687 1019 2748 illisit
1032 2687 1225 2754 redimendas,
1241 2697 1270 2748 et
1283 2691 1335 2767 qui

128 2785 178 2840 per
192 2785 371 2843 consequens
385 2766 487 2824 abillo
501 2787 559 2824 non
582 2767 620 2826 sit
644 2767 850 2826 custodiendus
871 2775 900 2826 et
914 2766 1074 2826 servandus
1088 2767 1118 2824 iu
1139 2775 1285 2844 aeternum,
1302 2779 1334 2829 ut

127 2844 287 2903 membrum
316 2845 451 2922 Corporis
474 2846 527 2920 sni,
554 2855 583 2904 at
605 2846 734 2924 Populus
752 2846 877 2923 peculii,
912 2845 970 2905 Sed
984 2846 1111 2904 liberatio
1133 2847 1168 2904 ab
1185 2866 1283 2907 errore
1304 2859 1332 2908 et

127 2923 291 2983 idoaarrta
315 2943 367 3001 per
381 2925 561 2984 vocationem
584 2934 733 2985 externam
749 2925 970 3000 Christianismi,
985 2925 1044 2982 imo
1057 2933 1087 2984 et
1101 2926 1331 3001 segregationem

126 3002 247 3080 adopus
272 3003 435 3080 Ministan'i,
458 3004 494 3063 ad
519 3004 598 3081 quod
625 3005 715 3083 empti
745 3004 859 3064 fuerant
883 3003 1095 3081 quodammodo
1116 3023 1134 3060 a
1156 3004 1279 3080 Christo,
1299 3015 1333 3066 ut

127 3081 261 3158 Domino,
277 3083 327 3160 qui
350 3103 399 3142 eos
413 3084 615 3160 acquisiverat,
641 3093 670 3143 et
694 3103 762 3142 suos
786 3083 893 3143 fecerat
916 3082 1048 3142 vocando
1061 3083 1092 3140 in
1106 3082 1224 3141 domum
1238 3103 1329 3162 suam,

124 3161 269 3238 quomodo
277 3163 347 3221 olim
358 3163 476 3222 Domini
487 3183 587 3222 servos
597 3163 731 3222 emebant
745 3172 774 3222 et
784 3163 985 3223 mercabantur
994 3161 1031 3220 ad
1042 3161 1233 3222 ministerium
1247 3182 1331 3224 suum

124 3241 324 3302 domesticum.
367 3243 459 3317 Quam
474 3262 537 3302 essa
558 3251 684 3302 mentem
699 3241 837 3320 Apostoli
850 3263 888 3302 ex
899 3242 988 3301 variis
1002 3242 1168 3319 colligitur:
1212 3246 1239 3301 1.
1255 3243 1330 3318 Quia

122 3319 156 3379 fit
169 3322 277 3380 mentio
299 3319 425 3396 11111111,
440 3342 505 3400 quae
527 3342 587 3381 vox
607 3323 708 3381 herum
722 3323 827 3400 potius,
843 3331 873 3381 et
895 3321 1051 3380 Dominum
1074 3321 1227 3396 significat,
1243 3342 1329 3400 quam

125 3401 528 3479 &meermannianam
551 3401 711 3479 redemptio
725 3402 839 3479 proprie
861 3401 948 3460 dicta.
1000 3405 1028 3459 2.
1044 3400 1174 3459 Verbum
1199 3401 1331 3483 seneigos

123 3479 292 3557 simpliciter
314 3481 440 3559 positum
464 3480 500 3540 de
525 3481 654 3558 qualibet
677 3481 846 3540 liberatione
868 3489 898 3540 et
911 3479 1056 3558 emptione
1075 3479 1189 3539 dicitur.
1242 3483 1331 3544 1131

122 3559 296 3636 intelligitur
315 3559 484 3638 redemptio,
499 3580 652 3638 perquam
680 3563 807 3636 ffrpiase
828 3560 964 3619 dicuntur
986 3561 1196 3635 inquinamenta
1223 3563 1328 3638 mnndi,

122 3657 183 3698 var.
199 3643 246 3714 20,
257 3659 315 3716 per
328 3643 510 3716 cognitionem
521 3640 641 3698 Domini
653 3648 679 3697 et
692 3641 852 3698 Servatoris
865 3640 962 3714 nostri,
977 3659 1029 3716 per
1043 3658 1129 3716 qnam
1143 3652 1331 3717 cognonernnt

120 3719 326 3794 orbmjnatr'tioe,
342 3719 421 3796 quod
434 3739 491 3778 non
512 3719 570 3779 alio
584 3718 707 3796 pertinet
720 3739 807 3796 quam
821 3719 859 3777 ad
878 3717 1077 3778 liberationem
1091 3719 1128 3776 ab
1143 3720 1287 3780 erroribus
1300 3730 1331 3780 11

123 3795 293 3856 idololatriis
309 3799 475 3876 Paganiami
494 3808 524 3859 ot
545 3798 726 3857 vocatiouem
740 3798 778 3856 ad
791 3798 953 3874 veritatem,
974 3818 992 3856 a
1013 3818 1071 3875 qua
1091 3797 1258 3858 deficientes
1277 3819 1330 3876 per

124 3877 297 3950 apostasiam
332 3897 422 3954 suam,
458 3887 488 3937 et
521 3876 763 3936 introductionem
797 3885 940 3936 sectarum
981 3876 1152 3954 perditionis
1193 3877 1329 3936 dicuntur

123 3951 266 4029 abnegare
281 3954 446 4034 Dominum,
459 3957 509 4035 qui
523 3977 573 4017 eos
595 3964 738 4016 mercatus
752 3955 853 4031 111111,
869 3965 899 4016 11
912 3955 950 4014 ad
963 3955 1153 4014 ministerium
1168 3973 1252 4013 snum
1276 3975 1327 4014 vo-

123 4041 249 4090 caverat.

162 4110 281 4169 XLIV.
302 4114 492 4194 Sanctificatio
503 4118 532 4176 in
545 4118 674 4176 Fadana
686 4118 831 4193 sangnine,
848 4115 919 4175 Alia
932 4122 976 4173 ast
990 4115 1111 4187 interna,
1126 4113 1283 4188 spiritualia
1297 4122 1326 4172 et

120 4190 216 4264 raath,
227 4210 327 4249 eorum
338 4193 388 4269 qui
408 4204 475 4254 actu
496 4204 564 4254 suut
574 4217 592 4254 a
606 4195 720 4255 Christo
735 4195 877 4272 redempti
897 4203 927 4253 et
939 4191 1079 4269 regeniti;
1121 4190 1192 4249 Alia
1206 4201 1325 4252 extensa

119 4279 149 4329 et
163 4289 315 4346 appareres,
331 4273 424 4347 quoad
439 4274 655 4351 protensionem.
698 4275 782 4333 Prior
791 4273 927 4353 supponit
940 4270 1101 4330 necessario
1113 4268 1259 4329 Christum
1272 4291 1325 4348 pro

119 4349 156 4407 iia
170 4368 234 4408 esse
248 4359 401 4427 mortuum,
417 4353 467 4429 qui
481 4353 522 4411 ita
542 4363 610 4414 sunt
632 4354 822 4414 sanctificati:
847 4352 905 4413 Sed
918 4349 1060 4430 posterior
1073 4369 1132 4408 non
1145 4349 1233 4425 item3
1255 4350 1325 4427 quia

118 4428 204 4488 multi
217 4429 376 4505 hypocritae
390 4441 539 4490 externam
554 4433 634 4491 illam
656 4434 788 4493 obtinent
813 4429 1069 4492 sanctificationem
1091 4427 1201 4487 ratione
1226 4429 1322 4488 Voca-

118 4508 206 4568 tionis
227 4517 354 4567 extemae
383 4511 431 4569 vel
462 4511 711 4572 Sacramentomm
737 4511 938 4590 perceptionis,
964 4507 1002 4568 ad
1037 4527 1111 4586 quos
1137 4515 1234 4566 tamen
1264 4527 1324 4566 nou

116 4587 243 4666 pertinet
257 4587 389 4648 Christus
403 4609 468 4649 cum
484 4591 543 4649 suis
557 4591 712 4668 beneficiis,
727 4601 827 4670 utpote
841 4591 898 4650 fide
910 4590 1072 4650 destitutos.
1116 4586 1188 4646 Cum
1213 4587 1323 4646 Paulus

117 4668 246 4746 loquitur
269 4667 305 4726 de
329 4669 388 4728 illis
415 4669 467 4746 qui
487 4670 636 4747 profanum
664 4671 773 4732 ducunt
796 4671 966 4748 sanguinem
993 4666 1180 4804 Testampnti,
1206 4666 1237 4725 in
1264 4686 1322 4744 quo

158 4765 234 4806 raas
249 4766 280 4805 11.
1142 4765 1161 4804 1
