<?xml version="1.0" encoding="UTF-8"?>
<!DOCTYPE html PUBLIC "-//W3C//DTD XHTML 1.0 Transitional//EN"
    "http://www.w3.org/TR/xhtml1/DTD/xhtml1-transitional.dtd">
<html xmlns="http://www.w3.org/1999/xhtml" xml:lang="en" lang="en">
 <head>
  <title>
</title>
<meta http-equiv="Content-Type" content="text/html;charset=utf-8" />
  <meta name='ocr-system' content='tesseract 3.04.00' />
  <meta name='ocr-capabilities' content='ocr_page ocr_carea ocr_par ocr_line ocrx_word'/>
</head>
<body>
  <div class='ocr_page' id='page_1' title='image "./francisciturret00pictgoog_0628.png"; bbox 0 0 3152 5198; ppageno 0'>
   <div class='ocr_carea' id='block_1_1' title="bbox 147 405 1360 486">
    <p class='ocr_par' dir='ltr' id='par_1_1' title="bbox 147 405 1360 486">
     <span class='ocr_line' id='line_1_1' title="bbox 147 405 1360 486; baseline -0.002 -19"><span class='ocrx_word' id='word_1_1' title='bbox 147 425 259 476; x_wconf 52' lang='lat' dir='ltr'>cutusr.</span> <span class='ocrx_word' id='word_1_2' title='bbox 276 405 356 486; x_wconf 80' lang='lat' dir='ltr'>vua]</span> <span class='ocrx_word' id='word_1_3' title='bbox 601 424 639 463; x_wconf 85' lang='lat' dir='ltr'>ua</span> <span class='ocrx_word' id='word_1_4' title='bbox 654 423 910 464; x_wconf 80' lang='lat' dir='ltr'>susrrsrcnrrous.</span> <span class='ocrx_word' id='word_1_5' title='bbox 1177 413 1180 422; x_wconf 93' lang='lat'>&#39;</span> <span class='ocrx_word' id='word_1_6' title='bbox 1303 409 1360 466; x_wconf 75' lang='lat'>597</span> 
     </span>
    </p>
   </div>
   <div class='ocr_carea' id='block_1_2' title="bbox 140 564 1360 4802">
    <p class='ocr_par' dir='ltr' id='par_1_2' title="bbox 140 564 1360 2802">
     <span class='ocr_line' id='line_1_2' title="bbox 145 564 1360 644; baseline -0.001 -17"><span class='ocrx_word' id='word_1_7' title='bbox 145 567 213 627; x_wconf 83' lang='lat' dir='ltr'>dam</span> <span class='ocrx_word' id='word_1_8' title='bbox 228 585 398 626; x_wconf 90' lang='lat' dir='ltr'>concurrere</span> <span class='ocrx_word' id='word_1_9' title='bbox 411 570 517 641; x_wconf 89' lang='lat' dir='ltr'>potest.</span> <span class='ocrx_word' id='word_1_10' title='bbox 561 564 646 624; x_wconf 86' lang='lat' dir='ltr'>Unde</span> <span class='ocrx_word' id='word_1_11' title='bbox 661 586 720 624; x_wconf 90' lang='lat' dir='ltr'>non</span> <span class='ocrx_word' id='word_1_12' title='bbox 735 565 805 624; x_wconf 90' lang='lat' dir='ltr'>dicit</span> <span class='ocrx_word' id='word_1_13' title='bbox 816 585 853 624; x_wconf 79' lang='lat' dir='ltr'>ec</span> <span class='ocrx_word' id='word_1_14' title='bbox 860 567 923 644; x_wconf 82' lang='lat' dir='ltr'>fide</span> <span class='ocrx_word' id='word_1_15' title='bbox 937 567 966 625; x_wconf 83' lang='lat' dir='ltr'>in</span> <span class='ocrx_word' id='word_1_16' title='bbox 991 586 1089 644; x_wconf 82' lang='lat' dir='ltr'>opera,</span> <span class='ocrx_word' id='word_1_17' title='bbox 1115 565 1168 624; x_wconf 87' lang='lat' dir='ltr'>scd</span> <span class='ocrx_word' id='word_1_18' title='bbox 1195 587 1231 625; x_wconf 80' lang='lat' dir='ltr'>ex</span> <span class='ocrx_word' id='word_1_19' title='bbox 1246 567 1310 644; x_wconf 83' lang='lat' dir='ltr'>fide</span> <span class='ocrx_word' id='word_1_20' title='bbox 1331 569 1360 626; x_wconf 79' lang='lat' dir='ltr'>in</span> 
     </span>
     <span class='ocr_line' id='line_1_3' title="bbox 140 644 1357 725; baseline 0 -19"><span class='ocrx_word' id='word_1_21' title='bbox 140 651 239 721; x_wconf 80' lang='lat' dir='ltr'>fidem,</span> <span class='ocrx_word' id='word_1_22' title='bbox 255 655 288 705; x_wconf 91' lang='lat' dir='ltr'>ut</span> <span class='ocrx_word' id='word_1_23' title='bbox 303 647 358 705; x_wconf 91' lang='lat' dir='ltr'>soli</span> <span class='ocrx_word' id='word_1_24' title='bbox 370 645 439 704; x_wconf 86' lang='lat' dir='ltr'>fidei</span> <span class='ocrx_word' id='word_1_25' title='bbox 453 645 484 702; x_wconf 89' lang='lat' dir='ltr'>in</span> <span class='ocrx_word' id='word_1_26' title='bbox 498 644 623 704; x_wconf 89' lang='lat' dir='ltr'>solidum</span> <span class='ocrx_word' id='word_1_27' title='bbox 637 647 692 704; x_wconf 91' lang='lat' dir='ltr'>hoc</span> <span class='ocrx_word' id='word_1_28' title='bbox 706 666 811 704; x_wconf 90' lang='lat' dir='ltr'>munus</span> <span class='ocrx_word' id='word_1_29' title='bbox 826 647 976 706; x_wconf 79' lang='lat' dir='ltr'><strong>tribuatur.</strong></span> <span class='ocrx_word' id='word_1_30' title='bbox 1021 647 1062 706; x_wconf 92' lang='lat' dir='ltr'>Ut</span> <span class='ocrx_word' id='word_1_31' title='bbox 1076 665 1145 704; x_wconf 89' lang='lat' dir='ltr'>vcro</span> <span class='ocrx_word' id='word_1_32' title='bbox 1171 645 1279 706; x_wconf 87' lang='lat' dir='ltr'>Paulus</span> <span class='ocrx_word' id='word_1_33' title='bbox 1293 668 1357 725; x_wconf 90' lang='lat' dir='ltr'>pro·</span> 
     </span>
     <span class='ocr_line' id='line_1_4' title="bbox 147 725 1358 802; baseline 0.001 -16"><span class='ocrx_word' id='word_1_34' title='bbox 147 729 197 786; x_wconf 88' lang='lat' dir='ltr'>bet</span> <span class='ocrx_word' id='word_1_35' title='bbox 210 727 372 786; x_wconf 85' lang='lat' dir='ltr'>doctrinam</span> <span class='ocrx_word' id='word_1_36' title='bbox 386 727 479 798; x_wconf 87' lang='lat' dir='ltr'>istam,</span> <span class='ocrx_word' id='word_1_37' title='bbox 495 744 547 782; x_wconf 87' lang='lat' dir='ltr'>nec</span> <span class='ocrx_word' id='word_1_38' title='bbox 562 725 716 785; x_wconf 80' lang='lat' dir='ltr'>absurdam</span> <span class='ocrx_word' id='word_1_39' title='bbox 732 746 803 801; x_wconf 84' lang='lat' dir='ltr'>esse,</span> <span class='ocrx_word' id='word_1_40' title='bbox 819 745 872 784; x_wconf 88' lang='lat' dir='ltr'>nec</span> <span class='ocrx_word' id='word_1_41' title='bbox 886 745 1001 802; x_wconf 87' lang='lat' dir='ltr'>novam,</span> <span class='ocrx_word' id='word_1_42' title='bbox 1028 727 1179 786; x_wconf 88' lang='lat' dir='ltr'>confirmat</span> <span class='ocrx_word' id='word_1_43' title='bbox 1193 727 1272 784; x_wconf 86' lang='lat' dir='ltr'>illam</span> <span class='ocrx_word' id='word_1_44' title='bbox 1288 728 1358 787; x_wconf 89' lang='lat' dir='ltr'>Ora-</span> 
     </span>
     <span class='ocr_line' id='line_1_5' title="bbox 146 804 1359 886; baseline 0.001 -20"><span class='ocrx_word' id='word_1_45' title='bbox 146 807 212 867; x_wconf 90' lang='lat' dir='ltr'>culo</span> <span class='ocrx_word' id='word_1_46' title='bbox 227 806 400 884; x_wconf 91' lang='lat' dir='ltr'>Prophetico</span> <span class='ocrx_word' id='word_1_47' title='bbox 415 804 564 864; x_wconf 86' lang='lat' dir='ltr'>Habacuci</span> <span class='ocrx_word' id='word_1_48' title='bbox 576 825 637 882; x_wconf 89' lang='lat' dir='ltr'>cap.</span> <span class='ocrx_word' id='word_1_49' title='bbox 652 806 682 864; x_wconf 93' lang='lat' dir='ltr'>ii.</span> <span class='ocrx_word' id='word_1_50' title='bbox 697 810 725 880; x_wconf 90' lang='grc'>4,</span> <span class='ocrx_word' id='word_1_51' title='bbox 738 807 788 864; x_wconf 93' lang='lat' dir='ltr'>ubi</span> <span class='ocrx_word' id='word_1_52' title='bbox 799 806 869 865; x_wconf 86' lang='lat' dir='ltr'>dicit</span> <span class='ocrx_word' id='word_1_53' title='bbox 882 809 995 866; x_wconf 79' lang='lat' dir='ltr'>Justum</span> <span class='ocrx_word' id='word_1_54' title='bbox 1016 827 1052 866; x_wconf 85' lang='lat' dir='ltr'>ex</span> <span class='ocrx_word' id='word_1_55' title='bbox 1059 810 1123 886; x_wconf 80' lang='lat' dir='ltr'>fide</span> <span class='ocrx_word' id='word_1_56' title='bbox 1135 808 1235 866; x_wconf 84' lang='lat' dir='ltr'>viuere.</span> <span class='ocrx_word' id='word_1_57' title='bbox 1276 809 1359 868; x_wconf 80' lang='lat' dir='ltr'>Licet</span> 
     </span>
     <span class='ocr_line' id='line_1_6' title="bbox 146 885 1357 964; baseline 0.001 -19"><span class='ocrx_word' id='word_1_58' title='bbox 146 907 216 946; x_wconf 88' lang='lat' dir='ltr'>vero</span> <span class='ocrx_word' id='word_1_59' title='bbox 230 889 285 945; x_wconf 94' lang='lat' dir='ltr'>hoc</span> <span class='ocrx_word' id='word_1_60' title='bbox 301 885 481 944; x_wconf 89' lang='lat' dir='ltr'>Vaticinium</span> <span class='ocrx_word' id='word_1_61' title='bbox 505 886 640 963; x_wconf 81' lang='lat' dir='ltr'><strong>respiciat</strong></span> <span class='ocrx_word' id='word_1_62' title='bbox 654 886 741 945; x_wconf 87' lang='lat' dir='ltr'>etiam</span> <span class='ocrx_word' id='word_1_63' title='bbox 768 886 940 944; x_wconf 84' lang='lat' dir='ltr'>beneficium</span> <span class='ocrx_word' id='word_1_64' title='bbox 963 888 1128 964; x_wconf 80' lang='lat' dir='ltr'>temporale,</span> <span class='ocrx_word' id='word_1_65' title='bbox 1157 885 1357 946; x_wconf 81' lang='lat' dir='ltr'>liberationem</span> 
     </span>
     <span class='ocr_line' id='line_1_7' title="bbox 148 964 1359 1044; baseline 0 -18"><span class='ocrx_word' id='word_1_66' title='bbox 148 977 218 1044; x_wconf 87' lang='lat' dir='ltr'>puta</span> <span class='ocrx_word' id='word_1_67' title='bbox 231 987 250 1025; x_wconf 85' lang='lat' dir='ltr'>a</span> <span class='ocrx_word' id='word_1_68' title='bbox 263 965 430 1043; x_wconf 78' lang='lat' dir='ltr'>captivitate</span> <span class='ocrx_word' id='word_1_69' title='bbox 446 964 635 1042; x_wconf 84' lang='lat' dir='ltr'>Babylonica,</span> <span class='ocrx_word' id='word_1_70' title='bbox 651 985 738 1042; x_wconf 89' lang='lat' dir='ltr'>quam</span> <span class='ocrx_word' id='word_1_71' title='bbox 763 965 928 1025; x_wconf 89' lang='lat' dir='ltr'>interventu</span> <span class='ocrx_word' id='word_1_72' title='bbox 951 967 1020 1026; x_wconf 90' lang='lat' dir='ltr'>fidei</span> <span class='ocrx_word' id='word_1_73' title='bbox 1038 968 1236 1044; x_wconf 82' lang='lat' dir='ltr'>promissionis</span> <span class='ocrx_word' id='word_1_74' title='bbox 1251 967 1359 1027; x_wconf 82' lang='lat' dir='ltr'>divinae</span> 
     </span>
     <span class='ocr_line' id='line_1_8' title="bbox 148 1045 1358 1124; baseline 0.001 -19"><span class='ocrx_word' id='word_1_75' title='bbox 148 1048 278 1106; x_wconf 88' lang='lat' dir='ltr'>obtinere</span> <span class='ocrx_word' id='word_1_76' title='bbox 292 1046 454 1120; x_wconf 85' lang='lat' dir='ltr'>debebaut3</span> <span class='ocrx_word' id='word_1_77' title='bbox 479 1045 565 1104; x_wconf 82' lang='lat' dir='ltr'>Unde</span> <span class='ocrx_word' id='word_1_78' title='bbox 579 1065 597 1102; x_wconf 90' lang='lat' dir='ltr'>a</span> <span class='ocrx_word' id='word_1_79' title='bbox 612 1046 703 1104; x_wconf 86' lang='lat' dir='ltr'>Paulo</span> <span class='ocrx_word' id='word_1_80' title='bbox 728 1046 758 1103; x_wconf 93' lang='lat' dir='ltr'>in</span> <span class='ocrx_word' id='word_1_81' title='bbox 773 1047 866 1123; x_wconf 88' lang='lat' dir='ltr'>Epist.</span> <span class='ocrx_word' id='word_1_82' title='bbox 893 1046 930 1104; x_wconf 85' lang='lat' dir='ltr'>ad</span> <span class='ocrx_word' id='word_1_83' title='bbox 955 1047 1033 1106; x_wconf 87' lang='lat' dir='ltr'>llsb.</span> <span class='ocrx_word' id='word_1_84' title='bbox 1055 1067 1117 1124; x_wconf 87' lang='lat' dir='ltr'>cap.</span> <span class='ocrx_word' id='word_1_85' title='bbox 1133 1067 1162 1105; x_wconf 83' lang='lat' dir='ltr'>x.</span> <span class='ocrx_word' id='word_1_86' title='bbox 1185 1047 1307 1107; x_wconf 82' lang='lat' dir='ltr'>refertur</span> <span class='ocrx_word' id='word_1_87' title='bbox 1320 1049 1358 1106; x_wconf 85' lang='lat' dir='ltr'>ad</span> 
     </span>
     <span class='ocr_line' id='line_1_9' title="bbox 149 1124 1356 1203; baseline 0.002 -19"><span class='ocrx_word' id='word_1_88' title='bbox 149 1125 304 1203; x_wconf 83' lang='lat' dir='ltr'>erigendos</span> <span class='ocrx_word' id='word_1_89' title='bbox 318 1125 430 1184; x_wconf 90' lang='lat' dir='ltr'>animos</span> <span class='ocrx_word' id='word_1_90' title='bbox 443 1124 573 1183; x_wconf 87' lang='lat' dir='ltr'>fidelium</span> <span class='ocrx_word' id='word_1_91' title='bbox 597 1126 627 1184; x_wconf 89' lang='lat' dir='ltr'>in</span> <span class='ocrx_word' id='word_1_92' title='bbox 653 1126 882 1200; x_wconf 86' lang='lat' dir='ltr'>calamitatibus;</span> <span class='ocrx_word' id='word_1_93' title='bbox 916 1126 991 1200; x_wconf 88' lang='lat' dir='ltr'>Quia</span> <span class='ocrx_word' id='word_1_94' title='bbox 1010 1135 1106 1186; x_wconf 90' lang='lat' dir='ltr'>tamen</span> <span class='ocrx_word' id='word_1_95' title='bbox 1129 1128 1271 1185; x_wconf 86' lang='lat' dir='ltr'>sententia</span> <span class='ocrx_word' id='word_1_96' title='bbox 1286 1128 1356 1186; x_wconf 90' lang='lat' dir='ltr'>Pro-</span> 
     </span>
     <span class='ocr_line' id='line_1_10' title="bbox 146 1204 1358 1284; baseline 0.002 -20"><span class='ocrx_word' id='word_1_97' title='bbox 146 1207 241 1283; x_wconf 79' lang='lat' dir='ltr'>phetes</span> <span class='ocrx_word' id='word_1_98' title='bbox 252 1205 396 1282; x_wconf 84' lang='lat' dir='ltr'>geueralis</span> <span class='ocrx_word' id='word_1_99' title='bbox 410 1213 455 1263; x_wconf 88' lang='lat' dir='ltr'>est</span> <span class='ocrx_word' id='word_1_100' title='bbox 469 1204 505 1263; x_wconf 91' lang='lat' dir='ltr'>de</span> <span class='ocrx_word' id='word_1_101' title='bbox 519 1205 576 1264; x_wconf 87' lang='lat' dir='ltr'>fide</span> <span class='ocrx_word' id='word_1_102' title='bbox 604 1207 826 1282; x_wconf 85' lang='lat' dir='ltr'>promissionum</span> <span class='ocrx_word' id='word_1_103' title='bbox 841 1205 912 1278; x_wconf 80' lang='lat' dir='ltr'>Dei‚:</span> <span class='ocrx_word' id='word_1_104' title='bbox 941 1215 1000 1264; x_wconf 66' lang='lat' dir='ltr'>ecte</span> <span class='ocrx_word' id='word_1_105' title='bbox 1020 1207 1180 1284; x_wconf 78' lang='lat' dir='ltr'>applicatur</span> <span class='ocrx_word' id='word_1_106' title='bbox 1195 1207 1358 1284; x_wconf 76' lang='lat' dir='ltr'>specialiter</span> 
     </span>
     <span class='ocr_line' id='line_1_11' title="bbox 146 1285 1357 1365; baseline 0.002 -21"><span class='ocrx_word' id='word_1_107' title='bbox 146 1286 184 1344; x_wconf 86' lang='lat' dir='ltr'>ad</span> <span class='ocrx_word' id='word_1_108' title='bbox 197 1286 285 1343; x_wconf 85' lang='lat' dir='ltr'>fidem</span> <span class='ocrx_word' id='word_1_109' title='bbox 300 1285 330 1342; x_wconf 89' lang='lat' dir='ltr'>in</span> <span class='ocrx_word' id='word_1_110' title='bbox 345 1285 510 1359; x_wconf 74' lang='lat' dir='ltr'>Christum,</span> <span class='ocrx_word' id='word_1_111' title='bbox 534 1285 635 1362; x_wconf 86' lang='lat' dir='ltr'>quue</span> <span class='ocrx_word' id='word_1_112' title='bbox 650 1287 752 1362; x_wconf 84' lang='lat' dir='ltr'>magis,</span> <span class='ocrx_word' id='word_1_113' title='bbox 778 1285 857 1362; x_wconf 91' lang='lat' dir='ltr'>quod</span> <span class='ocrx_word' id='word_1_114' title='bbox 877 1285 1030 1362; x_wconf 86' lang='lat' dir='ltr'>Prophetae</span> <span class='ocrx_word' id='word_1_115' title='bbox 1055 1298 1084 1346; x_wconf 89' lang='lat' dir='ltr'>et</span> <span class='ocrx_word' id='word_1_116' title='bbox 1103 1287 1144 1364; x_wconf 93' lang='lat' dir='ltr'>pii</span> <span class='ocrx_word' id='word_1_117' title='bbox 1169 1287 1191 1347; x_wconf 84' lang='lat' dir='ltr'><strong>J</strong></span> <span class='ocrx_word' id='word_1_118' title='bbox 1193 1287 1276 1362; x_wconf 85' lang='lat' dir='ltr'>udaei,</span> <span class='ocrx_word' id='word_1_119' title='bbox 1292 1309 1357 1365; x_wconf 90' lang='lat' dir='ltr'>pro·</span> 
     </span>
     <span class='ocr_line' id='line_1_12' title="bbox 146 1365 1355 1446; baseline 0.002 -22"><span class='ocrx_word' id='word_1_120' title='bbox 146 1365 314 1424; x_wconf 88' lang='lat' dir='ltr'>missionem</span> <span class='ocrx_word' id='word_1_121' title='bbox 329 1365 454 1439; x_wconf 76' lang='lat' dir='ltr'>Massia,</span> <span class='ocrx_word' id='word_1_122' title='bbox 471 1373 607 1442; x_wconf 83' lang='lat' dir='ltr'>tanquam</span> <span class='ocrx_word' id='word_1_123' title='bbox 628 1365 846 1425; x_wconf 88' lang='lat' dir='ltr'>fundamentum</span> <span class='ocrx_word' id='word_1_124' title='bbox 865 1367 993 1424; x_wconf 91' lang='lat' dir='ltr'>omnium</span> <span class='ocrx_word' id='word_1_125' title='bbox 1018 1368 1240 1443; x_wconf 87' lang='lat' dir='ltr'>promissionum</span> <span class='ocrx_word' id='word_1_126' title='bbox 1265 1369 1355 1446; x_wconf 89' lang='lat' dir='ltr'>respi-</span> 
     </span>
     <span class='ocr_line' id='line_1_13' title="bbox 146 1444 1356 1523; baseline 0.002 -19"><span class='ocrx_word' id='word_1_127' title='bbox 146 1446 269 1504; x_wconf 88' lang='lat' dir='ltr'>ciebant.</span> <span class='ocrx_word' id='word_1_128' title='bbox 313 1445 390 1502; x_wconf 90' lang='lat' dir='ltr'>Hinc</span> <span class='ocrx_word' id='word_1_129' title='bbox 406 1445 438 1504; x_wconf 87' lang='lat' dir='ltr'>fit</span> <span class='ocrx_word' id='word_1_130' title='bbox 451 1453 484 1502; x_wconf 92' lang='lat' dir='ltr'>ut</span> <span class='ocrx_word' id='word_1_131' title='bbox 498 1444 607 1504; x_wconf 87' lang='lat' dir='ltr'>Paulus</span> <span class='ocrx_word' id='word_1_132' title='bbox 631 1447 738 1522; x_wconf 87' lang='lat' dir='ltr'>optime</span> <span class='ocrx_word' id='word_1_133' title='bbox 752 1445 884 1505; x_wconf 91' lang='lat' dir='ltr'>conscius</span> <span class='ocrx_word' id='word_1_134' title='bbox 898 1445 1003 1505; x_wconf 90' lang='lat' dir='ltr'>mentis</span> <span class='ocrx_word' id='word_1_135' title='bbox 1019 1447 1143 1523; x_wconf 68' lang='lat' dir='ltr'>Spiritus</span> <span class='ocrx_word' id='word_1_136' title='bbox 1168 1447 1266 1506; x_wconf 85' lang='lat' dir='ltr'>Sancti</span> <span class='ocrx_word' id='word_1_137' title='bbox 1294 1469 1356 1508; x_wconf 91' lang='lat' dir='ltr'>eam</span> 
     </span>
     <span class='ocr_line' id='line_1_14' title="bbox 147 1524 1355 1603; baseline 0.003 -20"><span class='ocrx_word' id='word_1_138' title='bbox 147 1526 251 1584; x_wconf 88' lang='lat' dir='ltr'>referat</span> <span class='ocrx_word' id='word_1_139' title='bbox 265 1524 295 1581; x_wconf 90' lang='lat' dir='ltr'>in</span> <span class='ocrx_word' id='word_1_140' title='bbox 311 1525 422 1602; x_wconf 89' lang='lat' dir='ltr'>Episto.</span> <span class='ocrx_word' id='word_1_141' title='bbox 438 1525 476 1582; x_wconf 93' lang='lat' dir='ltr'>ad</span> <span class='ocrx_word' id='word_1_142' title='bbox 490 1524 556 1584; x_wconf 86' lang='lat' dir='ltr'>Gal.</span> <span class='ocrx_word' id='word_1_143' title='bbox 573 1547 597 1583; x_wconf 92' lang='lat' dir='ltr'>c.</span> <span class='ocrx_word' id='word_1_144' title='bbox 613 1526 652 1583; x_wconf 93' lang='lat' dir='ltr'>iii.</span> <span class='ocrx_word' id='word_1_145' title='bbox 675 1536 703 1584; x_wconf 88' lang='lat' dir='ltr'>et</span> <span class='ocrx_word' id='word_1_146' title='bbox 717 1526 747 1584; x_wconf 89' lang='lat' dir='ltr'>iu</span> <span class='ocrx_word' id='word_1_147' title='bbox 766 1527 821 1585; x_wconf 88' lang='lat' dir='ltr'>hoc</span> <span class='ocrx_word' id='word_1_148' title='bbox 844 1526 909 1584; x_wconf 93' lang='lat' dir='ltr'>loco</span> <span class='ocrx_word' id='word_1_149' title='bbox 920 1526 958 1584; x_wconf 89' lang='lat' dir='ltr'>ad</span> <span class='ocrx_word' id='word_1_150' title='bbox 977 1527 1214 1603; x_wconf 88' lang='lat' dir='ltr'>justificationem</span> <span class='ocrx_word' id='word_1_151' title='bbox 1228 1550 1235 1602; x_wconf 90' lang='lat'><strong>;</strong></span> <span class='ocrx_word' id='word_1_152' title='bbox 1257 1537 1290 1587; x_wconf 91' lang='lat' dir='ltr'>ut</span> <span class='ocrx_word' id='word_1_153' title='bbox 1304 1529 1355 1587; x_wconf 90' lang='lat' dir='ltr'>do-</span> 
     </span>
     <span class='ocr_line' id='line_1_15' title="bbox 147 1605 1356 1682; baseline 0.002 -17"><span class='ocrx_word' id='word_1_154' title='bbox 147 1614 211 1665; x_wconf 85' lang='lat' dir='ltr'>ceat</span> <span class='ocrx_word' id='word_1_155' title='bbox 225 1605 375 1682; x_wconf 87' lang='lat' dir='ltr'>perfidem</span> <span class='ocrx_word' id='word_1_156' title='bbox 391 1605 481 1663; x_wconf 91' lang='lat' dir='ltr'>solam</span> <span class='ocrx_word' id='word_1_157' title='bbox 496 1605 640 1664; x_wconf 87' lang='lat' dir='ltr'>hominem</span> <span class='ocrx_word' id='word_1_158' title='bbox 652 1607 795 1682; x_wconf 90' lang='lat' dir='ltr'>justitiam</span> <span class='ocrx_word' id='word_1_159' title='bbox 810 1605 947 1681; x_wconf 70' lang='lat' dir='ltr'>obtinete,</span> <span class='ocrx_word' id='word_1_160' title='bbox 963 1626 1028 1682; x_wconf 85' lang='lat' dir='ltr'>quse</span> <span class='ocrx_word' id='word_1_161' title='bbox 1047 1607 1137 1664; x_wconf 86' lang='lat' dir='ltr'>vitam</span> <span class='ocrx_word' id='word_1_162' title='bbox 1163 1615 1298 1666; x_wconf 75' lang='lat' dir='ltr'>aternam</span> <span class='ocrx_word' id='word_1_163' title='bbox 1313 1609 1356 1668; x_wconf 94' lang='lat' dir='ltr'>illi</span> 
     </span>
     <span class='ocr_line' id='line_1_16' title="bbox 147 1685 1354 1764; baseline 0.002 -20"><span class='ocrx_word' id='word_1_164' title='bbox 147 1685 261 1744; x_wconf 84' lang='lat' dir='ltr'>afferat:</span> <span class='ocrx_word' id='word_1_165' title='bbox 276 1686 376 1743; x_wconf 80' lang='lat' dir='ltr'>Justus</span> <span class='ocrx_word' id='word_1_166' title='bbox 386 1705 423 1742; x_wconf 76' lang='lat' dir='ltr'>ex</span> <span class='ocrx_word' id='word_1_167' title='bbox 429 1685 492 1762; x_wconf 80' lang='lat' dir='ltr'>fide</span> <span class='ocrx_word' id='word_1_168' title='bbox 503 1686 581 1760; x_wconf 84' lang='lat' dir='ltr'>vivet,</span> <span class='ocrx_word' id='word_1_169' title='bbox 594 1686 656 1744; x_wconf 86' lang='lat' dir='ltr'>sire</span> <span class='ocrx_word' id='word_1_170' title='bbox 671 1693 697 1741; x_wconf 63' lang='lat' dir='ltr'>et</span> <span class='ocrx_word' id='word_1_171' title='bbox 709 1695 733 1740; x_wconf 70' lang='lat' dir='ltr'>ta</span> <span class='ocrx_word' id='word_1_172' title='bbox 746 1697 842 1746; x_wconf 64' lang='lat' dir='ltr'>rtem</span> <span class='ocrx_word' id='word_1_173' title='bbox 860 1685 999 1745; x_wconf 86' lang='lat' dir='ltr'>referatur</span> <span class='ocrx_word' id='word_1_174' title='bbox 1012 1687 1050 1744; x_wconf 91' lang='lat' dir='ltr'>ad</span> <span class='ocrx_word' id='word_1_175' title='bbox 1061 1689 1182 1764; x_wconf 88' lang='lat' dir='ltr'>justum,</span> <span class='ocrx_word' id='word_1_176' title='bbox 1194 1688 1250 1746; x_wconf 91' lang='lat' dir='ltr'>hoc</span> <span class='ocrx_word' id='word_1_177' title='bbox 1259 1707 1354 1764; x_wconf 89' lang='lat' dir='ltr'>sensu,</span> 
     </span>
     <span class='ocr_line' id='line_1_17' title="bbox 149 1762 1356 1846; baseline 0.001 -20"><span class='ocrx_word' id='word_1_178' title='bbox 149 1766 203 1826; x_wconf 87' lang='lat' dir='ltr'>Ille</span> <span class='ocrx_word' id='word_1_179' title='bbox 218 1765 268 1842; x_wconf 93' lang='lat' dir='ltr'>qui</span> <span class='ocrx_word' id='word_1_180' title='bbox 278 1785 329 1841; x_wconf 87' lang='lat' dir='ltr'>per</span> <span class='ocrx_word' id='word_1_181' title='bbox 342 1766 438 1840; x_wconf 87' lang='lat' dir='ltr'>fidem,</span> <span class='ocrx_word' id='word_1_182' title='bbox 451 1765 549 1843; x_wconf 84' lang='lat' dir='ltr'>justus</span> <span class='ocrx_word' id='word_1_183' title='bbox 563 1773 615 1841; x_wconf 85' lang='lat' dir='ltr'>est,</span> <span class='ocrx_word' id='word_1_184' title='bbox 632 1765 693 1824; x_wconf 88' lang='lat' dir='ltr'>sive</span> <span class='ocrx_word' id='word_1_185' title='bbox 715 1762 854 1822; x_wconf 87' lang='lat' dir='ltr'>referatur</span> <span class='ocrx_word' id='word_1_186' title='bbox 868 1766 906 1824; x_wconf 89' lang='lat' dir='ltr'>ad</span> <span class='ocrx_word' id='word_1_187' title='bbox 929 1767 1028 1841; x_wconf 88' lang='lat' dir='ltr'>vitam,</span> <span class='ocrx_word' id='word_1_188' title='bbox 1043 1775 1077 1826; x_wconf 90' lang='grc' dir='ltr'>ιιι</span> <span class='ocrx_word' id='word_1_189' title='bbox 1097 1768 1234 1826; x_wconf 86' lang='lat' dir='ltr'>innuatur</span> <span class='ocrx_word' id='word_1_190' title='bbox 1243 1769 1356 1846; x_wconf 87' lang='lat' dir='ltr'>justum</span> 
     </span>
     <span class='ocr_line' id='line_1_18' title="bbox 149 1843 1356 1924; baseline 0.002 -20"><span class='ocrx_word' id='word_1_191' title='bbox 149 1845 248 1904; x_wconf 86' lang='lat' dir='ltr'>vivere</span> <span class='ocrx_word' id='word_1_192' title='bbox 262 1864 313 1922; x_wconf 87' lang='lat' dir='ltr'>per</span> <span class='ocrx_word' id='word_1_193' title='bbox 326 1845 431 1920; x_wconf 78' lang='lat' dir='ltr'>fidem3</span> <span class='ocrx_word' id='word_1_194' title='bbox 455 1865 501 1903; x_wconf 90' lang='lat' dir='ltr'>res</span> <span class='ocrx_word' id='word_1_195' title='bbox 515 1846 591 1904; x_wconf 90' lang='lat' dir='ltr'>enim</span> <span class='ocrx_word' id='word_1_196' title='bbox 606 1845 708 1904; x_wconf 88' lang='lat' dir='ltr'>eodem</span> <span class='ocrx_word' id='word_1_197' title='bbox 728 1843 812 1919; x_wconf 86' lang='lat' dir='ltr'>redit,</span> <span class='ocrx_word' id='word_1_198' title='bbox 828 1853 856 1904; x_wconf 90' lang='lat' dir='ltr'>et</span> <span class='ocrx_word' id='word_1_199' title='bbox 878 1853 1032 1924; x_wconf 89' lang='lat' dir='ltr'>utrumque</span> <span class='ocrx_word' id='word_1_200' title='bbox 1051 1867 1152 1906; x_wconf 88' lang='lat' dir='ltr'>verum</span> <span class='ocrx_word' id='word_1_201' title='bbox 1177 1857 1229 1922; x_wconf 90' lang='lat' dir='ltr'>est,</span> <span class='ocrx_word' id='word_1_202' title='bbox 1246 1857 1356 1908; x_wconf 86' lang='lat' dir='ltr'>etcum</span> 
     </span>
     <span class='ocr_line' id='line_1_19' title="bbox 148 1922 1354 2004; baseline 0.003 -20"><span class='ocrx_word' id='word_1_203' title='bbox 148 1926 199 2004; x_wconf 91' lang='lat' dir='ltr'>qui</span> <span class='ocrx_word' id='word_1_204' title='bbox 213 1946 249 1983; x_wconf 87' lang='lat' dir='ltr'>ex</span> <span class='ocrx_word' id='word_1_205' title='bbox 263 1925 320 1983; x_wconf 89' lang='lat' dir='ltr'>fide</span> <span class='ocrx_word' id='word_1_206' title='bbox 344 1927 443 2002; x_wconf 90' lang='lat' dir='ltr'>justus</span> <span class='ocrx_word' id='word_1_207' title='bbox 467 1934 519 2000; x_wconf 86' lang='lat' dir='ltr'>est,</span> <span class='ocrx_word' id='word_1_208' title='bbox 536 1925 658 1984; x_wconf 89' lang='lat' dir='ltr'>salutem</span> <span class='ocrx_word' id='word_1_209' title='bbox 673 1922 811 1998; x_wconf 89' lang='lat' dir='ltr'>obtinere,</span> <span class='ocrx_word' id='word_1_210' title='bbox 827 1935 856 1984; x_wconf 91' lang='lat' dir='ltr'>et</span> <span class='ocrx_word' id='word_1_211' title='bbox 870 1946 969 1986; x_wconf 90' lang='lat' dir='ltr'>rursus</span> <span class='ocrx_word' id='word_1_212' title='bbox 983 1947 1047 1986; x_wconf 90' lang='lat' dir='ltr'>eum</span> <span class='ocrx_word' id='word_1_213' title='bbox 1063 1928 1111 2004; x_wconf 94' lang='lat' dir='ltr'>qui</span> <span class='ocrx_word' id='word_1_214' title='bbox 1130 1929 1227 2004; x_wconf 88' lang='lat' dir='ltr'>justus</span> <span class='ocrx_word' id='word_1_215' title='bbox 1242 1937 1294 2002; x_wconf 91' lang='lat' dir='ltr'>cst,</span> <span class='ocrx_word' id='word_1_216' title='bbox 1311 1949 1354 1988; x_wconf 83' lang='lat' dir='ltr'>sa-</span> 
     </span>
     <span class='ocr_line' id='line_1_20' title="bbox 149 2004 1357 2084; baseline 0.001 -19"><span class='ocrx_word' id='word_1_217' title='bbox 149 2007 239 2065; x_wconf 91' lang='lat' dir='ltr'>lutem</span> <span class='ocrx_word' id='word_1_218' title='bbox 254 2005 382 2064; x_wconf 89' lang='lat' dir='ltr'>obtinere</span> <span class='ocrx_word' id='word_1_219' title='bbox 397 2004 557 2082; x_wconf 89' lang='lat' dir='ltr'>perfidem.</span> <span class='ocrx_word' id='word_1_220' title='bbox 593 2005 713 2064; x_wconf 84' lang='lat' dir='ltr'>Frustra</span> <span class='ocrx_word' id='word_1_221' title='bbox 733 2023 804 2063; x_wconf 85' lang='lat' dir='ltr'>vero</span> <span class='ocrx_word' id='word_1_222' title='bbox 824 2005 930 2064; x_wconf 91' lang='lat' dir='ltr'>dicitur</span> <span class='ocrx_word' id='word_1_223' title='bbox 951 2007 1072 2067; x_wconf 84' lang='lat' dir='ltr'>Paulum</span> <span class='ocrx_word' id='word_1_224' title='bbox 1094 2007 1255 2084; x_wconf 85' lang='lat' dir='ltr'>intelligere</span> <span class='ocrx_word' id='word_1_225' title='bbox 1269 2007 1357 2068; x_wconf 85' lang='lat' dir='ltr'>fidem</span> 
     </span>
     <span class='ocr_line' id='line_1_21' title="bbox 149 2083 1357 2163; baseline 0.002 -20"><span class='ocrx_word' id='word_1_226' title='bbox 149 2087 256 2161; x_wconf 88' lang='lat' dir='ltr'>vivam,</span> <span class='ocrx_word' id='word_1_227' title='bbox 273 2094 301 2144; x_wconf 88' lang='lat' dir='ltr'>et</span> <span class='ocrx_word' id='word_1_228' title='bbox 315 2085 402 2144; x_wconf 85' lang='lat' dir='ltr'>talum</span> <span class='ocrx_word' id='word_1_229' title='bbox 417 2105 475 2142; x_wconf 91' lang='lat' dir='ltr'>non</span> <span class='ocrx_word' id='word_1_230' title='bbox 490 2105 553 2144; x_wconf 88' lang='lat' dir='ltr'>esse</span> <span class='ocrx_word' id='word_1_231' title='bbox 575 2086 674 2160; x_wconf 86' lang='lat' dir='ltr'>solam,</span> <span class='ocrx_word' id='word_1_232' title='bbox 691 2083 742 2143; x_wconf 89' lang='lat' dir='ltr'>sed</span> <span class='ocrx_word' id='word_1_233' title='bbox 756 2105 821 2142; x_wconf 91' lang='lat' dir='ltr'>cum</span> <span class='ocrx_word' id='word_1_234' title='bbox 837 2087 980 2163; x_wconf 88' lang='lat' dir='ltr'>operibus.</span> <span class='ocrx_word' id='word_1_235' title='bbox 1024 2087 1099 2162; x_wconf 84' lang='lat' dir='ltr'>Quia</span> <span class='ocrx_word' id='word_1_236' title='bbox 1112 2088 1181 2146; x_wconf 87' lang='lat' dir='ltr'>licet</span> <span class='ocrx_word' id='word_1_237' title='bbox 1193 2089 1266 2146; x_wconf 87' lang='lat' dir='ltr'>fides</span> <span class='ocrx_word' id='word_1_238' title='bbox 1287 2089 1357 2146; x_wconf 87' lang='lat' dir='ltr'>viva</span> 
     </span>
     <span class='ocr_line' id='line_1_22' title="bbox 149 2165 1355 2245; baseline 0.002 -22"><span class='ocrx_word' id='word_1_239' title='bbox 149 2185 296 2243; x_wconf 87' lang='lat' dir='ltr'>nunquam</span> <span class='ocrx_word' id='word_1_240' title='bbox 311 2166 348 2224; x_wconf 89' lang='lat' dir='ltr'>sit</span> <span class='ocrx_word' id='word_1_241' title='bbox 363 2166 425 2224; x_wconf 89' lang='lat' dir='ltr'>sola</span> <span class='ocrx_word' id='word_1_242' title='bbox 439 2166 468 2224; x_wconf 90' lang='lat' dir='ltr'>in</span> <span class='ocrx_word' id='word_1_243' title='bbox 483 2186 517 2223; x_wconf 91' lang='lat' dir='ltr'>eo</span> <span class='ocrx_word' id='word_1_244' title='bbox 532 2165 581 2242; x_wconf 92' lang='lat' dir='ltr'>qui</span> <span class='ocrx_word' id='word_1_245' title='bbox 592 2166 774 2242; x_wconf 84' lang='lat' dir='ltr'>justificatur,</span> <span class='ocrx_word' id='word_1_246' title='bbox 791 2165 854 2223; x_wconf 88' lang='lat' dir='ltr'>sola</span> <span class='ocrx_word' id='word_1_247' title='bbox 874 2177 971 2226; x_wconf 90' lang='lat' dir='ltr'>tamen</span> <span class='ocrx_word' id='word_1_248' title='bbox 985 2177 1028 2226; x_wconf 87' lang='lat' dir='ltr'>est</span> <span class='ocrx_word' id='word_1_249' title='bbox 1042 2168 1073 2225; x_wconf 91' lang='lat' dir='ltr'>in</span> <span class='ocrx_word' id='word_1_250' title='bbox 1087 2168 1150 2244; x_wconf 88' lang='lat' dir='ltr'>ipso</span> <span class='ocrx_word' id='word_1_251' title='bbox 1171 2177 1236 2226; x_wconf 87' lang='lat' dir='ltr'>actu</span> <span class='ocrx_word' id='word_1_252' title='bbox 1248 2168 1355 2245; x_wconf 84' lang='lat' dir='ltr'>justifi-</span> 
     </span>
     <span class='ocr_line' id='line_1_23' title="bbox 149 2244 1357 2324; baseline 0.002 -19"><span class='ocrx_word' id='word_1_253' title='bbox 149 2246 280 2320; x_wconf 88' lang='lat' dir='ltr'>cationis,</span> <span class='ocrx_word' id='word_1_254' title='bbox 295 2244 333 2302; x_wconf 89' lang='lat' dir='ltr'>ad</span> <span class='ocrx_word' id='word_1_255' title='bbox 360 2245 444 2323; x_wconf 91' lang='lat' dir='ltr'>cujus</span> <span class='ocrx_word' id='word_1_256' title='bbox 458 2245 675 2322; x_wconf 91' lang='lat' dir='ltr'>productionem</span> <span class='ocrx_word' id='word_1_257' title='bbox 686 2252 797 2302; x_wconf 82' lang='lat' dir='ltr'>caeterae</span> <span class='ocrx_word' id='word_1_258' title='bbox 808 2245 930 2305; x_wconf 90' lang='lat' dir='ltr'>virtutes</span> <span class='ocrx_word' id='word_1_259' title='bbox 939 2246 1011 2305; x_wconf 93' lang='lat' dir='ltr'>nihil</span> <span class='ocrx_word' id='word_1_260' title='bbox 1026 2255 1147 2324; x_wconf 88' lang='lat' dir='ltr'>possunt</span> <span class='ocrx_word' id='word_1_261' title='bbox 1157 2247 1293 2320; x_wconf 88' lang='lat' dir='ltr'>conferre,</span> <span class='ocrx_word' id='word_1_262' title='bbox 1302 2249 1357 2308; x_wconf 90' lang='lat' dir='ltr'>hoc</span> 
     </span>
     <span class='ocr_line' id='line_1_24' title="bbox 150 2325 1358 2403; baseline 0.004 -21"><span class='ocrx_word' id='word_1_263' title='bbox 150 2326 336 2403; x_wconf 83' lang='lat' dir='ltr'>privilegium</span> <span class='ocrx_word' id='word_1_264' title='bbox 350 2326 412 2384; x_wconf 91' lang='lat' dir='ltr'>sola</span> <span class='ocrx_word' id='word_1_265' title='bbox 424 2326 482 2384; x_wconf 89' lang='lat' dir='ltr'>lide</span> <span class='ocrx_word' id='word_1_266' title='bbox 494 2326 549 2383; x_wconf 91' lang='lat' dir='ltr'>sibi</span> <span class='ocrx_word' id='word_1_267' title='bbox 563 2325 737 2400; x_wconf 85' lang='lat' dir='ltr'>vindicante,</span> <span class='ocrx_word' id='word_1_268' title='bbox 753 2332 786 2382; x_wconf 92' lang='lat' dir='ltr'>ut</span> <span class='ocrx_word' id='word_1_269' title='bbox 795 2326 987 2402; x_wconf 89' lang='lat' dir='ltr'>jamdictum.</span> <span class='ocrx_word' id='word_1_270' title='bbox 1010 2327 1071 2386; x_wconf 88' lang='lat' dir='ltr'>Nec</span> <span class='ocrx_word' id='word_1_271' title='bbox 1083 2328 1185 2388; x_wconf 90' lang='lat' dir='ltr'>molius</span> <span class='ocrx_word' id='word_1_272' title='bbox 1195 2328 1243 2386; x_wconf 90' lang='lat' dir='ltr'>alii</span> <span class='ocrx_word' id='word_1_273' title='bbox 1254 2329 1358 2388; x_wconf 92' lang='lat' dir='ltr'>volunt</span> 
     </span>
     <span class='ocr_line' id='line_1_25' title="bbox 150 2405 1356 2486; baseline 0.004 -23"><span class='ocrx_word' id='word_1_274' title='bbox 150 2406 240 2463; x_wconf 89' lang='lat' dir='ltr'>vitam</span> <span class='ocrx_word' id='word_1_275' title='bbox 256 2407 340 2462; x_wconf 86' lang='lat' dir='ltr'>istam</span> <span class='ocrx_word' id='word_1_276' title='bbox 351 2405 455 2463; x_wconf 80' lang='lat' dir='ltr'>referre</span> <span class='ocrx_word' id='word_1_277' title='bbox 467 2405 504 2463; x_wconf 93' lang='lat' dir='ltr'>ad</span> <span class='ocrx_word' id='word_1_278' title='bbox 513 2425 607 2482; x_wconf 89' lang='lat' dir='ltr'>opera,</span> <span class='ocrx_word' id='word_1_279' title='bbox 619 2425 670 2482; x_wconf 91' lang='lat' dir='ltr'>per</span> <span class='ocrx_word' id='word_1_280' title='bbox 684 2425 748 2482; x_wconf 84' lang='lat' dir='ltr'>quse</span> <span class='ocrx_word' id='word_1_281' title='bbox 763 2425 794 2463; x_wconf 92' lang='lat' dir='ltr'>se</span> <span class='ocrx_word' id='word_1_282' title='bbox 805 2405 902 2464; x_wconf 88' lang='lat' dir='ltr'>vivam</span> <span class='ocrx_word' id='word_1_283' title='bbox 914 2407 1016 2484; x_wconf 92' lang='lat' dir='ltr'>probet</span> <span class='ocrx_word' id='word_1_284' title='bbox 1037 2407 1119 2466; x_wconf 85' lang='lat' dir='ltr'>fides.</span> <span class='ocrx_word' id='word_1_285' title='bbox 1163 2407 1237 2482; x_wconf 86' lang='lat' dir='ltr'>Quia</span> <span class='ocrx_word' id='word_1_286' title='bbox 1250 2428 1356 2486; x_wconf 89' lang='lat' dir='ltr'>scopus</span> 
     </span>
     <span class='ocr_line' id='line_1_26' title="bbox 151 2483 1355 2564; baseline 0.003 -21"><span class='ocrx_word' id='word_1_287' title='bbox 151 2485 303 2561; x_wconf 82' lang='lat' dir='ltr'>Prophetae</span> <span class='ocrx_word' id='word_1_288' title='bbox 315 2493 358 2542; x_wconf 86' lang='lat' dir='ltr'>est</span> <span class='ocrx_word' id='word_1_289' title='bbox 372 2483 474 2543; x_wconf 88' lang='lat' dir='ltr'>docere</span> <span class='ocrx_word' id='word_1_290' title='bbox 488 2485 575 2544; x_wconf 89' lang='lat' dir='ltr'>fidem</span> <span class='ocrx_word' id='word_1_291' title='bbox 591 2485 682 2544; x_wconf 87' lang='lat' dir='ltr'>solam</span> <span class='ocrx_word' id='word_1_292' title='bbox 696 2505 759 2544; x_wconf 88' lang='lat' dir='ltr'>esse</span> <span class='ocrx_word' id='word_1_293' title='bbox 770 2485 897 2544; x_wconf 88' lang='lat' dir='ltr'>medium</span> <span class='ocrx_word' id='word_1_294' title='bbox 908 2487 1072 2546; x_wconf 84' lang='lat' dir='ltr'>obtinendae</span> <span class='ocrx_word' id='word_1_295' title='bbox 1083 2487 1192 2564; x_wconf 87' lang='lat' dir='ltr'>salutis,</span> <span class='ocrx_word' id='word_1_296' title='bbox 1209 2497 1269 2546; x_wconf 88' lang='lat' dir='ltr'>tum</span> <span class='ocrx_word' id='word_1_297' title='bbox 1286 2498 1355 2547; x_wconf 87' lang='lat' dir='ltr'>tern-</span> 
     </span>
     <span class='ocr_line' id='line_1_27' title="bbox 150 2564 1356 2643; baseline 0.002 -20"><span class='ocrx_word' id='word_1_298' title='bbox 150 2564 265 2642; x_wconf 88' lang='lat' dir='ltr'>poralis,</span> <span class='ocrx_word' id='word_1_299' title='bbox 282 2572 342 2623; x_wconf 90' lang='lat' dir='ltr'>tum</span> <span class='ocrx_word' id='word_1_300' title='bbox 358 2565 522 2641; x_wconf 87' lang='lat' dir='ltr'>spiritualis.</span> <span class='ocrx_word' id='word_1_301' title='bbox 546 2567 585 2624; x_wconf 88' lang='lat' dir='ltr'>Et</span> <span class='ocrx_word' id='word_1_302' title='bbox 600 2565 708 2623; x_wconf 88' lang='lat' dir='ltr'>Paulus</span> <span class='ocrx_word' id='word_1_303' title='bbox 718 2565 862 2641; x_wconf 90' lang='lat' dir='ltr'>justitiam</span> <span class='ocrx_word' id='word_1_304' title='bbox 874 2567 958 2625; x_wconf 88' lang='lat' dir='ltr'>istam</span> <span class='ocrx_word' id='word_1_305' title='bbox 970 2588 1007 2626; x_wconf 87' lang='lat' dir='ltr'>ex</span> <span class='ocrx_word' id='word_1_306' title='bbox 1021 2568 1087 2643; x_wconf 88' lang='lat' dir='ltr'>fide,</span> <span class='ocrx_word' id='word_1_307' title='bbox 1099 2567 1169 2626; x_wconf 88' lang='lat' dir='ltr'>dicit</span> <span class='ocrx_word' id='word_1_308' title='bbox 1180 2567 1356 2626; x_wconf 85' lang='lat' dir='ltr'>manifestari</span> 
     </span>
     <span class='ocr_line' id='line_1_28' title="bbox 150 2644 1356 2724; baseline 0.002 -21"><span class='ocrx_word' id='word_1_309' title='bbox 150 2645 212 2703; x_wconf 88' lang='lat' dir='ltr'>sine</span> <span class='ocrx_word' id='word_1_310' title='bbox 230 2644 315 2720; x_wconf 87' lang='lat' dir='ltr'>Lege,</span> <span class='ocrx_word' id='word_1_311' title='bbox 332 2644 409 2722; x_wconf 91' lang='lat' dir='ltr'>quod</span> <span class='ocrx_word' id='word_1_312' title='bbox 424 2665 481 2704; x_wconf 89' lang='lat' dir='ltr'>uon</span> <span class='ocrx_word' id='word_1_313' title='bbox 495 2644 553 2704; x_wconf 86' lang='lat' dir='ltr'>dici</span> <span class='ocrx_word' id='word_1_314' title='bbox 566 2653 662 2723; x_wconf 88' lang='lat' dir='ltr'>potest</span> <span class='ocrx_word' id='word_1_315' title='bbox 676 2645 711 2703; x_wconf 89' lang='lat' dir='ltr'>de</span> <span class='ocrx_word' id='word_1_316' title='bbox 723 2646 837 2721; x_wconf 88' lang='lat' dir='ltr'>justitia</span> <span class='ocrx_word' id='word_1_317' title='bbox 851 2666 978 2723; x_wconf 87' lang='lat' dir='ltr'>operum,</span> <span class='ocrx_word' id='word_1_318' title='bbox 995 2647 1046 2705; x_wconf 89' lang='lat' dir='ltr'>sed</span> <span class='ocrx_word' id='word_1_319' title='bbox 1067 2655 1180 2706; x_wconf 89' lang='lat' dir='ltr'>tantum</span> <span class='ocrx_word' id='word_1_320' title='bbox 1194 2647 1229 2705; x_wconf 89' lang='lat' dir='ltr'>de</span> <span class='ocrx_word' id='word_1_321' title='bbox 1241 2647 1356 2724; x_wconf 88' lang='lat' dir='ltr'>justitia</span> 
     </span>
     <span class='ocr_line' id='line_1_29' title="bbox 150 2725 1000 2802; baseline 0 -18"><span class='ocrx_word' id='word_1_322' title='bbox 150 2725 228 2795; x_wconf 89' lang='lat' dir='ltr'>fidel,</span> <span class='ocrx_word' id='word_1_323' title='bbox 244 2745 309 2802; x_wconf 75' lang='lat' dir='ltr'>quse</span> <span class='ocrx_word' id='word_1_324' title='bbox 324 2725 429 2784; x_wconf 89' lang='lat' dir='ltr'>dicitur</span> <span class='ocrx_word' id='word_1_325' title='bbox 443 2725 478 2784; x_wconf 90' lang='lat' dir='ltr'>de</span> <span class='ocrx_word' id='word_1_326' title='bbox 493 2725 608 2784; x_wconf 79' lang='lat' dir='ltr'>homIne</span> <span class='ocrx_word' id='word_1_327' title='bbox 623 2725 767 2799; x_wconf 87' lang='lat' dir='ltr'>credente,</span> <span class='ocrx_word' id='word_1_328' title='bbox 782 2745 840 2782; x_wconf 89' lang='lat' dir='ltr'>nou</span> <span class='ocrx_word' id='word_1_329' title='bbox 855 2735 1000 2802; x_wconf 81' lang='lat' dir='ltr'>operante.</span> 
     </span>
    </p>

    <p class='ocr_par' dir='ltr' id='par_1_3' title="bbox 151 2805 1358 3204">
     <span class='ocr_line' id='line_1_30' title="bbox 454 2805 1358 2885; baseline 0.006 -23"><span class='ocrx_word' id='word_1_330' title='bbox 454 2805 548 2864; x_wconf 84' lang='lat' dir='ltr'><strong>XIII.</strong></span> <span class='ocrx_word' id='word_1_331' title='bbox 572 2806 665 2864; x_wconf 83' lang='lat' dir='ltr'>Aliud</span> <span class='ocrx_word' id='word_1_332' title='bbox 678 2814 723 2863; x_wconf 88' lang='lat' dir='ltr'>est</span> <span class='ocrx_word' id='word_1_333' title='bbox 736 2806 904 2864; x_wconf 88' lang='lat' dir='ltr'>charitatem</span> <span class='ocrx_word' id='word_1_334' title='bbox 926 2814 955 2865; x_wconf 91' lang='lat' dir='ltr'>et</span> <span class='ocrx_word' id='word_1_335' title='bbox 969 2826 1056 2883; x_wconf 89' lang='lat' dir='ltr'>opera</span> <span class='ocrx_word' id='word_1_336' title='bbox 1070 2806 1177 2883; x_wconf 90' lang='lat' dir='ltr'>requiri</span> <span class='ocrx_word' id='word_1_337' title='bbox 1190 2807 1221 2864; x_wconf 89' lang='lat' dir='ltr'>in</span> <span class='ocrx_word' id='word_1_338' title='bbox 1234 2827 1358 2885; x_wconf 89' lang='lat' dir='ltr'>persona</span> 
     </span>
     <span class='ocr_line' id='line_1_31' title="bbox 412 2884 1357 2964; baseline 0.005 -21"><span class='ocrx_word' id='word_1_339' title='bbox 412 2905 477 2962; x_wconf 88' lang='lat' dir='ltr'>quse</span> <span class='ocrx_word' id='word_1_340' title='bbox 488 2885 671 2962; x_wconf 84' lang='lat' dir='ltr'>justificatur,</span> <span class='ocrx_word' id='word_1_341' title='bbox 687 2884 765 2961; x_wconf 91' lang='lat' dir='ltr'>quod</span> <span class='ocrx_word' id='word_1_342' title='bbox 780 2886 972 2962; x_wconf 88' lang='lat' dir='ltr'>concedimus,</span> <span class='ocrx_word' id='word_1_343' title='bbox 995 2885 1087 2945; x_wconf 88' lang='lat' dir='ltr'>Aliud</span> <span class='ocrx_word' id='word_1_344' title='bbox 1106 2888 1136 2944; x_wconf 93' lang='lat' dir='ltr'>in</span> <span class='ocrx_word' id='word_1_345' title='bbox 1151 2896 1217 2946; x_wconf 91' lang='lat' dir='ltr'>actu</span> <span class='ocrx_word' id='word_1_346' title='bbox 1231 2889 1294 2964; x_wconf 92' lang='lat' dir='ltr'>ipso</span> <span class='ocrx_word' id='word_1_347' title='bbox 1306 2909 1357 2948; x_wconf 91' lang='lat' dir='ltr'>seu</span> 
     </span>
     <span class='ocr_line' id='line_1_32' title="bbox 413 2965 1356 3046; baseline 0.004 -23"><span class='ocrx_word' id='word_1_348' title='bbox 413 2965 581 3024; x_wconf 85' lang='lat' dir='ltr'>causalitate</span> <span class='ocrx_word' id='word_1_349' title='bbox 603 2965 835 3040; x_wconf 86' lang='lat' dir='ltr'>Justilicationis,</span> <span class='ocrx_word' id='word_1_350' title='bbox 862 2966 939 3044; x_wconf 91' lang='lat' dir='ltr'>quod</span> <span class='ocrx_word' id='word_1_351' title='bbox 958 2986 1107 3043; x_wconf 84' lang='lat' dir='ltr'>negamus.</span> <span class='ocrx_word' id='word_1_352' title='bbox 1150 2967 1211 3025; x_wconf 87' lang='lat' dir='ltr'>Nec</span> <span class='ocrx_word' id='word_1_353' title='bbox 1223 2968 1247 3024; x_wconf 92' lang='lat' dir='ltr'>si</span> <span class='ocrx_word' id='word_1_354' title='bbox 1261 2971 1356 3046; x_wconf 90' lang='lat' dir='ltr'>requi-</span> 
     </span>
     <span class='ocr_line' id='line_1_33' title="bbox 151 3045 1355 3126; baseline 0.001 -19"><span class='ocrx_word' id='word_1_355' title='bbox 151 3057 252 3107; x_wconf 89' lang='lat' dir='ltr'>runtur</span> <span class='ocrx_word' id='word_1_356' title='bbox 267 3068 361 3126; x_wconf 91' lang='lat' dir='ltr'>opera,</span> <span class='ocrx_word' id='word_1_357' title='bbox 376 3055 410 3104; x_wconf 87' lang='lat' dir='ltr'>ut</span> <span class='ocrx_word' id='word_1_358' title='bbox 423 3046 645 3105; x_wconf 84' lang='lat' dir='ltr'>concomitantia</span> <span class='ocrx_word' id='word_1_359' title='bbox 658 3045 753 3120; x_wconf 90' lang='lat' dir='ltr'>fidem,</span> <span class='ocrx_word' id='word_1_360' title='bbox 771 3045 841 3104; x_wconf 91' lang='lat' dir='ltr'>Ideo</span> <span class='ocrx_word' id='word_1_361' title='bbox 853 3055 1094 3104; x_wconf 86' lang='lat' dir='ltr'>statuuntur.esse</span> <span class='ocrx_word' id='word_1_362' title='bbox 1109 3067 1203 3104; x_wconf 82' lang='lat' dir='ltr'>causae</span> <span class='ocrx_word' id='word_1_363' title='bbox 1214 3048 1355 3124; x_wconf 82' lang='lat' dir='ltr'>justifica·</span> 
     </span>
     <span class='ocr_line' id='line_1_34' title="bbox 151 3125 1277 3204; baseline -0.001 -17"><span class='ocrx_word' id='word_1_364' title='bbox 151 3129 238 3188; x_wconf 83' lang='lat' dir='ltr'>tionis</span> <span class='ocrx_word' id='word_1_365' title='bbox 252 3149 316 3187; x_wconf 91' lang='lat' dir='ltr'>cum</span> <span class='ocrx_word' id='word_1_366' title='bbox 330 3127 397 3200; x_wconf 90' lang='lat' dir='ltr'>fide,</span> <span class='ocrx_word' id='word_1_367' title='bbox 412 3126 461 3185; x_wconf 89' lang='lat' dir='ltr'>vel</span> <span class='ocrx_word' id='word_1_368' title='bbox 475 3125 505 3183; x_wconf 91' lang='lat' dir='ltr'>id</span> <span class='ocrx_word' id='word_1_369' title='bbox 519 3126 612 3203; x_wconf 90' lang='lat' dir='ltr'>ipsum</span> <span class='ocrx_word' id='word_1_370' title='bbox 627 3135 762 3203; x_wconf 83' lang='lat' dir='ltr'>praestare</span> <span class='ocrx_word' id='word_1_371' title='bbox 778 3126 855 3202; x_wconf 90' lang='lat' dir='ltr'>quod</span> <span class='ocrx_word' id='word_1_372' title='bbox 869 3126 941 3184; x_wconf 88' lang='lat' dir='ltr'>fides</span> <span class='ocrx_word' id='word_1_373' title='bbox 955 3127 1024 3184; x_wconf 88' lang='lat' dir='ltr'>facit</span> <span class='ocrx_word' id='word_1_374' title='bbox 1038 3127 1067 3184; x_wconf 93' lang='lat' dir='ltr'>in</span> <span class='ocrx_word' id='word_1_375' title='bbox 1082 3127 1136 3185; x_wconf 92' lang='lat' dir='ltr'>hoc</span> <span class='ocrx_word' id='word_1_376' title='bbox 1150 3129 1277 3204; x_wconf 85' lang='lat' dir='ltr'>negotio.</span> 
     </span>
    </p>

    <p class='ocr_par' dir='ltr' id='par_1_4' title="bbox 151 3206 1358 4720">
     <span class='ocr_line' id='line_1_35' title="bbox 193 3206 1355 3284; baseline -0.002 -18"><span class='ocrx_word' id='word_1_377' title='bbox 193 3209 283 3268; x_wconf 87' lang='lat' dir='ltr'>XIV.</span> <span class='ocrx_word' id='word_1_378' title='bbox 313 3209 395 3267; x_wconf 90' lang='lat' dir='ltr'>Licet</span> <span class='ocrx_word' id='word_1_379' title='bbox 416 3215 477 3264; x_wconf 83' lang='lat' dir='ltr'>tota</span> <span class='ocrx_word' id='word_1_380' title='bbox 490 3206 536 3264; x_wconf 88' lang='lat' dir='ltr'>vis</span> <span class='ocrx_word' id='word_1_381' title='bbox 553 3206 732 3282; x_wconf 86' lang='lat' dir='ltr'>justificandi</span> <span class='ocrx_word' id='word_1_382' title='bbox 746 3217 857 3283; x_wconf 87' lang='lat' dir='ltr'>aparte</span> <span class='ocrx_word' id='word_1_383' title='bbox 872 3207 997 3265; x_wconf 89' lang='lat' dir='ltr'>hominis</span> <span class='ocrx_word' id='word_1_384' title='bbox 1012 3207 1093 3265; x_wconf 89' lang='lat' dir='ltr'>sitin</span> <span class='ocrx_word' id='word_1_385' title='bbox 1107 3206 1173 3280; x_wconf 89' lang='lat' dir='ltr'>fide,</span> <span class='ocrx_word' id='word_1_386' title='bbox 1195 3207 1291 3284; x_wconf 88' lang='lat' dir='ltr'>quoad</span> <span class='ocrx_word' id='word_1_387' title='bbox 1306 3227 1355 3284; x_wconf 88' lang='lat' dir='ltr'>up-</span> 
     </span>
     <span class='ocr_line' id='line_1_36' title="bbox 151 3285 1356 3366; baseline 0 -20"><span class='ocrx_word' id='word_1_388' title='bbox 151 3289 350 3366; x_wconf 90' lang='lat' dir='ltr'>prehensionis</span> <span class='ocrx_word' id='word_1_389' title='bbox 373 3295 477 3361; x_wconf 87' lang='lat' dir='ltr'>actum,</span> <span class='ocrx_word' id='word_1_390' title='bbox 500 3287 541 3344; x_wconf 88' lang='lat' dir='ltr'>ita</span> <span class='ocrx_word' id='word_1_391' title='bbox 558 3293 590 3344; x_wconf 92' lang='lat' dir='ltr'>ut</span> <span class='ocrx_word' id='word_1_392' title='bbox 607 3296 717 3345; x_wconf 85' lang='lat' dir='ltr'>caeterae</span> <span class='ocrx_word' id='word_1_393' title='bbox 738 3285 861 3344; x_wconf 89' lang='lat' dir='ltr'>virtutes</span> <span class='ocrx_word' id='word_1_394' title='bbox 882 3286 954 3344; x_wconf 92' lang='lat' dir='ltr'>nihil</span> <span class='ocrx_word' id='word_1_395' title='bbox 976 3286 1013 3344; x_wconf 89' lang='lat' dir='ltr'>ad</span> <span class='ocrx_word' id='word_1_396' title='bbox 1034 3306 1096 3344; x_wconf 90' lang='lat' dir='ltr'>eam</span> <span class='ocrx_word' id='word_1_397' title='bbox 1119 3286 1268 3346; x_wconf 86' lang='lat' dir='ltr'>conferant</span> <span class='ocrx_word' id='word_1_398' title='bbox 1290 3307 1356 3346; x_wconf 92' lang='lat' dir='ltr'>cum</span> 
     </span>
     <span class='ocr_line' id='line_1_37' title="bbox 153 3366 1355 3445; baseline 0.001 -19"><span class='ocrx_word' id='word_1_399' title='bbox 153 3369 232 3445; x_wconf 85' lang='lat' dir='ltr'>ipss3</span> <span class='ocrx_word' id='word_1_400' title='bbox 256 3369 321 3427; x_wconf 90' lang='lat' dir='ltr'>Non</span> <span class='ocrx_word' id='word_1_401' title='bbox 336 3369 465 3445; x_wconf 86' lang='lat' dir='ltr'>sequitur</span> <span class='ocrx_word' id='word_1_402' title='bbox 478 3366 563 3424; x_wconf 89' lang='lat' dir='ltr'>fidem</span> <span class='ocrx_word' id='word_1_403' title='bbox 582 3366 742 3443; x_wconf 85' lang='lat' dir='ltr'>justificare</span> <span class='ocrx_word' id='word_1_404' title='bbox 756 3386 840 3442; x_wconf 90' lang='lat' dir='ltr'>posse</span> <span class='ocrx_word' id='word_1_405' title='bbox 855 3375 913 3425; x_wconf 87' lang='lat' dir='ltr'>tam</span> <span class='ocrx_word' id='word_1_406' title='bbox 928 3366 1096 3425; x_wconf 88' lang='lat' dir='ltr'>absentibus</span> <span class='ocrx_word' id='word_1_407' title='bbox 1110 3367 1169 3425; x_wconf 90' lang='lat' dir='ltr'>illis</span> <span class='ocrx_word' id='word_1_408' title='bbox 1183 3387 1269 3444; x_wconf 86' lang='lat' dir='ltr'>quam</span> <span class='ocrx_word' id='word_1_409' title='bbox 1284 3388 1355 3444; x_wconf 85' lang='lat' dir='ltr'>prse-</span> 
     </span>
     <span class='ocr_line' id='line_1_38' title="bbox 153 3445 1357 3524; baseline 0.001 -18"><span class='ocrx_word' id='word_1_410' title='bbox 153 3448 291 3522; x_wconf 86' lang='lat' dir='ltr'>ssntibus,</span> <span class='ocrx_word' id='word_1_411' title='bbox 313 3449 371 3506; x_wconf 89' lang='lat' dir='ltr'>imo</span> <span class='ocrx_word' id='word_1_412' title='bbox 393 3455 422 3505; x_wconf 88' lang='lat' dir='ltr'>et</span> <span class='ocrx_word' id='word_1_413' title='bbox 439 3446 629 3522; x_wconf 68' lang='lat' dir='ltr'>praesentibus</span> <span class='ocrx_word' id='word_1_414' title='bbox 643 3445 723 3504; x_wconf 90' lang='lat' dir='ltr'>vitiis</span> <span class='ocrx_word' id='word_1_415' title='bbox 745 3447 912 3521; x_wconf 86' lang='lat' dir='ltr'>contrariis;</span> <span class='ocrx_word' id='word_1_416' title='bbox 939 3447 1014 3520; x_wconf 86' lang='lat' dir='ltr'>Quia</span> <span class='ocrx_word' id='word_1_417' title='bbox 1034 3445 1114 3504; x_wconf 87' lang='lat' dir='ltr'>aliud</span> <span class='ocrx_word' id='word_1_418' title='bbox 1135 3456 1179 3506; x_wconf 87' lang='lat' dir='ltr'>cst</span> <span class='ocrx_word' id='word_1_419' title='bbox 1197 3448 1357 3524; x_wconf 84' lang='lat' dir='ltr'>justificare</span> 
     </span>
     <span class='ocr_line' id='line_1_39' title="bbox 152 3525 1356 3605; baseline 0 -18"><span class='ocrx_word' id='word_1_420' title='bbox 152 3528 213 3587; x_wconf 91' lang='lat' dir='ltr'>sine</span> <span class='ocrx_word' id='word_1_421' title='bbox 236 3528 401 3598; x_wconf 91' lang='lat' dir='ltr'>virtutibus,</span> <span class='ocrx_word' id='word_1_422' title='bbox 418 3525 456 3584; x_wconf 90' lang='lat' dir='ltr'>id.</span> <span class='ocrx_word' id='word_1_423' title='bbox 481 3527 634 3602; x_wconf 86' lang='lat' dir='ltr'>separatim</span> <span class='ocrx_word' id='word_1_424' title='bbox 656 3526 693 3584; x_wconf 89' lang='lat' dir='ltr'>ab</span> <span class='ocrx_word' id='word_1_425' title='bbox 715 3525 783 3601; x_wconf 83' lang='lat' dir='ltr'>illis,</span> <span class='ocrx_word' id='word_1_426' title='bbox 808 3527 886 3602; x_wconf 87' lang='lat' dir='ltr'>quod</span> <span class='ocrx_word' id='word_1_427' title='bbox 908 3547 1057 3603; x_wconf 81' lang='lat' dir='ltr'>negamus,</span> <span class='ocrx_word' id='word_1_428' title='bbox 1082 3527 1174 3585; x_wconf 88' lang='lat' dir='ltr'>Aliud</span> <span class='ocrx_word' id='word_1_429' title='bbox 1197 3528 1356 3605; x_wconf 86' lang='lat' dir='ltr'>justificare</span> 
     </span>
     <span class='ocr_line' id='line_1_40' title="bbox 153 3606 1358 3683; baseline 0.001 -17"><span class='ocrx_word' id='word_1_430' title='bbox 153 3609 253 3683; x_wconf 89' lang='lat' dir='ltr'>solam,</span> <span class='ocrx_word' id='word_1_431' title='bbox 276 3608 327 3666; x_wconf 90' lang='lat' dir='ltr'>ssd</span> <span class='ocrx_word' id='word_1_432' title='bbox 348 3627 405 3665; x_wconf 92' lang='lat' dir='ltr'>non</span> <span class='ocrx_word' id='word_1_433' title='bbox 422 3615 591 3682; x_wconf 85' lang='lat' dir='ltr'>separatam.</span> <span class='ocrx_word' id='word_1_434' title='bbox 634 3606 676 3664; x_wconf 90' lang='lat' dir='ltr'>Ut</span> <span class='ocrx_word' id='word_1_435' title='bbox 698 3625 756 3663; x_wconf 90' lang='lat' dir='ltr'>nou</span> <span class='ocrx_word' id='word_1_436' title='bbox 778 3606 916 3682; x_wconf 89' lang='lat' dir='ltr'>sequitur,</span> <span class='ocrx_word' id='word_1_437' title='bbox 941 3607 1009 3665; x_wconf 74' lang='lat' dir='ltr'>Sola</span> <span class='ocrx_word' id='word_1_438' title='bbox 1023 3627 1125 3666; x_wconf 88' lang='lat' dir='ltr'>munus</span> <span class='ocrx_word' id='word_1_439' title='bbox 1149 3609 1256 3683; x_wconf 86' lang='lat' dir='ltr'>scribit,</span> <span class='ocrx_word' id='word_1_440' title='bbox 1279 3610 1358 3668; x_wconf 84' lang='lat' dir='ltr'>solus</span> 
     </span>
     <span class='ocr_line' id='line_1_41' title="bbox 153 3686 1357 3766; baseline 0 -20"><span class='ocrx_word' id='word_1_441' title='bbox 153 3689 254 3746; x_wconf 89' lang='lat' dir='ltr'>oculus</span> <span class='ocrx_word' id='word_1_442' title='bbox 276 3687 375 3746; x_wconf 89' lang='lat' dir='ltr'>videt:</span> <span class='ocrx_word' id='word_1_443' title='bbox 399 3687 478 3762; x_wconf 87' lang='lat' dir='ltr'>Ergo</span> <span class='ocrx_word' id='word_1_444' title='bbox 500 3695 559 3742; x_wconf 85' lang='lat' dir='ltr'>tam</span> <span class='ocrx_word' id='word_1_445' title='bbox 579 3686 711 3744; x_wconf 86' lang='lat' dir='ltr'>revulsus</span> <span class='ocrx_word' id='word_1_446' title='bbox 734 3687 858 3762; x_wconf 89' lang='lat' dir='ltr'>scapite</span> <span class='ocrx_word' id='word_1_447' title='bbox 873 3697 902 3746; x_wconf 89' lang='lat' dir='ltr'>et</span> <span class='ocrx_word' id='word_1_448' title='bbox 917 3687 1028 3746; x_wconf 83' lang='lat' dir='ltr'>caeteris</span> <span class='ocrx_word' id='word_1_449' title='bbox 1050 3687 1196 3762; x_wconf 89' lang='lat' dir='ltr'>membris,</span> <span class='ocrx_word' id='word_1_450' title='bbox 1219 3709 1304 3766; x_wconf 83' lang='lat' dir='ltr'>quarn</span> <span class='ocrx_word' id='word_1_451' title='bbox 1328 3689 1357 3746; x_wconf 91' lang='lat' dir='ltr'>in</span> 
     </span>
     <span class='ocr_line' id='line_1_42' title="bbox 153 3765 1356 3844; baseline 0.002 -20"><span class='ocrx_word' id='word_1_452' title='bbox 153 3787 288 3844; x_wconf 89' lang='lat' dir='ltr'>corpore;</span> <span class='ocrx_word' id='word_1_453' title='bbox 320 3767 388 3825; x_wconf 87' lang='lat' dir='ltr'>Sola</span> <span class='ocrx_word' id='word_1_454' title='bbox 403 3767 448 3824; x_wconf 85' lang='lat' dir='ltr'>vis</span> <span class='ocrx_word' id='word_1_455' title='bbox 469 3765 630 3842; x_wconf 86' lang='lat' dir='ltr'>respirandi</span> <span class='ocrx_word' id='word_1_456' title='bbox 651 3774 695 3824; x_wconf 89' lang='lat' dir='ltr'>est</span> <span class='ocrx_word' id='word_1_457' title='bbox 716 3766 745 3822; x_wconf 91' lang='lat' dir='ltr'>in</span> <span class='ocrx_word' id='word_1_458' title='bbox 766 3767 971 3842; x_wconf 87' lang='lat' dir='ltr'>pulmonibus:</span> <span class='ocrx_word' id='word_1_459' title='bbox 1003 3769 1082 3844; x_wconf 84' lang='lat' dir='ltr'>Ergo</span> <span class='ocrx_word' id='word_1_460' title='bbox 1104 3769 1254 3844; x_wconf 87' lang='lat' dir='ltr'>pulmones</span> <span class='ocrx_word' id='word_1_461' title='bbox 1276 3787 1356 3842; x_wconf 82' lang='lat' dir='ltr'>aeqrre</span> 
     </span>
     <span class='ocr_line' id='line_1_43' title="bbox 154 3845 1358 3922; baseline 0.002 -20"><span class='ocrx_word' id='word_1_462' title='bbox 154 3847 293 3921; x_wconf 87' lang='lat' dir='ltr'>respirare</span> <span class='ocrx_word' id='word_1_463' title='bbox 316 3855 451 3922; x_wconf 83' lang='lat' dir='ltr'>poterunt</span> <span class='ocrx_word' id='word_1_464' title='bbox 473 3845 580 3904; x_wconf 87' lang='lat' dir='ltr'>divulsi</span> <span class='ocrx_word' id='word_1_465' title='bbox 595 3866 612 3904; x_wconf 90' lang='lat' dir='ltr'>a</span> <span class='ocrx_word' id='word_1_466' title='bbox 629 3845 758 3922; x_wconf 87' lang='lat' dir='ltr'>jecinore</span> <span class='ocrx_word' id='word_1_467' title='bbox 780 3856 809 3904; x_wconf 89' lang='lat' dir='ltr'>et</span> <span class='ocrx_word' id='word_1_468' title='bbox 829 3846 894 3904; x_wconf 88' lang='lat' dir='ltr'>aliis</span> <span class='ocrx_word' id='word_1_469' title='bbox 915 3847 1083 3922; x_wconf 87' lang='lat' dir='ltr'>visceribus,</span> <span class='ocrx_word' id='word_1_470' title='bbox 1105 3867 1189 3922; x_wconf 89' lang='lat' dir='ltr'>quam</span> <span class='ocrx_word' id='word_1_471' title='bbox 1213 3867 1277 3904; x_wconf 89' lang='lat' dir='ltr'>cum</span> <span class='ocrx_word' id='word_1_472' title='bbox 1299 3846 1358 3904; x_wconf 89' lang='lat' dir='ltr'>illis</span> 
     </span>
     <span class='ocr_line' id='line_1_44' title="bbox 153 3925 1355 4000; baseline 0 -18"><span class='ocrx_word' id='word_1_473' title='bbox 153 3925 309 4000; x_wconf 89' lang='lat' dir='ltr'>conjuncti,</span> <span class='ocrx_word' id='word_1_474' title='bbox 332 3925 410 4000; x_wconf 83' lang='lat' dir='ltr'>quod</span> <span class='ocrx_word' id='word_1_475' title='bbox 429 3945 512 3984; x_wconf 90' lang='lat' dir='ltr'>nemo</span> <span class='ocrx_word' id='word_1_476' title='bbox 535 3945 593 3984; x_wconf 91' lang='lat' dir='ltr'>non</span> <span class='ocrx_word' id='word_1_477' title='bbox 616 3926 696 3984; x_wconf 88' lang='lat' dir='ltr'>videt</span> <span class='ocrx_word' id='word_1_478' title='bbox 718 3925 883 3984; x_wconf 89' lang='lat' dir='ltr'>absurdum.</span> <span class='ocrx_word' id='word_1_479' title='bbox 929 3927 1072 3983; x_wconf 77' lang='lat' dir='ltr'>Sescenta</span> <span class='ocrx_word' id='word_1_480' title='bbox 1094 3935 1161 3982; x_wconf 90' lang='lat' dir='ltr'>sunt</span> <span class='ocrx_word' id='word_1_481' title='bbox 1184 3925 1355 4000; x_wconf 86' lang='lat' dir='ltr'>istiusmodi,</span> 
     </span>
     <span class='ocr_line' id='line_1_45' title="bbox 153 4003 1357 4082; baseline 0.003 -22"><span class='ocrx_word' id='word_1_482' title='bbox 153 4025 217 4080; x_wconf 87' lang='lat' dir='ltr'>quse</span> <span class='ocrx_word' id='word_1_483' title='bbox 233 4003 388 4062; x_wconf 85' lang='lat' dir='ltr'>efficaciam</span> <span class='ocrx_word' id='word_1_484' title='bbox 402 4013 431 4062; x_wconf 86' lang='lat' dir='ltr'>et</span> <span class='ocrx_word' id='word_1_485' title='bbox 445 4003 577 4063; x_wconf 82' lang='lat' dir='ltr'>effectum</span> <span class='ocrx_word' id='word_1_486' title='bbox 592 4005 717 4082; x_wconf 87' lang='lat' dir='ltr'>aliquem</span> <span class='ocrx_word' id='word_1_487' title='bbox 732 4006 878 4082; x_wconf 92' lang='lat' dir='ltr'>proprium</span> <span class='ocrx_word' id='word_1_488' title='bbox 898 4005 1013 4078; x_wconf 90' lang='lat' dir='ltr'>habent,</span> <span class='ocrx_word' id='word_1_489' title='bbox 1036 4024 1101 4080; x_wconf 77' lang='lat' dir='ltr'>quae</span> <span class='ocrx_word' id='word_1_490' title='bbox 1115 4013 1211 4061; x_wconf 91' lang='lat' dir='ltr'>tamen</span> <span class='ocrx_word' id='word_1_491' title='bbox 1226 4006 1357 4082; x_wconf 78' lang='lat' dir='ltr'>sejuncta</span> 
     </span>
     <span class='ocr_line' id='line_1_46' title="bbox 152 4083 1355 4160; baseline 0 -17"><span class='ocrx_word' id='word_1_492' title='bbox 152 4085 190 4143; x_wconf 93' lang='lat' dir='ltr'>ab</span> <span class='ocrx_word' id='word_1_493' title='bbox 204 4083 349 4160; x_wconf 88' lang='lat' dir='ltr'>adjunctis</span> <span class='ocrx_word' id='word_1_494' title='bbox 368 4083 427 4141; x_wconf 89' lang='lat' dir='ltr'>suis</span> <span class='ocrx_word' id='word_1_495' title='bbox 449 4103 561 4142; x_wconf 88' lang='lat' dir='ltr'>omnem</span> <span class='ocrx_word' id='word_1_496' title='bbox 583 4085 642 4142; x_wconf 91' lang='lat' dir='ltr'>vim</span> <span class='ocrx_word' id='word_1_497' title='bbox 665 4105 746 4142; x_wconf 86' lang='lat' dir='ltr'>suam</span> <span class='ocrx_word' id='word_1_498' title='bbox 768 4085 912 4143; x_wconf 85' lang='lat' dir='ltr'>amittunt.</span> <span class='ocrx_word' id='word_1_499' title='bbox 957 4085 1097 4142; x_wconf 86' lang='lat' dir='ltr'>Potentiae</span> <span class='ocrx_word' id='word_1_500' title='bbox 1120 4083 1266 4142; x_wconf 86' lang='lat' dir='ltr'>naturales</span> <span class='ocrx_word' id='word_1_501' title='bbox 1289 4105 1355 4143; x_wconf 90' lang='lat' dir='ltr'>con·</span> 
     </span>
     <span class='ocr_line' id='line_1_47' title="bbox 152 4162 1358 4240; baseline 0.003 -19"><span class='ocrx_word' id='word_1_502' title='bbox 152 4183 237 4222; x_wconf 80' lang='lat' dir='ltr'>noxae</span> <span class='ocrx_word' id='word_1_503' title='bbox 260 4171 327 4222; x_wconf 90' lang='lat' dir='ltr'>sunt</span> <span class='ocrx_word' id='word_1_504' title='bbox 348 4162 445 4240; x_wconf 88' lang='lat' dir='ltr'>quoad</span> <span class='ocrx_word' id='word_1_505' title='bbox 467 4162 658 4238; x_wconf 84' lang='lat' dir='ltr'>existentiam,</span> <span class='ocrx_word' id='word_1_506' title='bbox 683 4165 733 4222; x_wconf 86' lang='lat' dir='ltr'>sed</span> <span class='ocrx_word' id='word_1_507' title='bbox 748 4164 879 4223; x_wconf 80' lang='lat' dir='ltr'>discretae</span> <span class='ocrx_word' id='word_1_508' title='bbox 893 4163 989 4240; x_wconf 89' lang='lat' dir='ltr'>quoad</span> <span class='ocrx_word' id='word_1_509' title='bbox 1008 4163 1196 4240; x_wconf 89' lang='lat' dir='ltr'>operationes.</span> <span class='ocrx_word' id='word_1_510' title='bbox 1240 4163 1306 4224; x_wconf 86' lang='lat' dir='ltr'>Lux</span> <span class='ocrx_word' id='word_1_511' title='bbox 1329 4174 1358 4225; x_wconf 89' lang='lat' dir='ltr'>et</span> 
     </span>
     <span class='ocr_line' id='line_1_48' title="bbox 153 4242 1358 4320; baseline 0.002 -19"><span class='ocrx_word' id='word_1_512' title='bbox 153 4243 232 4301; x_wconf 84' lang='lat' dir='ltr'>calor</span> <span class='ocrx_word' id='word_1_513' title='bbox 246 4243 276 4300; x_wconf 92' lang='lat' dir='ltr'>iu</span> <span class='ocrx_word' id='word_1_514' title='bbox 291 4242 351 4302; x_wconf 89' lang='lat' dir='ltr'>sole</span> <span class='ocrx_word' id='word_1_515' title='bbox 366 4243 583 4320; x_wconf 87' lang='lat' dir='ltr'>conjunguntur</span> <span class='ocrx_word' id='word_1_516' title='bbox 603 4244 770 4318; x_wconf 86' lang='lat' dir='ltr'>arctissime,</span> <span class='ocrx_word' id='word_1_517' title='bbox 786 4245 836 4302; x_wconf 87' lang='lat' dir='ltr'>sed</span> <span class='ocrx_word' id='word_1_518' title='bbox 852 4245 913 4302; x_wconf 89' lang='lat' dir='ltr'>sola</span> <span class='ocrx_word' id='word_1_519' title='bbox 927 4253 1023 4302; x_wconf 87' lang='lat' dir='ltr'>tamen</span> <span class='ocrx_word' id='word_1_520' title='bbox 1037 4244 1088 4302; x_wconf 88' lang='lat' dir='ltr'>lux</span> <span class='ocrx_word' id='word_1_521' title='bbox 1104 4243 1255 4320; x_wconf 89' lang='lat' dir='ltr'>illuminat,</span> <span class='ocrx_word' id='word_1_522' title='bbox 1278 4245 1358 4304; x_wconf 90' lang='lat' dir='ltr'>solus</span> 
     </span>
     <span class='ocr_line' id='line_1_49' title="bbox 152 4323 1355 4401; baseline 0.002 -19"><span class='ocrx_word' id='word_1_523' title='bbox 152 4323 232 4382; x_wconf 88' lang='lat' dir='ltr'>calor</span> <span class='ocrx_word' id='word_1_524' title='bbox 253 4323 393 4382; x_wconf 79' lang='lat' dir='ltr'>calefacit.</span> <span class='ocrx_word' id='word_1_525' title='bbox 436 4323 575 4398; x_wconf 85' lang='lat' dir='ltr'>Quamvis</span> <span class='ocrx_word' id='word_1_526' title='bbox 590 4343 659 4400; x_wconf 88' lang='lat' dir='ltr'>crgo</span> <span class='ocrx_word' id='word_1_527' title='bbox 673 4333 784 4382; x_wconf 78' lang='lat' dir='ltr'>caeterae</span> <span class='ocrx_word' id='word_1_528' title='bbox 805 4325 927 4383; x_wconf 89' lang='lat' dir='ltr'>virtutos</span> <span class='ocrx_word' id='word_1_529' title='bbox 948 4344 1007 4380; x_wconf 90' lang='lat' dir='ltr'>non</span> <span class='ocrx_word' id='word_1_530' title='bbox 1025 4323 1185 4401; x_wconf 89' lang='lat' dir='ltr'>justificent</span> <span class='ocrx_word' id='word_1_531' title='bbox 1199 4345 1264 4382; x_wconf 91' lang='lat' dir='ltr'>cum</span> <span class='ocrx_word' id='word_1_532' title='bbox 1279 4324 1355 4400; x_wconf 73' lang='lat' dir='ltr'>fide3</span> 
     </span>
     <span class='ocr_line' id='line_1_50' title="bbox 154 4402 1357 4480; baseline 0.002 -20"><span class='ocrx_word' id='word_1_533' title='bbox 154 4403 220 4460; x_wconf 91' lang='lat' dir='ltr'>Non</span> <span class='ocrx_word' id='word_1_534' title='bbox 234 4413 331 4461; x_wconf 87' lang='lat' dir='ltr'>tamen</span> <span class='ocrx_word' id='word_1_535' title='bbox 345 4402 417 4462; x_wconf 81' lang='lat' dir='ltr'>fides</span> <span class='ocrx_word' id='word_1_536' title='bbox 431 4403 467 4461; x_wconf 91' lang='lat' dir='ltr'>iis</span> <span class='ocrx_word' id='word_1_537' title='bbox 481 4403 648 4462; x_wconf 84' lang='lat' dir='ltr'>absentibus</span> <span class='ocrx_word' id='word_1_538' title='bbox 662 4411 757 4480; x_wconf 89' lang='lat' dir='ltr'>potest</span> <span class='ocrx_word' id='word_1_539' title='bbox 767 4405 935 4480; x_wconf 85' lang='lat' dir='ltr'>justificare,</span> <span class='ocrx_word' id='word_1_540' title='bbox 954 4403 1044 4462; x_wconf 90' lang='lat' dir='ltr'>multo</span> <span class='ocrx_word' id='word_1_541' title='bbox 1059 4404 1153 4460; x_wconf 89' lang='lat' dir='ltr'>miuus</span> <span class='ocrx_word' id='word_1_542' title='bbox 1168 4405 1357 4480; x_wconf 74' lang='lat' dir='ltr'>praesentibus</span> 
     </span>
     <span class='ocr_line' id='line_1_51' title="bbox 153 4481 1357 4560; baseline 0.002 -20"><span class='ocrx_word' id='word_1_543' title='bbox 153 4483 232 4540; x_wconf 88' lang='lat' dir='ltr'>vitiis</span> <span class='ocrx_word' id='word_1_544' title='bbox 248 4483 399 4541; x_wconf 88' lang='lat' dir='ltr'>contrariis</span> <span class='ocrx_word' id='word_1_545' title='bbox 411 4504 418 4558; x_wconf 90' lang='lat'><strong>;</strong></span> <span class='ocrx_word' id='word_1_546' title='bbox 434 4483 502 4560; x_wconf 88' lang='lat' dir='ltr'>quia</span> <span class='ocrx_word' id='word_1_547' title='bbox 516 4481 588 4542; x_wconf 88' lang='lat' dir='ltr'>lides</span> <span class='ocrx_word' id='word_1_548' title='bbox 602 4503 660 4541; x_wconf 90' lang='lat' dir='ltr'>non</span> <span class='ocrx_word' id='word_1_549' title='bbox 674 4492 769 4560; x_wconf 86' lang='lat' dir='ltr'>potest</span> <span class='ocrx_word' id='word_1_550' title='bbox 784 4504 846 4542; x_wconf 89' lang='lat' dir='ltr'>esse</span> <span class='ocrx_word' id='word_1_551' title='bbox 858 4505 936 4560; x_wconf 87' lang='lat' dir='ltr'>vera,</span> <span class='ocrx_word' id='word_1_552' title='bbox 946 4484 1001 4542; x_wconf 90' lang='lat' dir='ltr'>nisi</span> <span class='ocrx_word' id='word_1_553' title='bbox 1016 4485 1044 4542; x_wconf 90' lang='lat' dir='ltr'>in</span> <span class='ocrx_word' id='word_1_554' title='bbox 1057 4484 1255 4542; x_wconf 89' lang='lat' dir='ltr'>commuuione</span> <span class='ocrx_word' id='word_1_555' title='bbox 1267 4485 1357 4542; x_wconf 90' lang='lat' dir='ltr'>virtu-</span> 
     </span>
     <span class='ocr_line' id='line_1_52' title="bbox 152 4561 1357 4640; baseline 0.002 -20"><span class='ocrx_word' id='word_1_556' title='bbox 152 4569 222 4637; x_wconf 90' lang='lat' dir='ltr'>tum,</span> <span class='ocrx_word' id='word_1_557' title='bbox 239 4583 303 4638; x_wconf 77' lang='lat' dir='ltr'>quse</span> <span class='ocrx_word' id='word_1_558' title='bbox 318 4562 342 4621; x_wconf 88' lang='lat' dir='ltr'>si</span> <span class='ocrx_word' id='word_1_559' title='bbox 357 4583 414 4620; x_wconf 89' lang='lat' dir='ltr'>uon</span> <span class='ocrx_word' id='word_1_560' title='bbox 430 4561 580 4622; x_wconf 87' lang='lat' dir='ltr'>conlemnt</span> <span class='ocrx_word' id='word_1_561' title='bbox 593 4563 689 4639; x_wconf 84' lang='lat' dir='ltr'>quoad</span> <span class='ocrx_word' id='word_1_562' title='bbox 699 4564 945 4640; x_wconf 85' lang='lat' dir='ltr'>justificationem,</span> <span class='ocrx_word' id='word_1_563' title='bbox 964 4563 1114 4622; x_wconf 80' lang='lat' dir='ltr'>conferunt</span> <span class='ocrx_word' id='word_1_564' title='bbox 1128 4571 1223 4622; x_wconf 84' lang='lat' dir='ltr'>tanrcu</span> <span class='ocrx_word' id='word_1_565' title='bbox 1238 4563 1274 4622; x_wconf 88' lang='lat' dir='ltr'>ad</span> <span class='ocrx_word' id='word_1_566' title='bbox 1289 4564 1357 4624; x_wconf 88' lang='lat' dir='ltr'>fidei</span> 
     </span>
     <span class='ocr_line' id='line_1_53' title="bbox 152 4641 1094 4720; baseline 0.003 -21"><span class='ocrx_word' id='word_1_567' title='bbox 152 4641 335 4701; x_wconf 86' lang='lat' dir='ltr'>existentiam</span> <span class='ocrx_word' id='word_1_568' title='bbox 350 4652 379 4702; x_wconf 86' lang='lat' dir='ltr'>et</span> <span class='ocrx_word' id='word_1_569' title='bbox 395 4643 492 4717; x_wconf 88' lang='lat' dir='ltr'>vitam,</span> <span class='ocrx_word' id='word_1_570' title='bbox 509 4661 594 4718; x_wconf 89' lang='lat' dir='ltr'>quam</span> <span class='ocrx_word' id='word_1_571' title='bbox 609 4643 762 4720; x_wconf 77' lang='lat' dir='ltr'>praesentia</span> <span class='ocrx_word' id='word_1_572' title='bbox 775 4644 912 4702; x_wconf 91' lang='lat' dir='ltr'>vitiorum</span> <span class='ocrx_word' id='word_1_573' title='bbox 926 4645 1094 4703; x_wconf 89' lang='lat' dir='ltr'>destrueret.</span> 
     </span>
    </p>

    <p class='ocr_par' dir='ltr' id='par_1_5' title="bbox 194 4722 1357 4802">
     <span class='ocr_line' id='line_1_54' title="bbox 194 4722 1357 4802; baseline 0.003 -22"><span class='ocrx_word' id='word_1_574' title='bbox 194 4722 265 4782; x_wconf 89' lang='lat' dir='ltr'>XV.</span> <span class='ocrx_word' id='word_1_575' title='bbox 297 4722 387 4782; x_wconf 87' lang='lat' dir='ltr'>Aliud</span> <span class='ocrx_word' id='word_1_576' title='bbox 402 4732 445 4782; x_wconf 87' lang='lat' dir='ltr'>est</span> <span class='ocrx_word' id='word_1_577' title='bbox 461 4722 643 4782; x_wconf 84' lang='lat' dir='ltr'>dilectionem</span> <span class='ocrx_word' id='word_1_578' title='bbox 665 4723 833 4800; x_wconf 84' lang='lat' dir='ltr'>peccatricis</span> <span class='ocrx_word' id='word_1_579' title='bbox 847 4743 910 4781; x_wconf 85' lang='lat' dir='ltr'>csse</span> <span class='ocrx_word' id='word_1_580' title='bbox 925 4743 1039 4782; x_wconf 88' lang='lat' dir='ltr'>causam</span> <span class='ocrx_word' id='word_1_581' title='bbox 1060 4724 1236 4783; x_wconf 84' lang='lat' dir='ltr'>remissionis</span> <span class='ocrx_word' id='word_1_582' title='bbox 1257 4743 1357 4802; x_wconf 85' lang='lat' dir='ltr'>pecca·</span> 
     </span>
    </p>
   </div>
   <div class='ocr_carea' id='block_1_3' title="bbox 161 2869 382 2974">
    <p class='ocr_par' dir='ltr' id='par_1_6' title="bbox 161 2869 382 2974">
     <span class='ocr_line' id='line_1_55' title="bbox 161 2869 382 2917; baseline 0 0"><span class='ocrx_word' id='word_1_583' title='bbox 161 2872 253 2917; x_wconf 84' lang='lat' dir='ltr'>Fontes</span> <span class='ocrx_word' id='word_1_584' title='bbox 276 2869 382 2916; x_wconf 87' lang='lat' dir='ltr'>Solutio·</span> 
     </span>
     <span class='ocr_line' id='line_1_56' title="bbox 240 2943 307 2974; baseline -0.015 -1"><span class='ocrx_word' id='word_1_585' title='bbox 240 2943 307 2974; x_wconf 88' lang='lat' dir='ltr'>num.</span> 
     </span>
    </p>
   </div>
   <div class='ocr_carea' id='block_1_4' title="bbox 0 0 1586 5198">
    <p class='ocr_par' dir='ltr' id='par_1_7' title="bbox 0 0 1586 5198">
     <span class='ocr_line' id='line_1_57' title="bbox 0 0 1586 5198; baseline 0 0"><span class='ocrx_word' id='word_1_586' title='bbox 0 0 1586 5198; x_wconf 95' lang='lat' dir='ltr'> </span> 
     </span>
    </p>
   </div>
  </div>
 </body>
</html>
