3152 5198
665 367 756 408 rocus
779 365 908 407 sacrans
931 365 1051 408 sexsus.
1283 348 1452 428 [cussum.

728 587 922 662 QUAESTIO
944 589 1004 646 IX.

624 767 663 807 DE
684 767 823 806 TEMPORE
844 766 1103 808 Jusutrtcsmorns.

270 912 316 968 An
330 908 500 988 Jusn'yicatio
506 910 591 982 sacta
604 907 641 964 sit
653 907 689 965 ab
703 917 817 982 remano,
836 909 884 968 An
900 913 958 981 fiat
979 909 1008 966 r'n
1033 909 1193 985 Tempore!
1235 909 1280 966 Et
1293 909 1340 967 Aa
1352 909 1461 966 sacru

614 987 755 1064 indivisus,
770 988 881 1068 quifiot
894 989 978 1046 citarat
991 998 1017 1048 et
1029 991 1140 1047 semet!

303 1149 326 1206 Ι.
350 1147 445 1205 Variae
461 1153 528 1205 sunt
542 1147 618 1205 circa
632 1147 829 1223 Quaestionem
839 1148 914 1206 hane
927 1148 1144 1226 Theologorum
1159 1149 1323 1208 sententiae.
1351 1145 1460 1222 Quidam

260 1227 433 1306 pertendunt
446 1246 509 1285 esse
523 1235 619 1286 actum
634 1229 837 1288 immanentem
851 1228 881 1286 in
896 1228 968 1304 Deo,
984 1230 1035 1306 qui
1049 1229 1142 1288 factus
1157 1228 1194 1286 sit
1207 1228 1246 1287 ab
1261 1239 1389 1302 aeterno;
1410 1224 1459 1283 tui

260 1328 323 1366 esse
338 1316 534 1366 transeuntem
549 1308 601 1384 qui
614 1309 784 1367 terminetur
796 1308 827 1366 in
850 1308 943 1383 nobis,
956 1317 984 1367 at
999 1309 1050 1385 qui
1064 1311 1116 1367 fiat
1138 1309 1256 1367 demum
1282 1309 1314 1366 in
1337 1317 1458 1382 tempore,

260 1397 289 1446 et
300 1388 327 1444 in
339 1387 393 1445 lrao
405 1387 474 1446 vita.
498 1387 558 1446 Nee
573 1386 678 1448 desunt
688 1389 738 1466 qui
748 1388 857 1446 vellent
870 1408 934 1446 eam
956 1389 1061 1447 deferri
1075 1389 1114 1447 ad
1127 1388 1321 1447 novissimum
1335 1397 1364 1446 et
1377 1386 1460 1444 decre·
1527 1393 1528 1400 ’

260 1468 366 1526 torium
380 1467 466 1542 diem,
481 1487 538 1544 quo
550 1467 670 1526 sistendi
685 1477 752 1528 sunt
765 1487 865 1527 omnes
880 1489 975 1527 coram
991 1469 1141 1527 Tribunali
1160 1469 1270 1528 Christi
1282 1469 1424 1527 solennem
1437 1474 1459 1520 et

260 1549 405 1626 publicam
420 1549 591 1606 sententiam
605 1548 795 1608 absolutionis
809 1548 857 1607 vel
880 1548 1128 1608 condemnationis
1142 1567 1179 1607 ex
1193 1568 1244 1606 ore
1259 1551 1325 1627 ejus
1339 1544 1458 1605 audituri.

261 1629 344 1688 Licet
354 1649 423 1687 vero
438 1629 571 1705 utrinque
586 1648 743 1688 consensus
758 1629 795 1686 sit
808 1628 839 1685 iu
852 1629 893 1686 roi
909 1629 1078 1704 substantia,
1100 1637 1130 1688 et
1153 1628 1306 1688 dissensus
1320 1635 1425 1687 tautum
1437 1623 1460 1678 in

261 1709 346 1768 modo
361 1709 421 1784 rei;
444 1728 502 1766 non
516 1729 615 1786 parum
630 1709 750 1768 interest
765 1717 860 1767 tamen
875 1708 912 1767 ad
927 1717 1089 1767 accuratam
1114 1709 1155 1768 rei
1180 1709 1387 1784 cognitionem,
1401 1701 1459 1780 quid

261 1789 307 1847 bio
323 1788 505 1848 sentiendum
517 1789 555 1848 sit
568 1809 663 1847 nosse.

303 1869 346 1928 ΙΙ.
369 1869 467 1927 Prima
482 1870 625 1927 sententia
638 1889 737 1927 eorum
751 1877 804 1943 ast,
820 1868 870 1945 qui
891 1868 994 1927 volunt
1018 1868 1040 1928 J
1042 1868 1266 1927 ustificstionem
1282 1867 1395 1927 natales
1408 1881 1462 1920 nos·

260 1958 320 2008 tros
335 1949 524 2026 praecessisse,
540 1959 569 2008 et
583 1949 687 2007 factam
701 1948 790 2008 fuisse
805 1949 841 2008 ab
856 1957 972 2023 aeterno,
988 1949 1057 2024 quia
1071 1948 1237 2025 concipiunt
1252 1969 1318 2007 eam
1332 1955 1365 2006 ut
1376 1952 1458 2004 aetum

261 2029 465 2088 immanentem
479 2029 509 2086 in
525 2030 588 2088 Deo
602 2039 631 2088 et
645 2029 798 2088 internum.
841 2029 882 2087 Ut
895 2049 965 2087 vero
976 2029 1049 2087 nibil
1063 2029 1099 2087 de
1124 2049 1201 2087 novo
1225 2028 1365 2088 accedere
1379 2031 1459 2102 potest

262 2110 325 2168 Deo
340 2110 370 2167 in
384 2117 521 2187 tempore,
534 2110 596 2185 jam
610 2110 639 2167 in
653 2109 717 2186 ipso
728 2109 764 2168 ab
779 2117 886 2166 aeterno
901 2108 1005 2166 factam
1026 2107 1114 2167 luisse
1137 2119 1268 2183 censent,
1294 2117 1324 2167 et
1341 2105 1404 2164 fidei
1418 2101 1457 2160 tri·

259 2190 309 2248 bui
325 2197 437 2247 tantum
451 2190 548 2266 quoad
562 2189 692 2248 notitiam
718 2198 747 2248 at
772 2209 897 2264 sensum,
913 2189 981 2265 quia
995 2208 1049 2247 nos
1064 2189 1094 2246 in
1115 2188 1178 2264 ejus
1193 2189 1329 2248 notitiam
1341 2184 1423 2256 ducit,
1435 2190 1458 2236 et
1526 2249 1527 2256 ἵ

261 2269 296 2327 de
312 2269 362 2326 illa
376 2275 470 2326 certos
484 2288 537 2328 nos
551 2269 656 2328 reddit.
1444 2339 1458 2394 b
1526 2261 1527 2282 ¹

258 2387 502 2488 'narrans
523 2348 877 2499 ..ltabtlttttt
893 2349 1456 2507 tltttttttttttlttt.

289 2505 430 2549 absterso.
521 2505 573 2582 git,
589 2506 668 2582 quod
681 2507 719 2564 ab
733 2507 795 2582 ipso
810 2508 997 2566 constitutum
1013 2529 1071 2567 non
1085 2509 1168 2568 sitab
1183 2519 1310 2587 aeterno;
1347 2507 1456 2578 Nonpu·
1526 2547 1527 2562 2

258 2601 355 2650 tamus
369 2597 466 2648 tamen
477 2596 608 2645 accurate
623 2586 776 2664 loquendo,
792 2587 813 2646 J
816 2587 1036 2647 ustificationem
1048 2589 1139 2667 ipsam
1154 2608 1238 2666 posse
1252 2589 1314 2649 diei
1328 2597 1457 2646 aeternam.

262 2671 336 2747 Quia
350 2669 430 2729 aliud
444 2678 488 2728 est
501 2667 647 2727 decretum
659 2665 884 2741 justificationis,
901 2668 980 2726 alind
1003 2669 1067 2746 ipsa
1086 2669 1266 2743 justificatio,
1279 2681 1315 2730 ut
1336 2663 1411 2726 aliud
1423 2669 1457 2716 ost
1527 2679 1528 2700 .

260 2753 397 2810 voluutas
408 2748 541 2808 salvandi
555 2757 584 2806 et
607 2747 814 2822 sanctificandi,
838 2747 918 2806 aliud
939 2768 1009 2807 vero
1035 2749 1114 2807 salus
1139 2758 1168 2808 et
1187 2748 1377 2808 sanctificatio
1390 2743 1456 2819 ipsa:

261 2832 397 2889 voluntas
411 2850 463 2888 seu
477 2830 621 2888 decretum
638 2828 673 2886 de
688 2828 860 2905 quibusdam
871 2827 1074 2902 justificandis,
1092 2839 1228 2888 aetcmum
1243 2829 1362 2906 quidem
1375 2833 1422 2890 est
1435 2829 1457 2874 ⁹¹

261 2911 347 2969 fidem
362 2911 454 2988 ipsam
468 2908 622 2986 praecedit;
644 2909 696 2967 scd
711 2907 772 2986 ipsa
786 2909 907 2966 actualis
916 2908 1087 2981 justificatio
1100 2910 1134 2968 fit
1148 2909 1178 2967 in
1189 2918 1328 2987 tempore,
1338 2915 1367 2966 at
1383 2903 1455 2960 fidem

262 2991 400 3050 aeuitur.

295 3011 358 3130 qIV.
382 3070 524 3144 Secundo,
536 3069 644 3129 Paulus
659 3090 794 3148 expresse
808 3070 864 3128 hoc
879 3071 1028 3128 confirmat
1042 3069 1072 3128 in
1087 3079 1189 3128 catena
1207 3069 1319 3146 salutis,
1333 3060 1456 3126 beneficis

262 3173 327 3229 quae
341 3172 379 3210 ex
391 3160 497 3209 aeterno
514 3150 569 3208 Dei
583 3170 679 3209 amore
694 3150 724 3207 in
740 3151 857 3209 Electoa
871 3159 989 3208 manant
1010 3148 1110 3208 ordina
1132 3169 1293 3223 recensens,
1311 3149 1360 3208 ubi
1376 3143 1456 3202 Voca-

262 3233 370 3290 tionom
385 3231 525 3308 praeponit
539 3230 560 3289 J
563 3230 755 3305 ustificationi,
772 3240 907 3306 tanquam
923 3229 1033 3306 aliquid
1047 3230 1229 3305 antecedens,
1246 3230 1332 3288 Rom.
1347 3225 1404 3286 viii.
1417 3221 1455 3285 305

265 3313 343 3378 Qrcos
357 3312 472 3386 vocavit,
486 3331 531 3368 eos
538 3311 710 3388 justificavit.
754 3311 815 3369 Nec
829 3310 886 3368 alio
900 3309 1023 3368 tendunt
1037 3309 1117 3368 varia
1130 3309 1182 3368 illa
1195 3309 1267 3383 loca,
1283 3309 1336 3370 ubi
1349 3305 1456 3366 dicimur

262 3411 313 3467 per
326 3390 412 3448 fidem
427 3399 457 3448 et
470 3390 526 3448 fide
536 3389 699 3464 justificari,
716 3409 801 3466 quam
816 3397 849 3448 ut
863 3390 984 3448 doceant
997 3389 1084 3448 fidem
1105 3409 1169 3448 esse
1193 3389 1303 3466 aliquid
1315 3389 1352 3447 ad
1361 3379 1455 3462 justifi-

262 3471 404 3527 nationem
419 3469 657 3545 praerequisitam.
700 3469 785 3543 Quod
798 3469 856 3528 diei
870 3489 928 3528 non
942 3479 1040 3546 posset
1064 3469 1089 3527 si
1109 3469 1279 3546 justificatio
1303 3469 1342 3528 ab
1364 3473 1455 3525 anno

262 3549 338 3606 iacta
353 3547 464 3605 fuisset.
507 3548 580 3604 Nam
596 3549 657 3606 liaeo
672 3548 708 3605 ad
724 3569 839 3608 sensum
861 3559 972 3608 tantum
979 3549 1196 3624 justificationis
1219 3549 1325 3608 referre
1348 3547 1454 3605 dilutum
1526 3607 1527 3618 ἢ

261 3635 314 3702 est
330 3635 390 3686 eta
406 3626 488 3684 Pauli
503 3635 598 3683 mente
613 3627 748 3685 alienum.
1526 3627 1527 3656 r

303 3707 340 3767 V.
363 3705 470 3781 Terti0,
488 3705 542 3764 lici
556 3705 650 3780 ipsius
668 3713 772 3764 natura
792 3708 847 3765 hoc
869 3709 985 3768 evincit.
1029 3709 1100 3769 Cum
1116 3711 1193 3768 enim
1216 3707 1399 3776 sacrificatio,
1414 3713 1454 3756 ³⁰11
1524 3761 1525 3766 ,

263 3787 405 3848 Remissio
427 3795 619 3865 peecatorum,
636 3785 770 3861 importet
791 3789 955 3847 necessario
975 3789 1174 3848 liberationem
1189 3790 1225 3848 ab
1240 3789 1411 3865 obligatione
1424 3771 1453 3866 “l

261 3889 376 3947 poenam
391 3889 477 3946 quam
498 3875 616 3945 peccata
636 3866 838 3940 merebantur;
861 3887 914 3926 neo
938 3869 1091 3945 quisquam
1116 3889 1179 3927 carn
1204 3870 1295 3947 possit
1323 3875 1452 3935 consequl

261 3950 317 4008 nisi
332 3950 426 4027 posita
439 3948 497 4007 fida
524 3955 553 4006 et
594 3946 761 4022 oenitentia;
784 3946 875 4023 liquet
895 3949 982 4006 talern
1001 3950 1238 4026 justificationem
1259 3969 1317 4008 nou
1341 3941 1453 4026 potuissit

261 4029 323 4088 fieri
337 4030 374 4087 ab
399 4038 514 4104 aeterno,
532 3967 709 4087 sedtantum
733 4027 764 4084 in
782 4035 920 4104 tempore,
936 4047 1026 4104 quum
1048 4030 1134 4088 homo
1149 4040 1215 4089 actu
1230 4029 1322 4088 eredit
1335 4037 1364 4087 et
1377 4017 1453 4103 poefll·

262 4109 379 4166 tentiam
395 4111 464 4186 agit.
507 4108 591 4166 Alias
613 4116 781 4185 sequeretur
804 4128 878 4182 eum,
904 4108 955 4184 qui
975 4109 1153 4185 justificatus
1167 4118 1219 4186 est,
1246 4119 1275 4168 et
1295 4128 1346 4186 per
1369 4115 1452 4165 const·

261 4209 353 4266 quens
375 4189 488 4247 transiit
510 4209 528 4246 a
549 4195 640 4246 morte
663 4187 813 4262 advitam,
829 4195 858 4246 et
882 4187 959 4246 filius
981 4189 1035 4246 Dei
1062 4189 1155 4248 factus
1176 4199 1228 4266 est,
1251 4199 1280 4249 et
1294 4191 1384 4246 haeres
1397 4179 1452 4239 vill!

261 4277 384 4342 sternas,
401 4269 494 4325 adhuc
509 4284 624 4325 manere
639 4267 669 4324 in
684 4274 783 4343 morte,
800 4277 829 4326 et
843 4287 907 4326 esse
921 4267 1012 4325 filiurn
1027 4269 1094 4344 irae;
1110 4270 1178 4346 quia
1192 4270 1242 4346 qui
1256 4267 1382 4328 nondum
1396 4275 1451 4321 con·

261 4368 362 4408 versus
377 4356 429 4422 est,
446 4347 518 4406 etin
537 4355 656 4423 peccato
666 4347 753 4422 jacet,
769 4355 866 4406 manet
879 4348 909 4405 in
930 4357 1030 4420 morte,
1055 4351 1070 4406 1
1087 4349 1160 4410 Job.
1185 4351 1225 4409 iii.
1253 4354 1299 4426 14,
1315 4355 1343 4406 et
1358 4353 1399 4407 est
1423 4353 1452 4394 ΘΧ

262 4427 394 4500 Diabolo,
413 4430 427 4485 1
444 4426 514 4486 Joh.
530 4426 569 4484 iii.
586 4429 612 4499 8,
629 4427 658 4483 in
674 4435 751 4484 statu
765 4426 965 4502 damnationis,
984 4427 1049 4486 Gal.
1072 4449 1100 4487 v.
1116 4433 1164 4488 21.

301 4507 356 4565 Vl.
370 4505 502 4582 Denique
508 4525 573 4564 oum
581 4505 751 4580 justificatio
757 4506 795 4564 sit
802 4505 1219 4582 Deibeneticium,beneficium
1230 4517 1325 4569 autem
1335 4525 1389 4566 non
1399 4515 1451 4580 pot·

260 4585 298 4641 sit
307 4585 343 4660 ad
353 4603 406 4642 nos
416 4586 546 4656 transire,
555 4585 695 4659 nobisque
705 4595 770 4643 actu
783 4584 912 4660 conferri,
925 4586 982 4644 nisi
991 4587 1021 4644 in
1030 4585 1316 4666 tempore,patetnon
1329 4607 1389 4647 esse
1398 4595 1453 4640 0⁰¹¹·

259 4661 420 4734 cipiendsm
436 4663 472 4720 ad
488 4663 605 4720 nrodnrn
620 4671 702 4720 nctus
717 4663 908 4738 immanentis,
925 4675 953 4723 et
967 4667 1071 4724 interni
1094 4669 1123 4725 in
1141 4671 1211 4742 Dec,
1233 4669 1283 4726 sed
1298 4669 1334 4727 sd
1349 4661 1451 4724 modum
