3186 5210
1345 31 1355 64 1

250 295 308 354 560
626 302 720 342 LOCUS
735 301 868 342 DECIMUS
883 301 1004 342 SEXTUS.
1279 283 1408 365 [QUAEST.
1425 307 1457 348 11.

249 455 328 511 tibus
343 448 459 508 anobis
476 443 717 520 apprehenditur,
732 442 806 499 dum
819 459 872 515 per
886 457 980 499 novos
993 440 1063 498 fidei
1084 448 1168 498 aetus
1183 439 1293 498 Christi
1316 445 1456 502 meritum

249 531 335 589 nobis
359 526 485 584 subinde
509 523 692 599 applicamus
716 521 745 576 in
760 518 926 576 remedium
947 519 1192 594 quotidianorum
1212 527 1401 593 peccatorum
1426 525 1455 580 in

249 628 316 685 quae
337 604 524 662 incurrimus.
576 600 643 657 Imo
661 599 730 655 licet
754 597 964 654 concederetur
984 598 1032 655 hic
1051 597 1181 670 intelligi
1198 597 1325 671 justitiae
1347 603 1457 659 exerci-

248 687 334 756 tium,
351 683 426 740 utin
441 679 517 738 ΜΒ.
528 679 658 736 habetur
672 682 806 732 >asanaa
818 683 945 745 «ennean,
954 683 989 731 ut
998 683 1167 750 opponatur
1181 675 1277 732 verbis
1288 679 1457 752 praeceden-

245 765 335 832 tibus,
351 761 402 837 qai
423 761 546 835 injustas
567 768 616 827 est,
630 757 752 831 injustas
775 755 812 812 sit
830 755 922 829 mayis
935 775 947 817 ,·
968 751 1040 810 Non
1064 752 1132 810 ideo
1147 753 1293 812 obtinebit
1311 758 1457 816 sententia

249 841 483 899 Pontificiorum.

288 919 387 977 XIII.
410 913 584 990 Justifleatt’o
608 911 697 987 impii,
719 913 757 968 de
782 929 844 985 qua
867 911 982 968 Paulus
1005 910 1149 984 loquitur,
1174 908 1261 967 Rom.
1283 911 1322 968 iv.
1345 912 1372 982 5,
1394 931 1455 971 non

248 999 336 1056 dehet
359 994 461 1052 referri
483 993 521 1049 ad
541 991 666 1065 justitiae
691 989 853 1047 habitualis
875 988 1054 1045 infusionem
1078 995 1132 1045 ant
1153 987 1377 1060 incrementum,
1403 995 1455 1050 sed

247 1077 376 1150 pertinet
390 1073 428 1129 ad
442 1069 646 1128 remissionem
660 1075 858 1144 peccatorum,
873 1074 908 1123 ut
921 1067 959 1123 ab
975 1066 1123 1140 Apostolo
1138 1083 1175 1120 ex
1195 1065 1313 1124 Davide
1327 1069 1455 1143 explica-

246 1161 305 1210 tur.
348 1151 416 1207 Imo
430 1168 491 1205 non
504 1148 582 1204 foret
591 1147 765 1221 justificatio
779 1147 872 1220 impii,
887 1145 910 1201 si
925 1145 985 1201 alio
1000 1162 1088 1200 sensu
1103 1152 1279 1215 sumeretur,
1294 1164 1385 1220 quam
1399 1166 1453 1222 pro

245 1229 432 1287 absolutione
443 1226 580 1302 judiciali
593 1227 624 1282 in
638 1227 747 1283 throno
761 1224 873 1297 gratiae.
903 1222 1014 1280 Fateor
1025 1221 1122 1278 Deum
1135 1222 1314 1280 declarando
1323 1224 1451 1297 justum,

246 1309 354 1365 debere
368 1306 458 1364 etiam
472 1323 507 1362 eo
522 1305 586 1379 ipso
600 1304 697 1362 facere
706 1303 834 1376 justum,
849 1309 884 1358 ut
900 1301 1049 1374 judicium
1062 1299 1128 1373 ejus
1142 1299 1180 1356 sit
1200 1303 1363 1358 secundum
1376 1306 1454 1360 veri-

246 1394 348 1444 tatem.
391 1385 450 1443 Sed
464 1386 554 1440 homo
568 1389 666 1457 potest
679 1381 742 1438 fieri
759 1379 860 1451 justus
874 1378 1022 1448 bifariam,
1036 1378 1084 1434 vel
1107 1377 1139 1435 in
1157 1395 1196 1448 se,
1211 1379 1260 1434 vel
1274 1379 1305 1435 in
1319 1380 1388 1451 alio,
1404 1385 1453 1440 vel

246 1483 285 1522 ex
300 1464 389 1538 Lege,
404 1464 452 1519 vel
466 1481 503 1518 ex
518 1459 693 1533 Evangelio.
729 1458 811 1516 Deus
824 1475 895 1531 ergo
904 1457 1023 1531 justum
1036 1455 1116 1526 facit,
1131 1473 1220 1530 quem
1230 1457 1381 1529 justificat,
1391 1478 1455 1517 non

245 1543 276 1598 in
301 1561 340 1612 se,
366 1541 452 1616 quusi
476 1558 512 1596 ex
536 1537 648 1595 intuitu
666 1535 791 1610 justitia
813 1534 984 1592 inhaerentis
1001 1535 1118 1608 justum
1144 1534 1316 1606 declararet,
1340 1539 1391 1593 sed
1416 1557 1456 1596 ex

245 1621 358 1678 intuitu
378 1619 503 1693 justitiae
517 1616 671 1691 imputata
685 1614 717 1670 in
733 1613 858 1672 Christo.
894 1612 1090 1669 Abominatio
1104 1611 1226 1686 quidem
1246 1621 1292 1670 est
1316 1613 1337 1670 J
1339 1616 1454 1690 ehovae,

245 1699 298 1774 qui
316 1699 460 1773 justificat
473 1695 598 1768 impium
620 1693 695 1752 citra
707 1693 838 1750 debitam
862 1689 1105 1759 satisfactionem,
1120 1691 1171 1746 sed
1195 1689 1277 1748 Deus
1292 1693 1348 1750 hoc
1361 1711 1456 1752 sensu

245 1779 365 1833 nullum
379 1775 503 1849 impium
513 1772 667 1846 justificat,
681 1772 752 1827 dato
766 1771 852 1828 nobis
873 1770 906 1825 in
929 1769 1109 1844 Sponsorem
1132 1767 1258 1840 Christo,
1274 1771 1327 1845 qui
1347 1791 1454 1846 poenas

245 1854 332 1911 nobis
347 1854 462 1910 debitas
475 1852 505 1907 in
521 1869 551 1907 se
566 1849 683 1924 recepit.

284 1932 376 1989 XIV.
393 1930 457 1988 Etsi
466 1930 603 2004 quaedam
612 1945 698 1985 voces
707 1927 841 2002 ejusdem
850 1924 962 1982 ordinis
973 1944 1041 1982 cum
1047 1924 1259 2000 justificatione
1267 1927 1457 1990 effectionem

243 2011 275 2066 in
300 2010 434 2084 subjecto
456 2009 620 2081 designent,
635 2024 695 2063 non
719 2008 823 2063 eadem
845 2011 890 2061 est
910 2003 996 2060 istius
1017 2004 1102 2074 ratio,
1124 2022 1201 2077 qma,
1217 2005 1291 2063 alias
1314 2009 1455 2082 barbara,

242 2089 508 2146 latinitatedonata
518 2092 564 2142 est
574 2087 611 2141 ad
624 2083 959 2158 exprimendamvimeot
970 2100 1048 2153 parsu
1061 2091 1090 2139 et
1099 2088 1200 2150 tamna,
1207 2101 1335 2157 quarum
1343 2095 1456 2147 neutra

242 2184 363 2224 sensum
377 2165 533 2240 physicum
547 2162 687 2220 admittit.
724 2162 773 2220 Sic
785 2161 1011 2235 magnificamus
1023 2169 1053 2218 et
1061 2160 1261 2234 justificamus
1273 2162 1380 2236 Deum,
1390 2183 1454 2223 non

242 2261 279 2298 ex
290 2261 383 2316 parvo
397 2259 550 2314 magnum,
561 2241 608 2296 vel
622 2259 659 2296 ex
673 2239 786 2313 injusto
796 2241 914 2313 justum
923 2239 1069 2311 faciendo,
1081 2239 1133 2296 aed
1144 2245 1261 2297 tantum
1271 2241 1455 2302 declarativa

241 2337 311 2376 eum
326 2325 361 2374 ut
374 2319 465 2375 talem
479 2319 666 2374 celebrando.

711 2473 913 2543 QUAESTIO
936 2474 982 2533 II.

239 2637 303 2694 An'
320 2653 408 2691 causo
434 2631 586 2710 impulsiva
615 2642 641 2689 et
668 2631 830 2700 meritoria,
853 2645 978 2708 propter
1005 2654 1092 2712 qaam
1112 2635 1195 2690 bomo
1216 2633 1401 2710 justificatur
1422 2639 1453 2694 in

280 2710 531 2850 gdtndtlcdopjbgilhdit
545 2711 668 2770 Justitia
687 2713 829 2769 intrarem
849 2711 928 2770 nobb
948 2711 1057 2787 infusa,
1072 2712 1202 2772 veihona
1223 2709 1343 2788 Opera!
1371 2715 1404 2772 N
1405 2735 1452 2790 eg.

280 2951 306 3008 I.
323 2949 399 3010 Cum
408 2969 445 3008 ex
453 2950 632 3025 praecadenti
641 2949 814 3018 Quaestione
822 2957 1045 3008 constetvooem
1051 2947 1452 3024 justificationisesseforan-

239 3047 310 3100 sem,
319 3038 350 3088 et
354 3028 539 3103 judicialiter
550 3028 580 3085 in
592 3030 648 3086 hoc
658 3029 779 3102 negotio
789 3028 875 3098 sumi,
886 3028 958 3104 quia
966 3028 1066 3102 agitur
1074 3029 1111 3084 de
1120 3027 1210 3084 modo
1219 3045 1279 3100 quo
1290 3029 1450 3090 subsistere

240 3116 337 3182 potest
350 3111 440 3165 homo
455 3114 592 3181 peccator
604 3125 703 3164 coram
713 3106 831 3180 judicio
846 3107 912 3176 Dei,
927 3113 958 3164 et
970 3105 1089 3162 veniam
1101 3112 1290 3180 peccatorum
1300 3125 1369 3164 cum
1379 3111 1451 3184 jure

239 3189 278 3243 ad
293 3187 386 3243 vitam
398 3185 546 3254 obtinere;
564 3184 784 3260 Inquirendum
794 3192 839 3241 est
852 3193 922 3242 anta
934 3184 1041 3252 omnia,
1054 3185 1207 3260 quodnam
1221 3183 1259 3238 sit
1272 3183 1450 3246 fundamen-

240 3272 305 3321 tum
314 3265 400 3320 istius
413 3263 435 3319 J
437 3263 650 3335 ustificationis‚
666 3281 719 3320 seu
732 3281 872 3336 quaenam
886 3263 924 3320 sit
933 3279 1003 3319 vera
1014 3269 1044 3318 et
1051 3261 1172 3336 propria
1185 3279 1275 3318 causa
1287 3263 1448 3340 meritoria,

240 3341 326 3414 eujus
340 3341 452 3398 iutuitu
466 3358 484 3397 a
498 3339 563 3398 Deo
578 3341 744 3398 absolvitur
757 3359 776 3398 a
795 3341 930 3416 peccatis,
945 3347 975 3398 et
995 3341 1034 3398 ad
1047 3341 1141 3397 vitam
1162 3339 1361 3413 adjudicatur.
1403 3345 1450 3403 De

240 3435 301 3492 qua
314 3417 410 3491 primo
425 3429 478 3472 ω’
491 3428 552 3492 agea
565 3437 604 3476 ex
618 3419 758 3476 methodo
781 3418 909 3476 Paulina
931 3418 1091 3492 agendum,
1106 3424 1141 3473 ut
1155 3417 1317 3490 videamus,
1335 3418 1373 3478 In
1387 3441 1449 3498 quo

240 3513 301 3552 non
315 3495 456 3552 consistat
464 3517 472 3566 ;
494 3499 624 3553 meundo
639 3506 704 3551 nasa
717 3505 787 3566 stetu,
804 3498 840 3554 ln
855 3517 916 3572 quo
930 3498 1087 3554 statuenda
1101 3494 1149 3551 sit.

538 3573 584 3632 II.
608 3575 836 3633 Observandum
847 3583 946 3632 autem
957 3575 1005 3630 hic
1016 3574 1046 3630 in
1058 3580 1251 3643 antecessum,
1263 3574 1360 3634 Deum
1370 3585 1450 3638 tama

495 3661 571 3723 »μὴν
584 3670 644 3710 non
664 3671 750 3726 posse
771 3669 952 3727 quemquam
970 3653 1088 3725 justum
1108 3652 1314 3726 pronunciare,
1329 3664 1359 3713 et
1377 3659 1449 3732 jure

498 3731 536 3786 ad
550 3731 643 3788 vitam
657 3731 778 3800 donare,
793 3731 850 3786 nisi
872 3730 985 3786 iutuitu
1005 3729 1131 3803 justitiae
1151 3729 1279 3802 alicujus
1300 3735 1447 3808 perfectas,

241 3827 308 3883 quae
324 3806 517 3864 necessariam
531 3826 599 3864 cum
614 3807 676 3865 vita
689 3808 904 3864 connexionem
918 3807 1027 3878 habet;
1049 3807 1107 3866 Sed
1125 3807 1274 3882 justitiam
1288 3813 1372 3870 illam
1386 3833 1449 3874 non

241 3905 303 3944 esse
317 3887 407 3943 unius
421 3886 546 3960 generis.
589 3885 671 3944 Nam
685 3893 720 3942 ut
733 3887 795 3942 duo
810 3893 881 3943 sunt
896 3887 1029 3956 Foedera,
1043 3905 1111 3960 quse
1127 3885 1210 3944 Deus
1231 3905 1299 3945 cunr
1320 3891 1450 3952 homini-

241 3965 298 4021 bus
312 3965 418 4037 pacisci
431 3965 537 4037 voluit,
547 3965 658 4039 Legale
672 3981 776 4034 unum,
787 3973 817 4022 et
830 3964 940 4023 Gratia
955 3965 1102 4032 alterum3
1126 3963 1175 4021 Ita
1188 3972 1219 4020 et
1232 3965 1323 4024 datur
1336 3971 1450 4044 duplex

242 4040 263 4098 J
265 4043 375 4113 ustitia,
388 4043 507 4116 Legalis
518 4053 548 4101 et
563 4043 750 4117 Evangelica,
762 4045 852 4118 juxta
865 4063 955 4119 quam
969 4043 1089 4116 gemina
1102 4043 1192 4099 etiam
1206 4045 1295 4100 datur
1303 4039 1450 4120 justifica.

241 4121 292 4190 tio,
307 4139 359 4176 sen
373 4123 486 4194 duplex
499 4123 575 4180 ratio
590 4123 767 4180 subsistendi
780 4119 881 4180 coram
894 4121 959 4180 Deo
974 4120 1140 4193 injudicio,
1156 4120 1276 4195 Legalis
1296 4131 1326 4180 et
1349 4125 1450 4189 Evan.

242 4201 346 4271 golica.
390 4198 450 4254 Illa
473 4200 606 4257 consistit
632 4201 662 4256 in
692 4200 859 4257 obedientia
883 4198 1010 4274 propria,
1036 4217 1089 4256 scu
1113 4199 1241 4274 perfecta
1268 4219 1337 4259 cnm
1366 4205 1448 4284 Lege

243 4275 457 4346 conformitate,
467 4296 534 4351 quae
549 4285 593 4336 est
603 4279 633 4334 in
645 4297 680 4334 eo
691 4277 742 4352 qui
753 4279 962 4352 justificandus
973 4283 1030 4346 est;
1047 4277 1111 4334 Ista
1121 4277 1151 4332 in
1162 4278 1329 4338 obedientia
1340 4283 1447 4360 aliena,

242 4373 294 4410 seu
309 4354 514 4411 observatione
527 4356 657 4429 perfecta
671 4356 769 4428 Legis,
784 4374 851 4428 quae
865 4359 899 4411 fit
912 4372 931 4411 a
951 4353 1099 4428 Sponsam
1113 4355 1179 4412 loeo
1194 4355 1275 4413 illius
1289 4358 1341 4432 qui
1357 4361 1449 4434 justi.

241 4433 375 4488 ficandus
389 4439 440 4488 est.
484 4433 545 4490 Illa
558 4433 589 4488 in
604 4433 698 4503 nobis,
715 4433 779 4490 Ista
787 4433 818 4488 in
829 4431 954 4490 Christo.
988 4433 1033 4488 De
1044 4434 1140 4507 prima
1152 4435 1263 4490 Paulus
1274 4435 1346 4509 agit,
1357 4439 1446 4505 Rom,

242 4508 272 4563 ii.
291 4510 335 4577 13,
352 4517 368 4541 “
380 4509 405 4564 N
408 4527 446 4564 on
461 4509 513 4584 qui
527 4511 655 4568 audiunt
668 4510 789 4584 Legem,
804 4512 855 4566 sed
870 4510 923 4584 qui
937 4517 1078 4584 praestant
1087 4513 1321 4584 justificantur,”
1331 4513 1371 4577 Et
1382 4543 1445 4598 cap,

243 4603 271 4637 x.
287 4585 314 4652 ὃ,
332 4585 459 4642 “Moses
472 4587 610 4643 describit
627 4587 775 4660 justitiam
798 4605 851 4659 por
866 4587 987 4660 Legem,
1002 4588 1110 4660 (licens,
1125 4589 1188 4647 fore
1211 4597 1253 4660 ut,
1269 4591 1320 4666 qui
1346 4599 1447 4661 fecerit

263 3637 350 3683 Status
361 3635 447 3686 Quas·

317 3697 397 3740 tionis.
