3214 5194
152 372 266 424 eumer.
280 351 356 436 xrs]
658 374 698 416 nu
712 375 788 418 1111
802 376 863 418 aar.
1317 363 1355 422 81

154 508 299 591 aternum,
314 523 347 575 ut
359 512 498 594 quamdiu
512 512 645 576 Ecclesia
657 516 719 594 agit
742 517 773 576 in
796 516 888 595 terris,
911 515 1050 579 ministris
1063 515 1126 597 ejus
1140 519 1236 582 vietus
1250 519 1354 581 debea-

151 603 203 670 tur,
219 593 293 672 &c.;
316 595 363 654 Ite
377 595 455 674 quod
468 615 544 656 unus
558 596 620 656 dies
630 598 661 656 in
675 597 855 658 hebdomada
869 599 959 659 cultui
973 599 1073 658 divino
1093 601 1280 679 mancipetur,
1296 609 1353 660 sta-

151 675 206 734 hile
219 695 255 735 ec
268 675 383 735 firmum
397 676 470 750 est,”
495 673 550 736 dcc.
592 678 640 736 Ita
661 678 800 754 Bucerus,
825 679 876 738 lib.
899 678 936 738 de
958 679 1062 758 Regno
1085 680 1200 758 Christi,
1226 699 1289 760 cap.
1305 683 1353 740 15.

48 759 50 830 ζ
152 756 252 816 “Certe
261 763 292 814 et
301 757 356 815 hoc
366 755 458 816 nostri
468 755 554 815 officii
565 765 617 833 est,
629 777 719 817 unum
729 757 760 816 in
773 759 934 836 septimana
947 759 1023 818 diem
1037 759 1226 838 religionibus
1238 761 1354 839 publice

48 883 49 896 .
150 836 335 914 sanctificare,
351 833 406 896 &a
449 835 521 911 Quis
540 836 638 914 itaqua
660 856 719 897 non
732 839 839 915 videat,
864 859 951 916 quem
973 840 1097 900 salutare
1112 839 1150 900 sit
1164 839 1271 900 Christi
1290 840 1353 920 ple·

151 915 240 992 bibus,
256 935 347 975 unum
361 915 466 976 essein
480 916 640 994 septimana
652 917 739 994 diem,
761 917 803 977 ita
826 920 915 979 sacris
938 919 1127 998 religionibus
1146 929 1352 998 consecratum,

151 1004 179 1054 11
191 997 222 1054 in
236 1015 272 1056 eo
285 995 359 1055 nihil
372 995 453 1054 aliud
465 994 560 1055 facere
571 997 665 1075 operis
675 995 719 1056 fas
729 998 870 1077 sit,quam
879 999 911 1057 in
921 1018 1035 1060 sacrum
1045 1000 1198 1060 conrcnhe
1209 1001 1354 1061 coetum?''

150 1073 200 1134 dc.
241 1077 397 1152 Znnchius,
420 1096 445 1135 c.
466 1076 528 1134 xix.
543 1076 573 1134 in
587 1080 606 1135 4
619 1097 760 1155 pracep:
783 1081 801 1112 “
816 1079 928 1138 Morale
948 1089 993 1139 est
1012 1079 1179 1140 mandatum
1210 1089 1353 1159 quatenus

149 1156 284 1234 precipit,
310 1167 343 1216 ut
365 1177 382 1214 e
404 1163 514 1235 septem
536 1155 639 1248 diebus
662 1178 751 1217 unum
768 1168 1103 1253 consecremuserrterno
1117 1125 1208 1219 cultrii
1221 1161 1351 1236 divino,”

149 1233 781 1456 {ffisfflupffafflii
797 1239 1351 1398 tfitf¹t”a;t0t.,tttt‚htt

217 1415 232 1453 e
286 1417 296 1453 r
318 1417 382 1456 ,11
397 1415 423 1454 1.
457 1414 496 1472 ,e
553 1415 749 1475 nnonpauca

599 1634 794 1712 cumauro
816 1635 906 1699 xrv.

622 1812 662 1854 DE
675 1813 728 1854 nm
742 1813 896 1856 DOMINICO.

150 1951 193 2010 Aa
204 1951 339 2012 1111111111
357 1951 428 2011 Dici
439 1951 583 2012 Domiaa'ci
593 1953 630 2012 ait
653 1954 758 2030 (111111,
773 1955 820 2014 An
833 1956 975 2027 tumeam
995 1963 1022 2014 et
1034 1955 1081 2014 Aa
1101 1955 1298 2026 1111111111
1316 1958 1353 2014 aa't

185 2034 350 2093 masam
363 2041 392 2092 et
404 2041 558 2109 perpetuu,
580 2034 627 2092 Aa
642 2053 710 2094 vero
730 2035 823 2094 libera
837 2044 865 2095 et
876 2035 1039 2095 mutabilia!
1079 2035 1164 2096 Prius
1177 2033 1300 2113 Affirm,
1322 2045 1353 2096 et

188 2112 296 2174 Poster.
318 2113 406 2192 Neg,
428 2111 525 2190 quoad
538 2119 700 2191 utrumque.

175 2335 181 2346 ¹
309 2339 315 2352 Ι
336 2338 343 2351 ,
448 2271 474 2330 Ι.
495 2275 606 2352 Regiani
620 2273 696 2367 ἐμὲςι
710 2293 761 2334 seu
774 2273 846 2333 Dice
858 2273 1024 2334 Dorainicus
1043 2293 1082 2333 ex
1104 2293 1161 2334 usu
1174 2272 1352 2334 Christiano·

153 2333 206 2382 ⁰¹⁸¹
230 2337 388 2442 ἕψω
408 2371 472 2409 rum
486 2343 613 2412 vocatnr'
627 2373 737 2432 prunus
762 2353 824 2414 dies
837 2354 1035 2430 hebdomadis,
1057 2354 1175 2432 publico
1189 2353 1246 2413 Dei
1259 2353 1352 2414 cultui

216 2410 231 2452 q
405 2430 566 2492 destinatus
580 2432 610 2490 in
634 2433 800 2492 memoriam
814 2434 1031 2494 resurrectionis
1046 2433 1162 2493 Christi.
1194 2433 1241 2493 Ita
1255 2442 1351 2493 autem

154 2503 259 2584 dicitur,
271 2529 328 2568 non
342 2515 403 2568 tam
417 2511 527 2570 ratione
540 2513 686 2590 effia’eatri,
696 2513 780 2591 quasi
794 2533 811 2572 a
826 2514 940 2574 Christo
954 2513 1016 2591 ipso
1030 2513 1180 2573 institutus
1194 2513 1232 2572 sit
1245 2513 1353 2572 forma·

152 2583 220 2663 liter,
232 2597 263 2648 nt
279 2591 380 2650 Oratio
394 2592 554 2668 Dominica,
566 2603 594 2652 et
608 2593 695 2653 Coeaa
708 2593 860 2652 Dominica
873 2594 1034 2672 appellatur
1048 2591 1085 2652 ab
1100 2593 1252 2672 Apostolo,
1266 2595 1281 2650 1
1296 2593 1351 2652 Co·

153 2665 212 2725 rint
226 2688 255 2727 x.
270 2673 319 2746 21,
342 2689 411 2729 nam
433 2679 465 2730 ut
488 2681 589 2749 postea
602 2672 749 2732 videbitur
761 2673 873 2732 nullum
894 2674 962 2732 telis
975 2672 1165 2733 institutionis
1179 2671 1242 2730 dari
1255 2680 1352 2750 potest

153 2757 361 2826 argumentum3
384 2769 470 2827 quam
483 2751 594 2810 ratione
599 2753 677 2832 finti,
693 2753 761 2830 quia
774 2751 812 2811 ed
825 2753 992 2812 memoriam
1003 2751 1218 2812 resurrectionis
1233 2751 1351 2828 Christi,

49 2843 51 2858 ’
153 2825 198 2901 qui
210 2827 263 2887 hoc
277 2829 326 2888 die
340 2829 507 2906 resurrexit,
523 2832 608 2892 Matt.
622 2831 726 2892 xxviii.
743 2835 769 2908 l,
792 2841 821 2892 et
834 2833 865 2891 in
879 2833 970 2910 ipsius
982 2833 1121 2891 honorem
1135 2851 1169 2890 ac
1183 2831 1292 2890 cultum
1307 2839 1353 2890 est

154 2903 303 2984 institutus,
315 2919 349 2970 ut
358 2911 452 2968 altare
465 2911 590 2987 Domini,
597 2914 704 2986 fcswm
717 2913 837 2972 Domini
848 2920 977 2986 vocetur,
992 2911 1070 2988 quod
1084 2909 1122 2968 ad
1136 2909 1226 2987 ipsius
1240 2909 1352 2968 cultum

154 2985 373 3145 {gtippp'pffip
385 3000 415 3048 11
424 2989 547 3050 Veteres
558 2991 678 3070 Templa
688 2991 787 3050 divino
801 2991 893 3051 cultui
906 2989 1002 3050 dicata
1014 2991 1143 3069 negauit
1156 3008 1208 3048 seu
1221 2988 1353 3048 Dmniai·

159 3178 193 3226 D·
212 3184 304 3286 Ψ,
319 3187 386 3258 ,ΒΜ
423 3149 491 3286 ,Il
514 3149 559 3208 De
572 3151 628 3243 hoc
642 3150 689 3290 dip
703 3151 761 3210 duo
775 3146 1353 3303 ρο111ἐῗ11αἳαῖ11ῗὲθιῖτῶὦρυόυᾚ

184 3258 360 3373 8ΜέΙᾷῗέ
406 3247 523 3384 itineri?
531 3232 956 3388 libiiodureritiillaedlnminuthtio
970 3249 1047 3368 faemtla
1059 3307 1145 3368 fuerit
1158 3271 1228 3368 diei·
1237 3307 1353 3386 septimi

226 3361 309 3406 rioms
409 3387 441 3445 in
454 3389 578 3466 primurn
591 3411 644 3468 per
657 3391 873 3468 abrogationem
886 3389 1025 3450 Sabbathi
1038 3388 1061 3448 J
1062 3388 1159 3448 udaiei
1170 3410 1178 3466 ς
1194 3389 1261 3448 Hoc
1275 3389 1352 3448 enirn

154 3455 323 3522 inconfesse
346 3473 391 3525 est
412 3467 490 3545 apud
504 3469 692 3544 Christianos,
712 3471 763 3547 qui
783 3470 971 3530 mutationem
985 3469 1069 3528 istam
1083 3488 1143 3528 non
1156 3476 1269 3529 tantum
1290 3468 1353 3526 fieri

154 3542 273 3613 potuisse
288 3543 327 3602 ab
341 3563 386 3620 eo,
402 3549 452 3624 qui
468 3549 609 3609 Sabbathi
624 3550 766 3610 Dominus
786 3559 838 3624 est,
861 3550 912 3609 sed
926 3557 956 3608 et
968 3549 1032 3608 fieri
1045 3547 1188 3624 debuisse,
1204 3555 1234 3607 et
1246 3567 1353 3607 conve·

153 3619 325 3682 nicndssime
335 3623 441 3685 iactam
451 3647 515 3688 esse
528 3637 708 3706 agnoscunt:
723 3630 791 3707 quia
800 3629 879 3708 prior
890 3629 940 3688 ille
951 3627 1013 3688 dies
1026 3636 1143 3706 propter
1156 3627 1355 3687 caeremoniale

154 3701 223 3772 qnod
237 3704 268 3761 in
282 3703 347 3780 ipso
361 3705 424 3782 fuit,
439 3707 519 3786 quod
539 3728 575 3768 11
589 3709 654 3768 ideo
669 3709 706 3768 ad
719 3709 907 3769 oeconomiam
920 3709 1043 3786 legalem
1057 3707 1204 3786 pertinuit,
1219 3705 1354 3784 abrogari

154 3775 254 3859 debuit,
269 3794 304 3843 ut
318 3783 394 3845 alius
407 3787 438 3844 in
451 3729 623 3866 ejusloeum
638 3788 876 3849 substitueretur:
898 3789 971 3848 alius
984 3807 1055 3847 vero
1068 3807 1127 3846 non
1140 3787 1234 3864 potuit
1248 3803 1355 3845 conve·-

153 3857 272 3921 nientins
284 3864 436 3942 subrogari
447 3868 501 3928 sub
516 3867 602 3927 Novo
616 3869 747 3944 Foedere,
757 3888 843 3947 quam
853 3869 878 3927 is
888 3867 938 3946 qui
948 3867 1034 3926 hodie
1049 3866 1219 3924 Dominieus
1232 3872 1355 3922 vocatur

154 3951 265 4018 propter
288 3943 407 4004 Domini
429 3948 520 4006 nostri
540 3948 615 4008 Jesu
640 3948 747 4007 Christi
768 3947 1004 4008 resurrectionem
1028 3947 1059 4004 in
1073 3965 1107 4004 eo
1129 3944 1242 4020 iactam,
1268 3943 1354 4021 cujus

154 4021 317 4080 memoriam
331 4043 444 4102 semper
458 4027 597 4086 celebrari
610 4028 640 4085 in
655 4027 787 4088 Ecclesia
797 4028 961 4088 Christiana
974 4025 1170 4104 equissimum
1180 4022 1242 4100 fuit,
1252 4030 1353 4101 utpote

155 4115 205 4172 qus
218 4109 335 4160 aeternae
350 4105 570 4184 Redemptionis
591 4115 697 4167 nostrae
718 4116 748 4168 et
766 4127 851 4167 novae
865 4106 1017 4167 creationis
1031 4123 1104 4182 opns
1141 4103 1289 4164 lenissime
1303 4104 1354 4163 ab·

154 4178 276 4238 solutum
290 4181 364 4259 fuit;
387 4193 448 4244 tum
462 4185 549 4246 etiam
571 4196 604 4247 ut
626 4188 682 4246 hoc
703 4195 780 4247 esset
793 4186 940 4264 publicum
955 4187 1101 4262 abrogatae
1159 4183 1205 4262 gis
1219 4203 1354 4242 eaeremo-

154 4257 233 4318 nialis
246 4273 474 4340 monumentum,
490 4275 520 4326 11
534 4265 707 4326 discriminis
720 4266 800 4344 qnod
813 4267 888 4326 inter
901 4265 923 4325 J
924 4265 1022 4325 udaeos
1045 4272 1074 4324 et
1089 4263 1268 4324 Christianos
1288 4281 1353 4321 esse

153 4335 257 4398 debuit
301 4341 361 4402 Sed
385 4344 523 4422 quaeritur
536 4345 573 4405 de
586 4347 727 4426 principio
747 4355 777 4406 et
790 4346 901 4422 origine
915 4345 999 4405 istius
1012 4343 1188 4426 mutationis,
1204 4339 1355 4432 Aniuerit

153 4417 338 4480 ordinationis
348 4417 461 4482 tannim
474 4425 616 4501 humana,
628 4435 658 4486 et
666 4425 790 4504 politicae
800 4445 850 4484 seu
860 4424 1080 4498 Ecclesiasticus,
1096 4423 1146 4480 An
1157 4439 1226 4478 vero
1235 4418 1351 4480 drmnae.

187 4498 249 4558 111.
274 4501 333 4560 Hic
346 4503 424 4560 enirn
437 4505 552 4565 variant
565 4505 779 4583 Theologornm
793 4504 941 4564 sententie
954 4527 961 4564 :
983 4503 1061 4562 Aliis
1074 4501 1122 4559 vel
1136 4497 1174 4556 ad
1187 4498 1245 4556 Jus
1260 4496 1355 4556 Cano-

152 4575 245 4637 nicum
258 4578 459 4659 referentibus,
474 4591 508 4644 ut
520 4583 630 4646 faciunt
644 4585 796 4661 Pontificii,
812 4584 862 4663 qui
876 4605 913 4644 ex
928 4604 962 4643 eo
976 4583 1062 4642 etiam
1076 4575 1274 4636 traditionum
1295 4595 1355 4637 non

151 4657 320 4736 seriptamm
334 4663 536 4727 necessitatem
556 4665 714 4746 colligrmt3
735 4665 804 4726 licet
823 4683 881 4724 non
901 4663 997 4724 desint
1017 4661 1092 4720 inter
1105 4657 1184 4736 ipsos
1196 4653 1279 4793 wli
1294 4658 1359 4736 qui,

232 4755 306 4798 1111
320 4758 353 4799 11.
