3108 5198
257 381 294 440 52
718 391 811 432 rocus
825 389 1005 434 unoucruus.
1278 367 1403 451 [oonsr.
1419 387 1460 428 nr.
1547 405 1548 426 r

260 544 350 599 cona.
377 531 504 610 Celsum,
525 552 554 610 p.
581 533 647 607 135,
671 532 734 590 etl.
749 536 776 607 ⁷,
800 552 828 610 p.
844 535 912 593 386.
937 533 1053 591 Tertull.
1078 531 1185 609 Apolo.
1201 551 1226 589 c.
1244 533 1290 606 12,
1316 529 1410 588 etlih.
1425 529 1460 588 de

260 615 438 678 Idololatria.
456 613 603 673 Chracntr'a
616 613 759 671 aecana.
775 611 806 670 in
819 621 958 691 protrept.
973 615 1096 672 Lactaat
1107 612 1159 671 lib.
1173 611 1203 668 ii.
1219 630 1245 669 c.
1256 613 1283 669 1.
1305 610 1464 686 EprpIranr'i
1547 631 1548 660 ι

260 696 344 776 epist.
359 695 397 753 ad
410 694 432 755 J
433 695 518 753 ohan.
534 693 649 751 Hieros.
659 692 693 750 T.
706 693 744 768 ii,
755 693 833 769 quod
847 693 968 752 refertur
982 693 1018 752 ab
1034 693 1154 750 Hieron.
1165 690 1250 768 epist.
1261 692 1308 764 sl,
1324 690 1363 747 sd
1378 689 1461 748 Pam·
1547 709 1548 775 p

260 775 419 852 muchium,
441 773 592 850 Aupuatim'
603 772 634 829 in
644 771 721 831 Psal.
734 772 812 832 cxiii.
840 777 868 832 2.
880 773 928 830 Ex
940 769 1068 832 Concilio
1078 771 1249 845 Elibertino,
1261 769 1312 829 uhi
1326 788 1461 846 expresse
1547 783 1548 788 ’

259 857 301 916 ita
322 855 458 930 sancitur,
474 855 544 913 Can.
559 853 607 927 36,
630 854 649 887 “
664 852 778 911 Placuit
791 852 917 929 picturas
937 853 968 911 in
989 853 1128 911 Ecclesiis
1142 870 1205 909 esse
1226 869 1285 908 non
1298 848 1413 924 debere,
1428 869 1462 907 ns
1547 841 1548 930 ᾗ

260 934 339 1014 quod
354 934 457 993 colitur
471 941 521 993 aut
534 931 670 991 adoratur
683 930 714 990 in
727 932 885 1009 parietibus
900 932 1103 1011 depingatur.”
1146 934 1174 990 3.
1190 930 1265 1004 Quia
1279 929 1383 988 Patres
1405 929 1462 987 cul·

261 1025 323 1076 tum
338 1015 503 1090 ImagInum
516 1013 624 1090 passim
639 1011 766 1089 Paganis
779 1013 929 1088 objiciunt,
952 1021 982 1070 et
996 1012 1128 1072 Gentiles
1143 1009 1314 1070 Christianis
1327 1008 1464 1086 probrum

260 1096 316 1154 hoc
330 1093 532 1171 objicientibus
553 1091 767 1169 respondentes,
784 1092 893 1150 cultum
908 1092 1072 1170 Imaginum
1087 1090 1165 1169 apud
1185 1089 1364 1148 Christianos
1377 1089 1464 1148 usita-
1547 1095 1548 1146 3

261 1185 324 1234 tum
337 1192 485 1249 nunquam
499 1170 622 1237 afferunt
645 1171 683 1229 ad
696 1171 854 1230 tollendam
874 1180 925 1230 aut
944 1171 1133 1249 mitigandam
1147 1169 1249 1229 saltem
1264 1189 1324 1228 suae
1338 1169 1369 1226 in
1384 1167 1467 1226 Idola
1547 1175 1548 1218 ἒ

263 1252 474 1332 superstitionis
488 1251 635 1327 invidiam,
658 1251 736 1328 quod
756 1271 815 1308 non
836 1251 1001 1310 omisissent
1020 1249 1218 1329 proculdubio,
1234 1249 1260 1308 si
1273 1249 1331 1308 tale
1346 1248 1419 1325 quid
1437 1248 1466 1304 in

262 1354 318 1473 tt
329 1329 1468 1470 lttttlttttlelltttttlt„”ttttlttllmttntlttt

264 1492 413 1570 objiciunt,
440 1510 456 1548 a
480 1509 538 1567 quo
562 1497 594 1548 ut
618 1508 649 1549 se
669 1498 794 1567 purgent
808 1491 925 1550 crimine
941 1431 1233 1565 Christianiitantum
1247 1489 1329 1547 abest
1342 1497 1376 1547 ut
1389 1488 1467 1564 quic·

261 1592 350 1650 quam
375 1570 410 1629 de
434 1569 598 1646 Imaginum
622 1589 677 1628 usu
701 1569 749 1628 vel
773 1570 852 1629 cultu
874 1570 952 1649 apud
974 1591 1005 1630 se
1026 1571 1158 1644 referant,
1181 1569 1251 1646 quin
1269 1568 1367 1644 potius
1380 1566 1469 1624 variis
1547 1571 1548 1632 l

263 1651 424 1710 rationibus
438 1659 562 1724 utantur,
579 1669 643 1726 quae
658 1649 795 1708 evincunt
809 1650 994 1727 impossibile,
1010 1658 1060 1709 aut
1074 1649 1215 1725 illicitum,
1231 1656 1261 1707 et
1274 1647 1376 1706 inutile
1392 1647 1466 1704 Ima·
1547 1643 1548 1700 Ϊ

263 1732 347 1809 gines
371 1729 532 1789 divinitatis
555 1727 667 1805 facere;
690 1728 775 1805 Quod
796 1729 887 1789 Judei
907 1731 937 1787 in
951 1729 1194 1807 disputationibus
1218 1747 1284 1787 cum
1299 1726 1470 1786 Christianis

263 1809 831 1950 assectarentur
845 1807 1356 1949 reseruassemus
1364 1807 1469 1943 iffi

265 1980 294 2028 et
308 1969 439 2028 inutilem
454 1968 642 2044 damnarunt;
666 1909 714 2026 iix
734 1934 840 2046 quihris
861 1977 890 2028 et
904 1969 1047 2028 similibus
1061 1969 1126 2028 aliis
1140 1932 1307 2042 rationibus,
1323 1966 1470 2044 colligitur
1547 1999 1548 2034 ᾗ

263 2049 373 2107 invicta
386 2047 564 2106 inEcclcsia
583 2048 730 2124 primitiva
750 2049 859 2107 cultum
881 2048 1046 2126 Imaginum
1066 2047 1194 2106 nondum
1208 2047 1375 2122 obtinuisse,
1392 2045 1470 2122 quod
1547 2069 1548 2104 ι

266 2128 357 2188 solide
392 2147 471 2184 more
496 2146 548 2184 suo
572 2127 754 2203 persequitur
776 2128 904 2187 Celeber.
931 2129 1069 2202 Ballene,
1095 2128 1146 2186 lib.
1160 2128 1180 2186 i.
1202 2134 1231 2186 et
1258 2127 1287 2184 ii.
1310 2125 1346 2184 de
1375 2127 1469 2204 Imag.

214 2269 218 2278 ,
265 2211 294 2266 4.
310 2206 385 2280 Quia
397 2225 456 2264 non
469 2205 554 2282 pauci
568 2225 605 2262 ex
621 2205 780 2265 Pontificiis
794 2208 849 2265 hoc
868 2206 1002 2268 fatentur.
1046 2208 1217 2282 Cassander,
1235 2207 1357 2267 Cormalt.
1373 2205 1419 2264 tit.
1434 2205 1469 2263 da

267 2285 410 2362 Imagin.:
433 2287 451 2316 “
467 2284 582 2342 Certum
604 2293 648 2344 est
669 2284 751 2344 initio
764 2285 914 2364 praedicati
928 2288 1083 2365 Evangelii
1096 2288 1243 2365 aliquanto
1254 2294 1382 2363 tempore
1397 2285 1472 2342 inter

266 2363 445 2425 Christianos
458 2363 617 2440 praesertim
632 2363 662 2422 in
677 2365 816 2424 Ecclesiis
831 2365 995 2443 Imaginum
1009 2388 1093 2427 usum
1107 2387 1165 2425 non
1180 2367 1298 2426 firisso.”
1341 2365 1381 2423 Et
1392 2373 1469 2458 post,
1547 2363 1548 2420 ἒ

265 2447 284 2478 “
298 2451 437 2522 quantum
460 2452 556 2502 autem
577 2451 691 2503 veteres
712 2444 795 2504 initio
817 2446 956 2506 Ecclesiae
969 2447 1006 2506 ab
1021 2447 1100 2505 omni
1113 2446 1297 2506 veneratione
1311 2445 1471 2522 imaginum
1547 2487 1548 2520 ,

262 2522 473 2598 abhorruerint
488 2523 615 2582 declarat
628 2544 703 2583 unus
718 2523 887 2602 Origenes‚”
903 2525 957 2586 &a
1001 2526 1163 2585 “Tandem
1183 2527 1309 2604 picturas
1323 2525 1354 2582 in
1368 2524 1471 2582 Eccle·

264 2604 336 2663 siam
359 2597 519 2662 adniissas”
544 2602 593 2677 ait,
626 2607 816 2664 “utrarum
840 2614 986 2682 gestarum
1013 2606 1163 2665 historiam
1187 2605 1391 2682 exprimentes,
1423 2612 1475 2661 aut

267 2684 437 2742 Sanctorum
458 2683 596 2741 Virorum
616 2703 700 2743 veras
724 2683 834 2762 effigies
860 2685 1045 2762 referentes,'’
1075 2683 1129 2744 &c
1165 2686 1276 2744 Erasm.
1292 2685 1322 2741 in
1339 2684 1473 2743 catech:

262 2766 284 2818 ,“
300 2764 401 2840 Usque
415 2763 453 2822 ad
467 2771 581 2822 aetatem
595 2762 768 2840 Hieronymi
782 2771 864 2823 erant
876 2767 1005 2843 probata
1020 2765 1182 2843 Religionis
1191 2764 1264 2839 Viri,
1276 2765 1327 2840 qui
1340 2764 1372 2822 in
1386 2764 1471 2822 Tem·

263 2842 321 2922 plis
335 2839 444 2901 nullam
459 2843 589 2902 serebant
603 2843 767 2921 imaginem,
782 2865 836 2904 nec
850 2845 965 2923 pictam,
980 2865 1034 2904 nec
1048 2845 1199 2923 sculptam,
1214 2864 1268 2902 nec
1281 2851 1402 2919 textam,
1418 2863 1473 2902 nec

265 2923 373 2983 Christi
386 2923 533 3001 quidem,''
548 2921 602 2983 &a
645 2923 779 2984 Ibidem:
802 2927 820 2958 ‘⁴
835 2925 910 2984 Nam
925 2933 957 2985 ut
972 2925 1119 3002 Imagines
1133 2925 1234 2984 sintin
1248 2922 1378 3000 Templis
1392 2923 1474 2982 nulla
1547 2925 1548 2992 l

261 3003 401 3082 praecepit
414 3004 463 3062 vel
476 3003 602 3063 humana
616 3005 798 3080 constitutio;
823 3013 853 3064 et
874 3013 907 3064 ut
920 3005 1032 3064 facilius
1047 3012 1099 3080 est,
1123 3005 1164 3063 ita
1177 3004 1268 3063 tutius
1281 3023 1397 3080 quoque
1412 3024 1472 3061 om·

260 3103 316 3143 ⁴nes
339 3083 487 3161 Imagines
512 3084 671 3161 e’I'emplis
695 3084 896 3143 submovere.''
940 3085 1033 3143 Lilius
1048 3083 1205 3162 Gyraldus,
1224 3084 1346 3161 Syntag.
1361 3083 1413 3142 lib.
1435 3082 1471 3141 de

259 3163 330 3222 Diis
345 3164 483 3239 gentium,
498 3183 557 3240 pag
570 3166 630 3222 20:
653 3167 671 3196 “
686 3163 766 3222 Illud
780 3171 857 3223 certe
871 3183 929 3222 non
943 3164 1168 3241 praetermittam,
1191 3183 1252 3238 nos,
1269 3162 1334 3222 dico
1350 3163 1471 3222 Christi·

264 3261 344 3316 anos,
370 3250 403 3300 ut
425 3242 580 3317 aliquando
603 3243 760 3316 Romanos,
782 3243 871 3302 fuisse
893 3243 955 3302 sine
978 3244 1168 3320 Imaginibus,
1192 3243 1222 3301 in
1244 3241 1393 3320 primitiva
1407 3263 1472 3318 qua

263 3330 385 3378 vocatur
399 3319 559 3378 Ecclesia”
582 3320 719 3396 Polydor.
730 3319 837 3398 Virgil.
852 3321 888 3380 de
903 3324 1005 3382 Inven.
1015 3343 1118 3401 rerum,
1130 3323 1181 3382 lib.
1191 3323 1231 3381 vi.
1246 3342 1272 3381 c.
1288 3325 1334 3396 13,
1350 3331 1475 3381 testatur

266 3401 284 3432 “
301 3399 545 3458 SImulachrorum
559 3399 668 3458 cultum
683 3419 783 3458 omnes
797 3398 855 3458 fere
869 3410 982 3462 veteres
997 3403 1099 3462 Patres
1116 3403 1284 3477 damnasses,
1311 3402 1349 3460 oh
1362 3411 1473 3461 metum
1494 3407 1497 3412 ’

263 3478 442 3551 idololatriae,
454 3497 511 3554 qua
520 3479 631 3537 nullum
640 3479 832 3539 execrabilius
843 3480 950 3540 crimen
959 3501 1022 3542 esse
1032 3484 1156 3560 potest.''
1167 3483 1238 3558 Quae
1248 3483 1339 3541 verba
1349 3502 1416 3541 cum
1428 3501 1472 3541 se-

264 3557 427 3635 quentibus,
438 3557 543 3634 quibus
557 3557 684 3634 docetur,
698 3559 811 3618 Mosam
824 3560 898 3618 nihil
911 3562 1004 3639 magis
1017 3563 1186 3639 inculcasse,
1196 3583 1283 3640 quam
1297 3582 1334 3620 ne
1348 3561 1474 3640 populus

264 3637 376 3715 aliquid
399 3636 593 3696 manufactum
616 3646 787 3714 veneretur;
815 3649 844 3699 et
872 3641 1047 3720 Prophetam
1074 3642 1192 3718 dixisse,
1216 3645 1234 3676 “
1258 3641 1475 3702 confundantur
1547 3659 1548 3674 ³

265 3735 374 3792 omnes,
390 3716 440 3794 qui
464 3715 584 3776 adorant
608 3718 782 3796 sculptilis,’'
805 3719 900 3780 Index
915 3721 1077 3799 Expurgat.
1102 3743 1140 3780 ex
1165 3722 1287 3781 Concilii
1311 3720 1477 3780 Tridentini

263 3797 411 3858 sanctione
425 3795 549 3855 delenda
561 3797 681 3857 censuit.

305 3877 378 3937 XV.
401 3876 540 3951 Quamvis
554 3896 623 3934 vero
648 3885 713 3955 post
733 3886 867 3955 quartum
888 3881 1026 3957 seculum,
1049 3881 1103 3940 sub
1118 3881 1232 3941 initium
1246 3879 1350 3958 quinti,
1373 3881 1472 3939 Pauli-

264 3977 317 4014 uua
331 3957 493 4033 Episcopus
507 3955 646 4032 Nolanus,
662 3966 691 4017 et
704 3959 823 4018 Severus
837 3960 1028 4020 Bituricenais
1043 3961 1213 4039 Episcopus,
1235 3961 1366 4036 picturas
1386 3981 1472 4038 qnas-

264 4035 331 4093 dam
345 4035 496 4094 historicas
518 4037 681 4096 curaverint
702 4037 732 4094 in
752 4038 888 4115 basilicis,
910 4060 983 4117 quas
1003 4049 1201 4116 extmxerant,
1223 4039 1391 4117 faciendas3
1414 4061 1473 4098 non

263 4113 330 4173 ideo
343 4113 440 4190 fiebat,
456 4123 488 4174 ut
502 4123 599 4174 essent
612 4115 753 4194 imagines
767 4119 845 4179 illius
859 4119 938 4196 quod
951 4120 1086 4197 religiose
1101 4121 1213 4196 colitur,
1239 4139 1334 4196 neque
1353 4129 1388 4180 ut
1401 4120 1473 4199 ipsa

264 4193 322 4252 illae
336 4194 455 4271 picturae
476 4195 611 4273 religiose
632 4197 812 4272 colerentur;
835 4198 887 4258 sed
907 4207 1019 4259 tantum
1032 4211 1066 4260 ut
1080 4209 1177 4259 essent
1189 4199 1328 4259 historica
1342 4209 1373 4258 ct
1394 4221 1473 4258 com-

262 4273 417 4334 monitoria
437 4274 577 4350 symbola,
593 4295 705 4336 necnon
725 4277 908 4337 basilicarum
930 4289 1105 4355 ornamenta,
1121 4288 1154 4339 ut
1167 4288 1248 4358 patet
1261 4297 1299 4337 ex
1313 4279 1418 4356 episto.
1436 4283 1473 4339 13
1547 4309 1548 4326 ι

265 4353 380 4413 Paulini
393 4352 432 4412 ad
447 4353 594 4414 Severum.
617 4356 689 4415 Cum
703 4377 772 4415 vero
786 4358 925 4434 paulatim
946 4379 983 4418 ex
1004 4379 1059 4419 usu
1074 4360 1247 4437 Imaginum,
1264 4359 1360 4418 cultus
1374 4379 1476 4418 earum

263 4453 280 4492 a
294 4432 482 4514 quisbusdam
496 4434 732 4516 introduceretur,
747 4435 854 4496 factum
869 4446 913 4497 est
926 4447 960 4498 ut
973 4437 1055 4499 initio
1070 4439 1145 4498 sexti
1160 4437 1250 4498 seculi
1260 4439 1384 4498 δενειιιιι
1393 4439 1475 4498 Mas-
1547 4445 1548 4458 ¹

261 4513 388 4573 siliensis
402 4512 564 4592 Episcopus
588 4523 618 4573 et
635 4515 790 4592 (trapeam
803 4517 830 4575 I.
845 4517 993 4578 Romanus
1007 4519 1075 4578 huic
1088 4517 1285 4596 superstitioni
1299 4518 1419 4577 obviam
1433 4519 1477 4577 ire
1547 4513 1548 4537 ¹

262 4593 415 4676 voluerint,
430 4594 499 4653 licet
513 4594 628 4654 diversa
641 4595 708 4670 via;
732 4595 787 4654 Ille
811 4596 928 4673 quidem
952 4617 1001 4657 eas
1022 4597 1152 4657 tollendo
1166 4598 1290 4676 penitus,
1317 4597 1379 4657 Iste
1401 4617 1475 4657 vero
1547 4607 1548 4676 t

262 4671 412 4731 retinendo
436 4673 564 4751 quidem,
588 4672 639 4732 sed
662 4673 763 4734 sedulo
784 4675 923 4754 populum
947 4677 1091 4737 monendo
1116 4678 1154 4737 ad
1168 4677 1336 4738 memoriam
1357 4683 1477 4737 tantum
