3202 5194
261 381 320 440 124
709 397 802 441 rocos
816 397 998 440 menemus.
1238 375 1364 461 [conse.
1379 401 1467 444 xxm.

259 539 335 597 Tam
347 537 428 598 Deus
440 559 493 619 per
503 547 653 618 peccatum
664 539 790 600 hominis
801 539 949 600 excideret
958 541 971 619 j
975 559 1025 600 ure
1036 559 1089 600 suo
1100 539 1293 601 obedientiam
1305 541 1342 601 ab
1351 542 1469 603 homine

258 618 425 695 requirendi
437 642 444 697 ;
468 622 507 680 Et
526 621 613 679 homo
630 640 689 679 non
703 620 867 680 obediendo
880 640 940 679 non
959 629 1101 699 peccaret,
1116 622 1184 698 quia
1198 621 1249 682 ubi
1262 642 1321 680 non
1335 632 1381 682 est
1395 624 1467 702 Iex,

254 698 299 758 ibi
312 718 372 757 non
385 706 430 760 est
444 701 645 778 transgressio.

560 781 634 840 XV.
660 781 727 840 Non
748 779 850 840 eadem
871 788 916 840 est
939 779 1012 839 ratio
1034 789 1128 841 status
1148 781 1256 860 integri
1276 789 1306 842 et
1329 783 1464 862 conupti,

297 843 468 948 Fffifflu'
520 860 594 936 Quia
615 861 646 918 in
666 861 717 919 illo
738 861 824 920 unica
844 869 958 920 tantum
978 860 1062 937 σχίσις
1083 861 1138 920 fuit
1165 863 1300 938 hominis,
1328 863 1464 925 nimirum

519 949 662 1018 quatenus
676 949 807 1001 creatura
821 947 882 999 erat
898 940 1055 1018 rationalis,
1072 962 1136 1020 quae
1150 943 1322 1021 obsequium
1337 943 1465 1003 Creatori

255 1017 366 1095 debuit,
380 1019 471 1079 sedin
482 1021 538 1080 isto
549 1021 649 1098 primae
663 1021 712 1080 isti
725 1021 858 1080 relationi
873 1021 964 1079 altera
977 1023 1108 1098 accessit,
1119 1031 1216 1082 reatus
1230 1043 1281 1101 per
1294 1031 1461 1101 peecatum;

258 1098 345 1158 Unde
361 1099 430 1159 licet
451 1101 481 1159 in
501 1102 594 1179 primo
608 1109 686 1161 statu
708 1101 770 1159 Lex
785 1099 922 1178 obligarit
935 1109 1047 1160 tantum
1062 1102 1099 1160 ad
1113 1102 1315 1179 obedientiam,
1330 1111 1364 1163 ut
1375 1103 1463 1163 homo

255 1178 420 1257 praestando
434 1181 627 1241 obedientiam
649 1181 785 1240 immunis
803 1189 880 1240 esset
901 1200 919 1239 a
940 1199 1043 1258 poena,
1065 1181 1132 1241 Non
1154 1183 1283 1260 sequitur
1304 1183 1411 1262 pariter
1431 1184 1463 1242 in

256 1267 333 1320 statu
347 1262 467 1338 peceati,
482 1282 563 1321 reum
577 1261 684 1321 factum
698 1281 791 1339 poense
806 1262 932 1319 solutum
946 1281 1010 1320 esse
1021 1261 1058 1320 ab
1069 1261 1241 1340 obedientia,
1257 1263 1325 1341 quia
1338 1271 1371 1324 ut
1384 1272 1461 1322 utra·

255 1359 312 1416 que
326 1340 411 1416 σχίπς
431 1341 462 1400 in
481 1351 631 1421 peccatore
653 1343 750 1401 locum
771 1341 867 1416 habet,
882 1349 1036 1418 utrumque
1050 1342 1098 1401 hic
1113 1350 1157 1401 est
1171 1344 1414 1422 conjungendum,
1429 1351 1463 1404 ut

255 1419 365 1479 subditi
378 1421 510 1498 rebelles,
532 1443 618 1501 poena
638 1422 721 1500 digni
741 1429 859 1500 propter
880 1421 1075 1497 rebellionem,
1097 1442 1156 1481 non
1170 1421 1306 1482 desinunt
1320 1423 1358 1482 ad
1378 1424 1461 1483 obae-

254 1500 355 1577 quium
368 1511 538 1580 perpetuum
554 1502 740 1580 Magistratui
755 1502 886 1560 obstricti
898 1520 1022 1560 manere.

296 1580 387 1640 XVI.
410 1582 492 1642 Licet
507 1584 570 1641 Lex
585 1583 696 1660 obliget
715 1582 862 1640 hominem
883 1590 1063 1659 peccatorem
1085 1579 1123 1639 ad
1145 1599 1260 1658 poenam
1281 1581 1370 1640 etad
1391 1583 1460 1642 obe·

253 1659 393 1719 dientiam
407 1663 509 1740 simul;
533 1664 600 1721 Non
614 1663 744 1740 sequitur
763 1661 909 1721 hominem
923 1661 1015 1720 teneri
1029 1660 1159 1720 debitum
1173 1660 1249 1720 idern
1263 1661 1309 1720 bis
1326 1661 1456 1740 solvere;

254 1739 329 1814 Quia
350 1741 414 1800 Lex
435 1742 473 1800 ad
494 1742 688 1803 obedientiam
710 1751 882 1821 praesentem
903 1747 932 1800 et
954 1740 1080 1800 futuram
1100 1741 1230 1818 obligat;
1255 1761 1341 1819 prena
1361 1749 1459 1800 autem

251 1820 397 1958 gregatur
417 1830 530 1883 tantum
550 1843 602 1902 pro
623 1831 741 1901 peceato
759 1823 822 1902 jam
836 1821 999 1898 commisso,
1023 1829 1052 1880 et
1070 1829 1138 1880 actu
1157 1822 1245 1881 semel
1259 1821 1375 1880 violatae
1389 1822 1458 1882 obe·

274 1901 377 1960 'entim

293 1981 402 2040 XVII.
425 1983 520 2058 Quum
534 1982 641 2042 dicitur
659 2003 712 2062 per
731 2003 825 2062 poenae
845 1980 1061 2060 perpessionem
1075 1980 1186 2060 expiari
1207 1991 1357 2059 peccatum
1373 1983 1458 2044 omis·

250 2060 349 2137 sionis,
365 2083 424 2121 non
438 2063 563 2140 intelligi
574 2063 660 2122 debet
670 2063 725 2122 hoc
737 2083 832 2137 sensu,
845 2063 927 2139 quasi
938 2071 1087 2139 peceatum
1098 2081 1157 2121 non
1167 2062 1254 2122 fuen't
1264 2065 1456 2140 commissum,

247 2147 279 2198 et
294 2140 378 2219 quasi
391 2143 478 2201 homo
492 2142 592 2203 fecerit
605 2163 784 2221 quaecunque
798 2143 951 2203 tenebatur
970 2151 1115 2220 praestare,
1131 2142 1209 2220 quod
1223 2143 1339 2202 veritati
1352 2164 1456 2222 repug-

248 2229 349 2280 naret:
373 2221 431 2280 Sed
445 2231 587 2300 quatenus
607 2243 659 2302 per
679 2223 893 2302 perpessionem
913 2224 1057 2302 poenalem
1071 2223 1211 2282 liberatur
1225 2243 1242 2282 a
1256 2223 1456 2284 maledictione

247 2298 304 2376 ipsi
324 2311 442 2379 propter
461 2312 613 2380 peccatum
633 2303 826 2378 incumbente,
848 2323 902 2362 nec
924 2303 1046 2362 ulterius
1068 2323 1156 2381 poena
1179 2303 1248 2362 talis
1269 2305 1326 2382 ipsi
1346 2303 1455 2382 imponi

246 2389 343 2458 potest
355 2381 479 2442 luenda:
501 2382 645 2442 Remissio
660 2403 691 2442 er
712 2403 809 2461 oquae
826 2383 870 2440 illi
883 2381 977 2460 datur,
993 2383 1087 2443 aufert
1100 2382 1218 2461 quidem
1231 2393 1342 2444 reatum
1357 2392 1454 2444 aetua-

245 2459 312 2536 lem,
329 2462 380 2520 sed
394 2481 452 2521 non
467 2461 517 2522 dat
530 2462 596 2522 ideo
606 2464 656 2540 jus
670 2403 821 2523 advitam.

287 2541 413 2601 XVIII.
436 2541 583 2620 Obligatio
604 2542 642 2602 ad
662 2543 864 2620 obedientiam,
880 2542 929 2602 vel
950 2549 995 2602 eat
1014 2545 1164 2620 natarali,
1184 2563 1270 2622 quam
1287 2544 1374 2602 homo
1389 2544 1453 2603 Deo

244 2621 340 2698 debet,
355 2630 388 2681 ut
403 2623 540 2683 Creatura
560 2624 718 2701 rationalis,
735 2645 800 2701 quae
814 2632 922 2684 aeterna
936 2632 981 2683 est
1001 2632 1031 2683 et
1051 2623 1268 2700 indissolubilis,
1284 2631 1313 2681 et
1332 2623 1363 2680 in
1377 2622 1451 2682 coelo

243 2702 331 2761 etiarn
345 2711 459 2780 manet;
477 2704 691 2782 velfoederolis,
703 2724 762 2783 qua
772 2705 838 2781 quis
848 2724 906 2764 non
920 2711 1033 2763 tantrrm
1048 2705 1194 2782 obligatur
1207 2704 1244 2761 ad
1258 2701 1451 2762 obedientiam

243 2781 319 2859 Legi
332 2783 533 2861 praestandam,
550 2784 602 2843 sed
615 2784 653 2843 ad
667 2805 730 2844 eam
751 2784 927 2863 implendam
943 2783 997 2843 sub
1008 2786 1091 2859 exire
1105 2783 1221 2843 foederis
1235 2783 1273 2842 ad
1286 2783 1451 2842 merendam

242 2863 333 2921 vitam
348 2873 493 2940 aeternam,
506 2865 554 2923 vel
568 2885 620 2943 pro
635 2885 675 2942 se,
687 2865 736 2924 vel
749 2886 801 2944 pro
816 2866 890 2942 alio;
912 2864 1045 2923 Christus
1058 2865 1152 2942 priore
1164 2865 1341 2942 obligatione
1354 2883 1406 2941 pro
1421 2883 1452 2923 ss
1495 2875 1498 2880 '

242 2941 343 3003 debuit
357 2943 551 3004 obedientiam
567 2945 630 3005 Deo
645 2965 703 3023 qua
716 2947 821 3006 homo:
843 2944 968 3004 sednon
981 2945 1134 3004 tenebatur
1151 2944 1302 3022 posteriori
1322 2944 1379 3002 nisi
1398 2963 1451 3021 pro

241 3023 335 3100 nobis,
351 3025 420 3102 quia
433 3044 491 3085 non
506 3046 579 3103 opus
592 3027 695 3086 babuit
708 3026 854 3104 perillam
864 3025 955 3084 vitam
967 3031 1104 3084 aeternam
1116 3024 1171 3083 sibi
1184 3023 1349 3102 promereri,
1365 3043 1451 3100 quam

241 3123 279 3162 ex
293 3106 324 3163 vi
345 3105 461 3165 unionis
481 3107 673 3185 hypostatica
694 3107 861 3184 obtinebat,
885 3105 928 3165 Ut
942 3123 995 3164 suo
1014 3104 1080 3164 loeo
1094 3104 1347 3182 demonstrabitur,
1363 3123 1452 3182 quum

239 3182 276 3242 de
292 3184 400 3244 Christi
414 3185 580 3246 obedientia
593 3195 705 3266 agetur.

667 3425 862 3501 QUAESTIO
892 3423 1023 3485 XXIII.

583 3603 623 3644 DE
638 3603 849 3647 nsnosnnone
863 3605 949 3646 LEGIS
963 3599 1101 3645 uorsus.

238 3745 286 3803 Aa
300 3745 364 3803 Lex
377 3745 494 3804 mmolia
504 3745 640 3820 αϋνοραία
653 3747 689 3805 ait
697 3748 810 3824 penitus
819 3749 868 3807 sud
883 3749 966 3806 Novo
982 3747 1063 3822 Test,
1075 3741 1122 3802 Aa
1136 3762 1202 3802 vcro
1215 3741 1311 3820 aliquo
1321 3753 1449 3819 respectu

279 3827 535 3966 ffltiudodmbrgm
554 3829 596 3886 od
620 3827 816 3888 Christianos!
872 3827 957 3886 Prius
982 3827 1067 3904 Neg,
1094 3823 1206 3885 Poster.
1228 3821 1322 3900 Affir,
1347 3832 1449 3882 contra

281 4065 307 4123 Ι.
330 4065 377 4124 Ex
398 4067 483 4128 tertio
503 4068 567 4128 Usu
582 4068 680 4146 Legis,
695 4089 781 4147 quern
795 4066 957 4128 directiorem
971 4065 1108 4141 diximus,
1123 4064 1215 4124 oritur
1233 4061 1361 4138 Quaestio
1381 4083 1448 4141 pro-

240 4145 343 4222 posita,
360 4166 425 4223 quae
438 4147 523 4208 nobis
537 4169 602 4208 oum
618 4149 785 4209 Antinomis
806 4147 967 4221 intercedit,
982 4147 1033 4224 qui
1053 4145 1165 4205 nullum
1180 4163 1265 4203 usum
1280 4143 1369 4222 Legis
1383 4163 1448 4203 esse

239 4226 365 4303 emplius
378 4227 552 4303 pertendunt
566 4230 620 4289 sub
631 4230 716 4290 Novo
727 4229 816 4305 Test,
828 4237 915 4306 atque
929 4227 994 4287 ideo
1008 4225 1112 4286 nolunt
1125 4225 1302 4304 Scriptursm
1314 4224 1352 4284 V.
1364 4223 1398 4283 Τ.
1410 4223 1449 4282 ad

240 4306 420 4366 Christianos
433 4309 584 4384 pertinere,
600 4308 636 4368 de
651 4329 708 4388 quo
722 4317 819 4368 actum
835 4309 868 4367 P.
884 4309 918 4382 I.,
936 4307 989 4367 Lo.
1005 4307 1047 4366 II.
1064 4307 1098 4382 Q.
1114 4308 1143 4365 8.

281 4387 324 4446 II.
346 4386 398 4446 Ad
418 4387 592 4463 Qusesfionis
614 4399 721 4450 statum
741 4391 797 4449 rite
816 4387 982 4465 tenendum,
1004 4385 1173 4446 Videndum
1195 4405 1253 4463 quo
1274 4404 1362 4444 sensu
1385 4385 1449 4444 Lex

238 4467 380 4545 abrogata
393 4468 513 4546 dicatur,
529 4487 587 4546 quo
601 4489 686 4529 sensu
698 4490 768 4529 vero
782 4489 850 4528 non.
886 4468 992 4545 PrImo,
1008 4467 1074 4526 Non
1089 4465 1228 4544 quaritur
1242 4465 1278 4524 de
1292 4485 1347 4525 usu
1359 4464 1449 4541 Legis

236 4548 336 4624 quoad
349 4549 424 4624 justi
455 4551 584 4626 otiorum,
607 4548 657 4608 An
679 4550 752 4628 Legi
775 4548 870 4608 adhue
890 4557 1041 4608 teneamur
1059 4546 1097 4605 ad
1117 4546 1209 4606 vitam
1231 4543 1445 4624 acquirendam,

238 4628 392 4704 quiscum
433 4649 468 4689 oe
488 4630 527 4689 sit
546 4629 724 4708 impossibile
745 4637 812 4707 post
833 4635 992 4706 peecatum,
1014 4629 1070 4686 hoc
1091 4646 1178 4686 sensu
1198 4627 1286 4686 etism
1306 4625 1447 4700 abrogata

236 4705 357 4766 dieitur:
377 4707 463 4767 Rom.
484 4709 525 4770 iii.
540 4712 587 4787 20,
610 4711 629 4743 “
644 4729 682 4768 cx
706 4708 840 4787 operibus
862 4709 952 4786 Legis
971 4707 1053 4768 nullo
1074 4727 1140 4766 caro
1157 4703 1393 4786 justificabitur,’'
1415 4711 1446 4763 ct
