3192 5206
219 313 277 370 338
601 337 692 379 accus
714 338 843 380 uacruus
864 339 1008 388 cusarus.
1246 317 1374 399 [cussa.
1397 337 1430 380 n.

263 471 354 531 XVI.
377 474 482 535 Unitas
489 476 716 554 Apotelcsmatis
726 480 823 558 arguit
836 479 953 557 quidem
971 478 1113 538 unitatem
1126 477 1260 556 principii
1275 477 1362 554 quod,
1378 477 1431 538 sed

223 571 281 608 nou
292 571 405 631 semper
414 555 547 634 principii
561 578 638 635 quo,
660 559 737 619 idem
758 560 835 618 enlm
857 580 929 637 opus
943 567 1038 638 potest
1057 579 1076 616 a
1089 558 1179 616 variis
1200 557 1350 635 principiis
1371 557 1428 616 sor·

224 631 348 692 malibus
354 635 430 709 oriri,
442 636 494 695 sed
501 637 630 696 m'aiaaa
641 638 773 715 antalam
791 640 872 698 verbi
881 639 983 717 gratia,
991 639 1113 697 Locutio
1119 645 1164 697 est
1174 657 1263 696 unum
1274 658 1347 714 opus
1353 637 1431 713 quod

223 711 260 768 ab
275 712 390 772 homine
405 723 541 793 tauquam
555 719 696 796 priucipio
711 720 855 779 communi
876 718 1051 796 producitur,
1067 717 1145 796 quod
1159 726 1256 777 umen
1271 717 1329 776 duo
1343 717 1434 776 hahet

222 791 363 869 principia
372 792 510 870 formalia,
523 817 627 875 corpus
637 800 819 875 etanimam;
842 799 889 857 Ita
902 799 949 857 hic
964 798 1069 857 dantur
1090 798 1234 856 distincta·
1248 797 1366 878 hippius,
1380 797 1435 856 sed

224 890 313 930 unum
335 873 460 953 trigama,
478 875 564 936 Unde
578 879 653 937 male
662 879 784 956 colligas
798 879 880 956 sequi
904 878 1101 938 confusionem
1116 877 1323 956 operationum,
1339 887 1368 936 et
1381 897 1436 954 per

224 969 404 1028 consequeus
418 963 595 1017 naturarum.

265 1030 374 1092 XVII.
396 1033 479 1094 Licet
494 1036 658 1097 Sacerdotis
672 1046 701 1097 et
715 1037 918 1097 Intercessoris
932 1056 1037 1096 munus
1051 1035 1089 1094 sit
1112 1035 1283 1111 ministrare,
1306 1035 1372 1092 Nou
1387 1053 1434 1093 se·

224 1111 324 1186 quitur
337 1112 476 1172 Naturam
490 1116 626 1176 Divinam
636 1117 666 1176 iu
681 1118 795 1176 Christo
806 1116 969 1176 inferiorem
993 1115 1081 1176 statui
1097 1115 1199 1191 Patre;
1225 1115 1355 1191 sequitur
1368 1123 1433 1172 tan·

225 1197 288 1248 tum
313 1190 458 1252 Christum
483 1195 590 1256 factum
614 1217 677 1256 esse
701 1198 840 1255 minorem
864 1197 950 1256 Patre
971 1216 1029 1255 non
1043 1193 1124 1270 pina,
1140 1193 1192 1254 sed
1219 1195 1348 1270 tmssyah,
1374 1213 1436 1252 non

226 1270 358 1362 absolute
373 1281 401 1332 et
416 1273 446 1331 iu
460 1295 499 1350 se,
516 1277 569 1334 sed
582 1278 691 1336 ratione
703 1277 873 1336 voluntariae
888 1277 1120 1354 dispensationis,
1131 1295 1279 1352 perquam
1290 1283 1435 1352 scapoute

228 1351 397 1410 exinanivit.
698 1351 704 1364 ⁸

268 1429 393 1490 XVIII.
417 1431 556 1508 Quamvis
578 1455 686 1513 ponere
696 1437 821 1494 animam
831 1435 947 1513 passive
958 1434 996 1494 sit
1007 1434 1087 1509 mori,
1110 1442 1140 1493 et
1153 1454 1295 1494 assumere
1318 1455 1381 1494 eom
1395 1433 1435 1493 sit

229 1528 388 1587 resurgere,
404 1520 434 1572 et
447 1523 524 1574 recte
536 1524 690 1592 utrumque
710 1515 824 1574 dicatur
845 1515 881 1574 de
904 1523 1008 1574 natura
1020 1515 1156 1590 humana,
1173 1513 1197 1572 si
1220 1523 1317 1573 tamen
1338 1514 1436 1573 active

227 1597 377 1650 sumantur
391 1592 454 1652 istae
467 1593 595 1672 phrases,
608 1605 641 1655 ut
654 1595 816 1654 necessario
826 1595 901 1654 sumi
911 1595 1026 1670 debent,
1037 1594 1058 1654 J
1060 1593 1107 1652 oh.
1121 1614 1151 1652 x.
1169 1595 1266 1669 17,18‚
1278 1593 1328 1652 ubi
1337 1593 1437 1670 agitur

228 1667 264 1727 de
277 1678 419 1746 potestate
433 1675 560 1750 ponendi
573 1683 603 1734 et
623 1675 789 1736 assumendi
809 1675 934 1734 animam
955 1694 1045 1750 suam,
1062 1693 1114 1732 seu
1128 1672 1164 1732 de
1190 1673 1309 1732 arbitrio
1323 1673 1391 1732 vitae
1405 1681 1437 1732 et

228 1751 411 1826 martiatum
425 1773 531 1830 ponere
552 1755 734 1815 animamest
752 1755 843 1814 libere
866 1754 1018 1832 disponere
1038 1753 1075 1812 de
1097 1753 1193 1812 ariima
1220 1772 1273 1812 sua
1296 1761 1435 1829 tanquam

229 1827 386 1890 Dominum
400 1834 593 1894 membrorum
607 1855 733 1909 suorum,
746 1844 775 1894 et
786 1854 848 1894 eam
859 1853 1005 1894 assumere
1016 1841 1061 1893 est
1071 1833 1197 1910 seipsum
1210 1832 1346 1908 excitare,
1356 1831 1437 1909 quod

230 1929 288 1968 non
298 1911 440 1988 humanae,
457 1913 508 1972 sed
521 1915 629 1974 divinae
643 1923 752 1974 natura
767 1922 820 1974 est.

270 1989 365 2049 XIX.
389 1992 424 2050 In
441 1993 587 2054 Sacrificio
609 1993 724 2070 Christi,
748 1993 911 2054 substantia
934 1992 1029 2070 operis
1043 1990 1249 2070 distinguenda
1263 1999 1307 2050 est
1321 1991 1358 2049 ab
1371 1990 1436 2067 ejus

228 2067 327 2128 valore
352 2079 381 2129 et
403 2071 552 2148 dignitate.
595 2075 706 2133 Natura
727 2074 853 2132 humana
872 2073 934 2132 sola
955 2072 1076 2132 contraiit
1089 2071 1179 2150 prius,
1195 2071 1246 2130 sed
1267 2071 1378 2129 Natura
1391 2069 1436 2128 di·

230 2149 298 2205 vina
313 2148 413 2209 debuit
427 2152 556 2213 conferre
578 2154 738 2232 posterius;
760 2153 802 2212 ita
815 2161 848 2213 ut
863 2153 1038 2212 Humanitas
1052 2150 1169 2228 quidem
1190 2151 1334 2224 Victimae,
1351 2149 1434 2208 Divi·

230 2226 306 2285 nitas
330 2248 400 2288 vero
423 2231 587 2292 Sacerdotis
607 2242 704 2311 partes
725 2233 825 2310 egerit,
848 2252 906 2310 quo
927 2252 1014 2292 sensu
1036 2231 1167 2291 Christus
1188 2231 1294 2290 dicitur
1308 2230 1435 2307 seipsum

231 2305 370 2366 obtulisse
385 2329 435 2384 per
448 2311 586 2387 Spiritum
595 2321 742 2386 aeternum,
759 2312 835 2370 Heb.
852 2311 891 2370 ix.
904 2315 950 2370 14.
973 2311 1056 2371 Licet
1069 2319 1165 2370 autem
1175 2311 1300 2370 efficacia
1310 2319 1340 2369 et
1354 2310 1437 2369 valor

233 2385 372 2444 Sacrificii
383 2407 441 2446 uon
452 2389 490 2447 sit
499 2410 551 2466 per
562 2411 593 2450 se
607 2392 682 2450 ectio
696 2393 782 2450 realis
793 2401 822 2450 et
837 2391 970 2467 Physica,
982 2399 1078 2450 tamen
1089 2390 1304 2468 agnoscendum
1315 2398 1359 2449 est
1373 2409 1436 2448 earn

230 2465 260 2522 in
275 2465 387 2526 actione
402 2468 473 2527 reali
487 2489 600 2546 semper
624 2471 661 2529 ah
676 2479 780 2546 agente
794 2471 866 2529 reali
879 2469 1044 2546 procedere.
1089 2470 1121 2530 Si
1135 2491 1205 2548 ergo
1219 2469 1345 2530 efficacia
1359 2477 1403 2528 est
1417 2489 1435 2527 a

232 2544 344 2604 Natura
364 2547 474 2606 Divina
497 2569 555 2626 qua
576 2549 636 2626 tali,
661 2549 858 2641 colligendum
883 2559 927 2608 est
949 2558 1081 2608 naturam
1102 2549 1231 2608 divinam
1254 2570 1311 2627 qua
1338 2549 1434 2624 telem,

233 2635 379 2703 operatam
392 2625 479 2686 fuisse
494 2628 524 2686 in
539 2629 646 2688 Christi
663 2629 819 2705 Sacrificio,
841 2637 927 2708 atque
942 2629 973 2688 in
994 2629 1087 2706 Opere
1102 2629 1275 2689 Mediatorio
1290 2628 1436 2688 Divinita-

233 2714 292 2764 tem
306 2714 402 2784 partes
416 2727 483 2767 suas
496 2709 611 2769 habere.

274 2785 351 2844 XX.
375 2787 519 2848 Mediator
533 2789 620 2849 debet
632 2808 696 2848 esse
707 2788 819 2848 medius
834 2788 909 2847 inter
922 2797 1019 2868 partes
1032 2787 1215 2862 dissidentes,
1231 2807 1288 2846 non
1302 2787 1437 2864 negative

233 2886 285 2943 per
305 2867 492 2926 remotionem
506 2878 709 2944 extremorum,
725 2869 777 2928 sed
790 2869 914 2946 positive
928 2888 979 2946 per
992 2868 1240 2946 participationem
1255 2875 1436 2944 naturarum

234 2947 375 3005 necerim
390 2946 536 3007 Mediator
548 2969 612 3008 esse
627 2957 726 3028 posset
739 2948 777 3007 ad
800 2948 943 3008 uniendos
956 2949 1088 3006 homiues
1113 2967 1177 3008 cum
1194 2948 1265 3022 Deo,
1291 2947 1347 3006 nisi
1362 2966 1438 3005 com-

234 3027 400 3086 munionem
414 3029 533 3088 haberet
552 3050 618 3088 cum
632 3029 770 3106 utrisque.
804 3029 846 3088 Ut
859 3047 929 3106 ergo
948 3028 1021 3090 duas
1034 3035 1151 3088 naturas
1165 3027 1312 3104 copulavit
1330 3027 1360 3084 in
1376 3045 1438 3104 per·

234 3126 305 3165 sona
318 3126 370 3184 per
391 3107 535 3168 Unionem
557 3109 777 3188 hypostaticam,
799 3109 841 3168 ita
865 3107 965 3168 debuit
979 3107 1045 3166 illas
1067 3106 1201 3184 copulare
1216 3107 1245 3164 iu
1265 3105 1366 3166 Officio
1388 3125 1438 3182 per

233 3187 369 3246 unionem
390 3189 542 3263 mysticam
566 3189 749 3248 voluntatum
778 3197 807 3247 et
829 3187 1037 3265 operationum.
1079 3187 1146 3246 Non
1174 3185 1278 3246 sufficit
1306 3206 1375 3264 ergo
1402 3183 1439 3244 ad

235 3265 452 3342 Mediationem,
468 3276 501 3327 ut
514 3269 620 3345 aliquis
635 3268 725 3327 distet
748 3269 785 3328 ab
797 3276 918 3343 utraque
939 3275 1028 3344 parte,
1045 3265 1086 3326 sic
1108 3267 1185 3325 enim
1199 3266 1309 3344 Augeli
1323 3273 1439 3342 possent

235 3363 299 3402 esse
323 3343 499 3404 Mediatores
513 3345 774 3424 distamesquippe
796 3367 814 3404 a
829 3347 892 3404 Deo
915 3354 945 3404 et
967 3345 1141 3421 hominibus,
1158 3345 1209 3406 sed
1230 3345 1384 3423 requiritur
1407 3353 1439 3402 ut

237 3423 276 3480 sit
290 3423 409 3499 aequaIIs
430 3423 568 3484 distantia
588 3435 617 3484 et
640 3426 820 3503 proximitas,
835 3425 866 3482 id
890 3433 942 3498 est,
967 3435 1025 3484 tam
1047 3426 1165 3484 accedat
1183 3434 1212 3484 et
1226 3425 1342 3484 recedat
1355 3424 1391 3482 ab
1406 3444 1439 3484 ec

237 3501 314 3578 apud
328 3521 413 3579 quem
425 3503 462 3561 sit
477 3503 620 3578 mediatio,
643 3523 728 3582 quarn
744 3506 781 3563 ab
806 3525 840 3563 eo
854 3523 906 3580 pro
920 3523 978 3581 quc
992 3503 1043 3562 illa
1065 3505 1111 3564 sit.
1153 3504 1175 3564 J
1176 3525 1222 3564 am
1237 3505 1369 3564 Christus
1382 3523 1440 3562 nou

237 3600 318 3656 aeque
340 3580 428 3638 distat
448 3602 466 3638 a
491 3583 555 3641 Deo
574 3591 603 3642 et
626 3583 750 3658 homine,
767 3603 825 3660 qua
837 3585 924 3642 homo
934 3585 1041 3662 justus,
1058 3594 1090 3644 ut
1111 3585 1176 3644 vult
1195 3585 1331 3658 Bellarm,
1347 3604 1364 3642 a
1379 3585 1441 3643 Deo

236 3660 313 3719 enim
334 3657 430 3718 differt
450 3663 583 3735 essentia,
600 3661 651 3721 sed
672 3663 708 3722 ab
717 3663 882 3722 hominibus
901 3664 1099 3740 peccatoribus
1120 3671 1231 3724 tantum
1246 3663 1441 3740 qualitatibus.

238 3739 326 3816 Ergo,
342 3747 374 3798 ut
388 3739 552 3800 inveniatur
576 3750 604 3800 et
628 3741 773 3816 distantia,
796 3749 825 3801 et
845 3743 1015 3820 proximitas
1030 3743 1208 3819 Mediatoris,
1231 3743 1385 3820 quaerenda
1398 3750 1442 3802 est

237 3819 267 3878 in
283 3819 397 3878 Christo
410 3821 563 3901 θιιήςόπρ,
579 3821 638 3899 qui,
654 3830 687 3880 ut
702 3821 739 3879 ad
752 3822 846 3880 Deum
868 3823 978 3881 accedit
992 3833 1021 3882 et
1040 3843 1057 3882 a
1076 3824 1159 3882 nobis
1173 3823 1289 3898 recedit,
1312 3831 1443 3899 respectu

237 3900 415 3975 Divinitatis,
431 3901 471 3960 ita
481 3901 518 3960 ad
529 3921 582 3962 nos
592 3901 704 3961 accedit
717 3909 746 3960 et
760 3923 777 3960 a
792 3903 855 3962 Deo
869 3903 985 3979 recedit,
1001 3913 1133 3980 respectu
1153 3903 1349 3963 humanitatis.

279 3979 373 4039 XXI.
397 3981 469 4040 Cum
498 3981 599 4041 Patres
619 3991 727 4059 negant
749 3981 894 4042 Christum
922 4003 985 4042 esse
1014 3983 1204 4043 Mediatorem
1229 3992 1372 4061 quatenus
1399 3989 1442 4040 est

241 4061 330 4134 Deus,
359 4060 431 4119 nihil
462 4061 542 4122 aliud
563 4060 673 4137 volunt,
700 4081 787 4139 quam
814 4063 1015 4122 necessitatem
1045 4063 1168 4122 Unionis
1195 4062 1385 4139 hypostaticae
1413 4061 1442 4120 iu

240 4141 354 4199 Christo
377 4139 537 4200 Mediatore
551 4140 687 4218 iudicare,
699 4151 732 4202 ut
747 4141 901 4202 ostendant
911 4162 977 4201 eum
992 4161 1055 4202 esse
1078 4141 1276 4217 Medietatem,
1293 4161 1352 4200 nou
1376 4141 1442 4200 sim·

237 4219 351 4299 pliciter
365 4239 422 4298 qua
434 4222 514 4280 Deus
528 4230 580 4298 est,
596 4221 714 4299 sedqua
729 4223 809 4282 Deus
823 4222 853 4280 iu
873 4241 959 4283 carue
980 4220 1187 4280 manifestatus.

280 4297 393 4356 XXII.
418 4299 501 4360 Licet
516 4302 614 4360 Moses
626 4302 771 4362 Mediator
786 4301 901 4360 Veteris
915 4301 1093 4359 Testamenti
1118 4300 1204 4360 fuerit
1218 4309 1330 4360 tantum
1345 4319 1439 4360 merus

238 4380 343 4453 homo;
367 4377 433 4437 Non
442 4381 572 4458 sequitur
593 4389 622 4440 et
642 4381 788 4440 Christum
809 4381 937 4457 potuisse
952 4379 1110 4438 secundum
1132 4390 1263 4441 naturam
1286 4381 1441 4440 humanam

238 4460 293 4516 hoc
308 4457 401 4516 officio
415 4458 543 4536 defungi.
586 4458 661 4534 Quia
675 4461 732 4518 alia
754 4459 827 4518 ratio
852 4467 896 4518 cst
916 4459 1086 4518 Mediatoris
1101 4460 1199 4537 typici,
1215 4459 1267 4537 qui
1287 4479 1384 4518 merus
1398 4469 1441 4520 est

238 4537 443 4613 internuncius,
460 4538 529 4596 Alia
543 4539 615 4616 ejus,
631 4539 681 4616 qui
695 4558 782 4597 verus
796 4545 840 4596 est
860 4543 1016 4618 nigrescente,
1032 4539 1082 4616 qui
1106 4541 1221 4600 nonnisi
1235 4538 1317 4621 aingp
1331 4539 1443 4598 infinito

238 4616 332 4694 potuit
346 4635 399 4673 nos
415 4617 477 4674 Deo
493 4617 684 4694 reconciliare,
697 4617 792 4694 qualis
806 4616 906 4678 debuit
927 4639 989 4678 esse
1000 4619 1140 4680 Christus.
