3150 5206
227 313 287 369 246
634 329 726 368 nouus
741 329 871 370 uncinus
886 328 1021 370 nunnius.
1275 305 1403 388 [ounsr.
1421 328 1440 366 1.

233 469 271 562 ad
292 469 357 560 ejus
380 469 531 562 veritatem
559 467 737 563 salvandam,
767 470 792 529 si
815 469 934 547 aliquod
960 469 1090 545 regimen
1110 476 1140 562 et
1159 467 1340 546 principatus
1361 467 1391 525 in
1409 487 1442 526 ea

234 545 1443 706 :ittitlltltgltltilltttlfultbltttttbb·illuit

235 715 367 784 utroque,
393 709 556 786 usquedum
578 709 690 768 venerit
706 709 796 784 Silob,
819 709 871 768 sed
892 709 1061 768 alterutrum
1076 726 1188 784 semper
1201 716 1346 766 retentum
1361 707 1404 782 iri,
1420 707 1444 765 si

235 805 294 844 non
311 787 471 865 Seeptrum,
486 799 516 848 at
531 789 752 867 legislatoriam
766 797 795 847 et
806 788 988 867 judiciariam
1003 795 1174 866 potestatem
1189 795 1219 845 et
1232 788 1375 861 manta
1416 790 1444 844 4.

237 865 303 924 Non
318 869 426 946 requiri
439 868 526 926 etiam
546 878 579 928 ut
600 869 758 928 dominium
780 889 892 946 semper
913 868 1070 928 obtinuerit
1090 867 1226 926 continua
1239 877 1269 924 et
1282 885 1342 924 non
1356 867 1443 924 inter-

236 955 321 1024 rupta
335 949 425 1024 serie;
448 949 519 1008 eatis
533 967 596 1007 esse
610 955 644 1006 ut
657 947 852 1008 denominatio
866 967 980 1025 semper
992 947 1095 1022 fuerit;
1111 954 1145 1004 ut
1157 946 1212 1004 etsi
1222 946 1359 1022 Regnum
1374 945 1445 1004 His·

236 1027 371 1102 panicum
385 1027 531 1086 transierit
544 1028 581 1084 ad
595 1027 713 1086 domum
733 1027 927 1102 Aust-iscam,
942 1047 1001 1085 non
1015 1027 1122 1085 desinit
1134 1026 1233 1084 vocari
1247 1027 1363 1083 Corona
1376 1025 1445 1083 His-

258 1125 349 1166 amca.

237 1126 257 1183 p
279 1185 369 1244 XVI.
392 1185 449 1244 Hie
462 1185 565 1262 positis
579 1185 644 1245 dieo
658 1186 902 1246 continuationem
919 1186 1031 1262 Sceptri
1045 1194 1075 1245 et
1089 1184 1246 1242 Potestatie
1260 1183 1291 1241 in
1304 1183 1388 1242 Jnda
1397 1183 1445 1242 de·

238 1265 392 1322 monstrari
406 1283 464 1322 nou
478 1265 712 1342 obseureposse:
729 1270 755 1324 1.
771 1267 800 1324 Α
814 1265 927 1324 Davide
940 1284 1032 1340 usque
1047 1263 1084 1322 ad
1099 1264 1302 1342 Captivitatem
1318 1263 1445 1340 Babylo·

239 1343 333 1400 nicam
348 1363 400 1420 per
419 1347 478 1402 470
499 1363 565 1402 ann.
588 1349 616 1403 2.
639 1345 675 1402 Iu
696 1345 879 1422 Captivitate,
903 1345 997 1422 primo
1017 1345 1048 1402 in
1066 1343 1204 1402 Jccloaia
1224 1343 1308 1419 eujus
1334 1345 1447 1420 “eaput

240 1421 346 1481 extulit
361 1423 592 1498 Evilmerodaeb,
608 1433 637 1482 et
651 1425 786 1484 thronum
807 1425 871 1502 ejus
892 1423 1055 1500 anteposuit
1068 1423 1190 1481 aliorum
1205 1423 1321 1498 Regum
1336 1423 1444 1496 soliis,”

241 1501 342 1578 aReg.
354 1522 425 1560 xxv.
436 1505 534 1577 2738,
545 1503 672 1562 seeundo
682 1505 713 1561 in
722 1505 853 1580 Daniele,
862 1503 981 1581 quierat
990 1523 1026 1562 ex
1037 1503 1115 1562 tribu
1123 1502 1210 1560 Judae
1219 1511 1249 1560 et
1257 1521 1296 1559 ex
1306 1501 1446 1578 sanguine

242 1581 345 1658 Regio,
363 1581 437 1641 Dan.
454 1583 482 1640 ii.
498 1585 545 1657 25,
561 1592 632 1642 etv.
657 1586 703 1658 13,
725 1584 810 1643 tertio
830 1584 861 1641 in
881 1583 1136 1642 AEclmoletorcla'a
1156 1582 1207 1658 qui
1227 1581 1256 1638 in
1279 1581 1446 1656 captivitate

240 1661 365 1736 firerunt,
380 1663 457 1720 unde
474 1663 613 1737 Ramban,
628 1663 679 1722 lib.
694 1663 747 1722 ult.
762 1663 820 1722 lad.
835 1683 860 1724 c.
872 1664 921 1736 iv,
938 1665 956 1696 “
967 1661 1230 1720 AEchmalotarehae
1246 1659 1338 1738 Regia
1352 1660 1446 1718 locum

241 1741 381 1816 obtinent,
396 1741 465 1817 quia
478 1741 592 1816 dicitur,
609 1743 674 1800 Non
691 1743 836 1801 auferetur
849 1743 1023 1820 sceptrum,”
1040 1740 1103 1817 doc,
1120 1741 1156 1798 R.
1174 1739 1277 1798 Sabin
1294 1739 1383 1797 Sanh.
1397 1737 1446 1797 fol.

241 1822 270 1894 5,
287 1822 305 1853 “
317 1821 383 1878 Nou
397 1821 542 1880 auferetur
556 1831 708 1898 sceptrum,
725 1822 787 1881 Ista
801 1831 868 1880 sunt
882 1822 984 1898 Capita
997 1821 1086 1896 exilii,
1102 1839 1166 1897 quae
1181 1819 1344 1896 gubernant
1357 1837 1445 1896 popu·

241 1898 302 1957 lum
316 1900 431 1959 indultu
441 1901 554 1976 Regum
567 1901 703 1959 Persie.''
746 1904 774 1960 3.
787 1901 817 1959 A
828 1901 1001 1978 captivitate
1012 1899 1199 1976 Babylonica,
1215 1899 1245 1956 in
1260 1897 1446 1972 Zorobabale,

241 1979 292 2054 qni
306 1999 396 2054 nepos
410 1980 432 2039 J
433 1979 569 2054 echoniaa,
585 1989 614 2038 et
629 1981 776 2055 Nehemia,
793 1999 878 2057 quem
893 1999 930 2038 ex
944 1981 1021 2040 tribu
1030 1979 1125 2038 Judae
1139 1977 1229 2037 luisse
1243 1986 1325 2036 notat
1340 1977 1446 2036 Euseb.

242 2057 273 2114 in
296 2058 402 2116 Chron.
427 2077 455 2134 p.
482 2058 548 2133 156,
571 2059 648 2117 uude
663 2060 825 2134 Nehemias,
841 2059 891 2136 qui
904 2058 1074 2117 referturad
1090 2057 1268 2132 Sacerdotes,
1285 2057 1358 2115 Neh.
1373 2077 1403 2114 x.
1420 2060 1446 2130 1,

243 2136 318 2194 alius
333 2137 420 2194 debet
434 2155 497 2196 esse
511 2139 548 2196 ab
563 2138 627 2211 isto,
650 2147 682 2198 ut
699 2148 812 2198 constat
832 2159 870 2198 ex
891 2159 953 2215 cap,
969 2139 1026 2214 ⁸vii.
1048 2141 1075 2212 5,
1098 2142 1125 2211 7,
1148 2137 1222 2195 duos
1242 2136 1331 2195 brisce
1353 2137 1447 2195 Neha-

243 2215 325 2272 mias.
366 2217 394 2272 4.
410 2213 439 2272 A
456 2216 596 2274 Nehemia
612 2217 650 2274 ad
665 2219 812 2277 Herodem
827 2237 878 2296 per
896 2237 987 2276 annua
1002 2221 1069 2292 355,
1085 2216 1229 2275 diffieilior
1242 2223 1287 2274 est
1307 2216 1445 2292 probatio,

242 2293 312 2369 quia
327 2292 484 2368 Scripturas
499 2295 598 2352 Canon
613 2296 727 2371 defieit;
751 2299 801 2356 sed
816 2305 911 2374 potest
925 2297 1024 2374 colligi
1037 2297 1149 2356 tribus:
1173 2300 1200 2353 1.
1216 2295 1318 2370 Quoad
1331 2297 1446 2354 Macca-

243 2374 315 2429 boeoa
323 2395 334 2442 ;
356 2371 431 2429 Nam
445 2374 514 2432 lieet
527 2385 624 2433 essent
638 2395 675 2433 ex
689 2376 767 2434 tribu
782 2377 863 2451 Levi,
886 2397 945 2435 non
967 2377 1117 2436 desinebat
1140 2375 1274 2452 Regnum
1289 2375 1447 2434 Judaicum

242 2450 349 2525 vocari,
365 2450 441 2526 quia,
456 2460 489 2510 ut
509 2452 531 2510 J
534 2451 597 2511 ude
611 2454 704 2512 tribus
725 2456 818 2513 solum
839 2455 925 2514 rediit
939 2475 976 2514 ex
991 2455 1157 2532 captivitate
1172 2473 1237 2513 cum
1251 2453 1328 2512 tribu
1344 2455 1448 2531 Benja·

243 2529 338 2670 illl
353 2530 598 2688 5,ῒῖζῖἰέἒὲ
613 2533 748 2672 llll}
765 2533 1449 2692 {luitbtustllllltltttffil¹

244 2653 379 2767 oeperalut
393 2709 411 2748 a
424 2691 501 2749 tribu
515 2657 611 2766 Judae’,
628 2701 658 2752 et
671 2693 701 2750 in
715 2711 757 2767 ea,
773 2693 894 2771 ejusque
914 2695 1029 2752 nomine
1043 2693 1116 2752 illud
1130 2693 1277 2770 gerebant,
1301 2711 1368 2750 vere
1392 2693 1449 2750 dici

243 2779 356 2847 poterat
371 2778 513 2846 sceptrum
528 2773 620 2830 teneri
641 2793 658 2832 a
680 2773 701 2833 J
704 2773 768 2849 uda,
795 2775 864 2850 quia
884 2773 997 2851 imperii
1010 2775 1147 2850 majestas
1161 2791 1274 2849 semper
1283 2792 1373 2849 penes
1387 2791 1448 2830 eam

243 2850 386 2926 manebat,
400 2852 544 2928 quomodo
559 2851 614 2912 fuit
627 2873 716 2930 penes
731 2854 862 2929 Romam,
880 2853 1019 2930 Hispanis
1034 2862 1063 2911 et
1077 2853 1237 2911 [lbraeibus
1251 2853 1281 2910 in
1297 2853 1447 2929 imperium

244 2929 363 3006 electis,
386 2935 414 2988 2.
437 2931 473 2989 In
494 2934 759 3008 AEclmalotorelb,
781 2933 817 2992 de
839 2933 944 3010 quibus
959 2951 1062 3010 supra3
1085 2935 1112 2991 3.
1128 2933 1164 2990 Iu
1178 2933 1318 3008 Speedrio
1338 2951 1447 3008 magno,

245 3011 329 3086 cujus
349 3031 456 3087 magua
477 3031 590 3090 semper
603 3013 657 3072 suit
670 3021 808 3092 potestas,
823 3023 857 3073 ut
869 3013 1018 3088 Josepbus
1032 3020 1122 3087 notat,
1137 3012 1157 3070 l.
1176 3015 1221 3085 14,
1237 3031 1261 3073 c.
1277 3011 1358 3084 xvii,
1374 3011 1448 3070 unde

245 3091 313 3148 huie
353 3091 524 3150 Senatorum
559 3094 682 3170 collegio
709 3093 845 3152 tribuitur
878 3093 999 3151 thronus
1035 3091 1154 3168 Regius,
1192 3091 1268 3149 Psal.
1301 3091 1390 3150 oxxii.
1421 3093 1447 3163 5,

246 3173 264 3227 2
289 3169 413 3247 Paralip.
436 3172 497 3230 xix.
521 3173 558 3246 85
581 3173 693 3232 Praees
715 3173 877 3250 appellatur
889 3191 945 3245 rsa,
962 3180 991 3231 et
1004 3171 1033 3229 in
1048 3171 1219 3231 ludaeorum
1238 3171 1320 3230 libris
1343 3171 1449 3247 passim

246 3255 367 3305 vocatur
390 3255 459 3322 aaut,
484 3249 596 3325 fuitque
620 3271 733 3328 semper
761 3272 799 3311 ex
826 3251 903 3311 tribu
931 3251 953 3312 J
954 3251 1028 3326 udae,
1057 3258 1090 3309 nt
1113 3259 1237 3310 testatur
1258 3250 1451 3327 Chronologia

247 3323 269 3382 J
272 3323 392 3416 udaiea;
415 3327 534 3385 Etcum
549 3329 717 3388 solatribus
738 3330 826 3389 Judae
847 3351 912 3388 eum
927 3331 1091 3389 accessione
1108 3331 1289 3407 Benjaminis
1308 3329 1448 3404 rediisset,

247 3400 368 3460 dubium
382 3423 440 3460 uon
455 3413 506 3478 est,
523 3406 593 3480 quin
607 3425 645 3464 ex
656 3407 710 3466 hae
721 3408 806 3483 tribu,
817 3409 919 3486 majori
933 3410 1035 3469 saltem
1050 3429 1087 3468 ex
1101 3419 1190 3488 parte,
1206 3407 1362 3468 conflatum
1376 3417 1452 3468 esset

247 3481 303 3538 hoc
328 3481 496 3554 concilium:
512 3503 600 3559 penes
622 3486 701 3562 quod
726 3487 876 3564 Regimen,
891 3487 991 3564 donee,
1014 3510 1032 3548 a
1051 3490 1190 3548 Romanis
1205 3489 1324 3548 subacta
1337 3489 1450 3563 Judae,

249 3559 382 3617 Potestas
405 3559 456 3617 illa
475 3562 615 3636 paulatim
635 3565 734 3625 attrita
754 3574 806 3639 est,
829 3575 858 3626 et
878 3567 994 3627 taudem
1009 3570 1124 3646 penitus
1143 3568 1265 3628 sublata
1309 3569 1358 3628 Sie
1372 3589 1451 3628 earne

249 3639 478 3730 Reip.Judeicoe,
489 3640 544 3698 sub
554 3643 640 3701 aaa
650 3645 729 3703 hisee
735 3646 872 3721 madibus
881 3649 1004 3725 spectari
1014 3657 1110 3725 petest
1120 3671 1127 3707 ι
1137 3649 1243 3724 Ριίιιιο,
1253 3649 1450 3725 elchompcio,

247 3717 792 3813 quicoepitanu.6(lanteChrisu1m;
817 3725 959 3802 Secundo,
981 3747 1038 3804 quo
1058 3737 1207 3805 promotus
1228 3737 1280 3801 est,
1303 3748 1320 3786 a
1340 3729 1407 3787 cnr.
1422 3748 1450 3786 x.

247 3817 336 3874 quum
350 3799 490 3858 Arelelno
499 3801 643 3861 V1ennam
656 3807 780 3880 relegato
791 3806 812 3864 J
813 3806 897 3865 udae
906 3807 937 3865 in
951 3808 1071 3865 somnam
1084 3807 1244 3866 Provincia
1258 3808 1376 3867 redacta
1390 3817 1451 3884 est;

248 3878 354 3953 Tertio,
370 3898 428 3955 quo
443 3891 658 3941 consummatus
672 3883 727 3943 luit
740 3887 789 3944 aad
803 3888 872 3962 Tito,
885 3887 1032 3981 destructo
1046 3887 1169 3980 Templo
1181 3896 1210 3946 et
1225 3887 1306 3948 Urbe
1320 3888 1425 3947 diruta.

248 3995 489 4128 85155555
509 3959 657 4100 elli·
681 3963 1452 4123 bairumrrtrfflttdlrueturu

277 4127 352 4158 mana
364 4114 488 4170 ⁰⁸³¹⁰¹¹⁸³
511 4121 729 4200 “Septuaginta
742 4125 908 4202 septimana
923 4125 1026 4185 decise
1038 4136 1105 4186 sunt
1115 4145 1202 4204 supra
1211 4145 1249 4205 po
1269 4125 1350 4186 ulum
1361 4134 1451 4200 tuam,

246 4206 276 4257 et
290 4217 376 4275 super
399 4199 553 4260 Civitatem
577 4210 714 4278 aeneum,
741 4205 776 4262 ad
803 4205 991 4264 cohibendam
1006 4205 1205 4282 defectionem,
1272 4203 1454 4284 obsignanda

245 4285 372 4356 peccata,
395 4279 432 4337 ad
453 4281 626 4358 expiandam
651 4281 842 4358 iniquitatem,
858 4291 887 4342 et
901 4283 1100 4343 adducendam
1121 4287 1263 4363 justitiam
1280 4287 1451 4360 seculorum,

246 4367 276 4416 et
298 4357 336 4414 ad
360 4357 568 4436 obsignandam
592 4361 735 4421 visionem
757 4371 787 4422 et
808 4363 996 4440 prophetiam,
1020 4373 1049 4423 et
1071 4365 1110 4423 ad
1131 4365 1298 4443 ungendum
1315 4366 1452 4426 Sanctum

249 4437 428 4496 Sanctorum.
485 4439 580 4517 Igitur
594 4443 761 4518 cognoscite
775 4451 805 4501 et
818 4442 983 4522 intelligito,
998 4443 1035 4502 ab
1050 4445 1250 4506 enunciatione
1264 4446 1346 4504 verbi
1359 4445 1396 4504 de
1409 4463 1452 4503 re·

246 4515 379 4575 ducendo
400 4518 516 4595 populo,
537 4528 567 4579 et
585 4519 621 4580 de
636 4521 812 4581 aedificandis
828 4523 1040 4602 Hierosolymis
1060 4525 1204 4602 usquead
1219 4525 1358 4585 Messiam
1373 4533 1452 4583 ante-

246 4614 397 4670 cessorem,
413 4596 473 4654 fore
488 4599 663 4676 septimanas
678 4609 796 4679 septem,
819 4602 923 4664 deinde
944 4605 1119 4684 septimanas
1134 4606 1286 4682 sexaginta
1300 4605 1381 4679 duas,
1398 4601 1452 4664 tc.
