3108 5198
115 381 222 431 cnusr.
238 360 303 444 nn]
647 383 686 422 nn
701 383 777 424 naon
792 383 851 424 ner.
1282 364 1320 422 23

150 521 260 581 XVII.
276 520 383 581 Verba
396 520 508 599 Christi,
524 523 610 583 Meti.
621 543 650 583 v.
662 525 710 602 39,
723 526 771 600 40,
783 523 820 584 de
834 523 1001 584 otvmtsrrdo
1011 523 1132 584 maxilla
1142 521 1317 598 percutienti,

113 603 335 678 eratnqm
345 602 436 678 pellib
444 604 557 680 piune,
569 623 629 663 non
638 611 698 664 tem
706 605 826 680 peritios
836 603 1025 681 intelligenda
1036 610 1111 679 eunt,
1123 601 1207 680 quasi
1217 619 1319 662 revera

112 681 291 775 obvertcnda
317 691 395 742 esset
417 682 544 759 maxilla,
567 691 597 744 et
619 683 739 778 pallium
760 684 972 778 dimittendum,
983 763 990 777 ι
993 683 1077 822 1quod
1107 701 1161 742 uec
1185 680 1318 774 Qhristus

113 761 1317 920 zffltdttttrtltt‘ssttrtttttttlittttttltl

113 921 265 997 tricolim,
280 931 310 980 ct
322 925 393 980 mul
406 927 434 981 st
446 927 518 1002 intr,
534 923 715 1002 sedfipuratc
728 934 756 983 st
766 924 939 1000 lppsrbolice
951 925 1021 984 mi
1034 927 1062 981 si
1077 927 1160 998 imis,
1175 921 1212 980 de
1226 920 1317 981 altere

111 1001 202 1076 petius
216 999 343 1060 serenda
355 1001 469 1080 injuria,
480 1023 568 1080 quam
581 1003 669 1080 priori
682 1003 865 1064 ulciscenda:
884 1002 927 1064 Ut
940 1003 987 1062 hic
998 1002 1173 1063 attendenda
1187 1000 1245 1059 sint
1258 1019 1317 1058 non

111 1081 195 1138 verba
213 1080 288 1158 ipsa,
305 1081 360 1140 sed
374 1101 476 1142 sensus
489 1091 519 1142 et
532 1101 645 1160 scopus,
664 1103 724 1142 nen
738 1084 849 1162 species
867 1083 1011 1162 praecepti,
1027 1082 1080 1144 sed
1099 1101 1192 1159 genus
1205 1083 1261 1161 περὶ
1274 1085 1316 1146 nis

112 1163 225 1235 trepaeis
239 1169 271 1220 et
290 1163 467 1234 dirimetur:
490 1162 614 1222 Vetater
631 1182 701 1241 ergo
721 1163 769 1224 hic
789 1164 945 1224 resistentia
964 1163 1117 1240 culpnlrn'lrb,
1139 1181 1205 1240 qum
1225 1161 1259 1220 fit
1279 1179 1316 1218 cx

110 1241 243 1314 vindicta,
260 1241 316 1300 sed
330 1261 390 1301 non
404 1242 533 1319 lepit'moe
546 1244 711 1318 &snubere
725 1251 755 1304 et
767 1244 922 1321 inculpatae
935 1243 1043 1303 tutele.

147 1319 274 1380 XVIII.
292 1320 428 1381 Christus
435 1341 495 1381 non
508 1324 634 1382 correxit
649 1323 828 1401 Preceptrun
843 1323 996 1401 septimum
1010 1322 1047 1382 de
1061 1320 1211 1396 adulterio,
1226 1339 1316 1396 quum

109 1398 178 1458 illud
190 1400 329 1460 extendit
341 1401 382 1460 ad
391 1401 577 1479 cupiditatem
587 1411 617 1462 et
630 1413 779 1482 aspectum
788 1403 926 1478 mulieris,
943 1403 1028 1463 Matt.
1039 1422 1068 1461 v.
1084 1404 1133 1477 28,
1148 1401 1201 1460 sed
1214 1419 1316 1459 verum

109 1497 219 1540 sensnm
230 1480 326 1558 Legis
335 1482 437 1559 aperit,
448 1501 515 1559 quer
522 1489 556 1542 ut
566 1483 731 1560 spiritualis,
742 1503 801 1543 non
812 1491 948 1544 externos
958 1490 1070 1544 tentum
1081 1489 1177 1541 motus
1182 1479 1315 1556 attendit,

110 1559 198 1619 sedet
211 1561 356 1636 iuternoa,
365 1569 399 1621 ut
412 1571 586 1640 preceptum
599 1563 733 1624 ultimum
746 1563 783 1622 de
798 1563 1029 1641 concupIscentie
1046 1561 1102 1621 hoc
1115 1561 1232 1637 evincit,
1248 1579 1315 1619 con·

109 1638 339 1774 qral’harisaoe,
354 1641 407 1719 qui
420 1641 530 1719 Legem
552 1641 639 1702 istam
660 1643 873 1720 restringebant
896 1643 934 1703 ad
947 1643 1042 1704 solum
1054 1649 1151 1702 actum
1165 1647 1317 1700 externum

121 1727 317 1780 ornrcetronrs.

146 1797 239 1857 XIX.
262 1799 450 1878 Praeceptum
463 1799 570 1860 Christi
580 1801 617 1864 de
630 1823 688 1862 noir
700 1802 865 1861 dr'nrittermu
887 1820 979 1860 amore
1001 1808 1085 1859 emta
1106 1817 1221 1858 cansam
1235 1799 1316 1857 adet·

111 1877 170 1936 terii
177 1879 318 1939 convenit
332 1899 400 1938 cum
414 1879 494 1957 Lege
505 1875 606 1957 Moris,
624 1881 742 1942 Denter.
757 1880 839 1942 xxiv.
857 1883 883 1940 1.
898 1880 949 1940 ubi
962 1877 1075 1956 dempsi
1088 1883 1202 1971 πςῖγμι
1211 1877 1317 1955 optime

110 1965 246 2032 peterten
260 1958 376 2035 referri,
392 1967 422 2019 et
444 1979 510 2019 cum
532 1961 714 2021 institutione
736 1961 829 2038 prime
852 1979 938 2038 quem
952 1958 1040 2020 refert
1053 1959 1194 2034 Christus,
1210 1956 1315 2018 Maon.

109 2037 167 2095 xix.
180 2041 207 2112 4,
218 2041 246 2098 5.
293 2039 360 2098 Nec
374 2038 464 2098 verbe
476 2039 513 2098 de
526 2039 626 2100 libello
640 2040 754 2117 repudii
764 2060 829 2117 quer
842 2040 1005 2101 referuntur
1018 2059 1036 2098 e
1049 2038 1173 2112 Christo,
1189 2035 1315 2096 referun-

110 2124 153 2175 tur
165 2137 198 2177 eo
211 2134 316 2194 sensu,
330 2137 390 2196 quo
403 2118 583 2181 habebantur
595 2121 626 2178 in
641 2119 730 2197 Lege,
745 2119 798 2180 sed
811 2139 869 2198 quo
883 2119 1102 2198 exponebantur
1114 2137 1133 2175 a
1146 2115 1315 2178 Pherisaeie:

111 2193 178 2254 Nam
200 2197 349 2258 Pharisaei
361 2198 554 2276 loquebantur
567 2200 728 2278 categorico
741 2208 771 2259 et
792 2199 971 2278 impmetive,
985 2199 1056 2259 Atra
1069 2200 1137 2279 ιιήᾕ
1154 2198 1315 2273 tmtmr,

109 2275 156 2334 sed
173 2279 264 2338 verba
287 2277 386 2338 Moris
410 2283 478 2338 sunt
501 2279 696 2356 hypothetica,
712 2279 831 2340 Denter.
846 2279 928 2338 xxiv.
946 2283 973 2340 1.
1016 2283 1035 2316 “
1050 2279 1082 2338 si
1104 2278 1170 2356 quie
1184 2296 1314 2354 uxorem,

111 2352 170 2430 dre,
184 2357 340 2433 dianserit,
356 2365 386 2417 et
398 2357 530 2418 libellum
543 2358 727 2420 dismesionIe
747 2359 775 2418 ci
789 2359 963 2436 scripserit.”
1006 2365 1034 2421 2.
1056 2359 1156 2418 Moses
1169 2358 1257 2418 habet
1270 2377 1316 2416 re·

110 2435 280 2497 sunnonem
296 2438 330 2497 in
352 2438 540 2515 permissione
557 2439 679 2516 repudii,
694 2441 727 2500 ot
740 2439 948 2516 mrpitudincrn,
963 2457 1009 2498 *cr
1021 2463 1088 2515 ero,
1110 2437 1163 2499 sed
1177 2435 1317 2496 Pharisai

111 2515 170 2574 sine
182 2517 240 2576 ulla
252 2517 440 2594 limitatione,
456 2517 621 2596 “Quisquis
635 2519 775 2580 dimiserit
788 2539 918 2595 morem,
934 2519 984 2578 det
994 2516 1021 2574 ei
1030 2513 1162 2578 libellum
1171 2516 1315 2595 repudii,”

111 2597 190 2671 qussi
202 2597 339 2658 dimissio
353 2598 454 2658 uxoris
466 2617 649 2676 quecumque
663 2599 698 2658 de
712 2619 800 2659 carrea
812 2599 897 2674 fecte,
918 2595 1143 2675 haudqusquem
1157 2595 1316 2656 intercede-

109 2675 253 2756 retingi,
278 2677 371 2738 uredo
395 2677 598 2738 observaretur
619 2677 749 2740 dimissio
768 2698 834 2743 cunr
857 2678 989 2754 formula,
1012 2683 1042 2735 et
1064 2676 1185 2736 maritus
1204 2673 1317 2734 solenni

111 2753 204 2814 libello
230 2777 280 2817 res
311 2777 380 2817 snes
406 2757 462 2817 sibi
489 2758 596 2817 bebere
622 2766 654 2818 et
672 2777 719 2820 res
739 2779 807 2820 suas
828 2758 884 2820 eibi
904 2777 991 2836 agere
1018 2756 1136 2833 juberet
1155 2756 1315 2816 mulierem.

110 2835 136 2892 3.
157 2835 315 2914 Perpetem
339 2837 427 2896 etiarn
449 2837 541 2897 verba
564 2837 657 2898 Mosis
680 2839 833 2898 trahebant
856 2837 996 2898 Pharisaei
1015 2835 1055 2894 ed
1081 2835 1317 2914 approbationem

109 2913 229 2992 divortii,
245 2937 318 2977 cum
331 2925 409 2976 esset
421 2925 535 2977 tnntnnr
545 2918 696 2978 tolo-entia
709 2926 739 2978 et
746 2918 903 2996 peruncto,
915 2937 981 2995 qne
991 2934 1050 2975 non
1063 2915 1138 2974 illud
1147 2913 1317 2974 instituebat

111 3013 158 3070 per
172 3015 210 3072 se,
222 2997 277 3056 sed
286 2996 408 3056 modum
416 2997 716 3076 tentumiIIIponebet
728 3018 781 3074 per
793 2995 928 3056 accidens
940 3001 1058 3073 propter
1071 2992 1205 3052 duritiem
1220 2991 1316 3050 cordis

111 3073 287 3152 iudeorum,
312 3076 399 3136 Matr.
413 3077 476 3136 xix„
491 3081 518 3152 7,
534 3079 562 3136 8.
605 3077 691 3139 Unde
712 3077 845 3136 Christus
857 3075 922 3134 loco
936 3081 980 3134 est
992 3072 1131 3146 inw‘amo,
1145 3091 1204 3148 quo
1215 3070 1315 3129 Phari·

111 3153 157 3211 sei
178 3156 223 3214 nsi
247 3155 375 3231 suerent,
390 3156 472 3216 addit
484 3157 606 3216 verbum
624 3153 759 3236 leicester,
778 3155 916 3233 permisit,
940 3173 998 3214 non
1022 3151 1101 3229 quod
1113 3149 1225 3210 licitum
1239 3157 1316 3210 esset

113 3233 315 3308 ἀὺριιυαιίωιι
328 3237 440 3312 morali,
455 3235 534 3312 quod
547 3235 663 3296 demum
677 3237 735 3296 tale
749 3235 930 3311 eratforerrri
941 3243 969 3293 et
980 3233 1061 3306 neit,
1077 3230 1317 3292 interlocutione

112 3314 185 3388 imr's,
199 3315 283 3392 qnod
296 3313 415 3374 demum
427 3316 605 3376 relaxatione
614 3335 707 3393 poerroe
714 3340 727 3390 ,·
747 3322 799 3376 aut
817 3313 916 3393 quoad
926 3312 1137 3374 immunitatem
1151 3331 1169 3370 a
1181 3310 1267 3388 culpe
1287 3311 1318 3370 in

111 3390 168 3451 iore
180 3393 298 3455 interno
312 3395 505 3471 conscientie,
520 3395 600 3473 quod
612 3395 728 3456 demum
742 3396 869 3456 immune
883 3415 901 3456 e
913 3413 1000 3473 poena
1012 3393 1043 3451 in
1056 3391 1119 3451 soro
1132 3389 1213 3452 civili
1225 3397 1256 3451 et
1265 3409 1316 3450 ex-

147 3551 223 3612 XX.
240 3555 425 3632 Praecptm
433 3553 730 3633 dilectionisproximi
743 3573 802 3614 non
815 3559 912 3632 potest
924 3551 982 3612 dici
996 3558 1156 3612 correctum
1169 3569 1188 3608 a
1201 3547 1317 3609 Christo

110 3631 215 3692 ratione
229 3634 339 3709 officit,
349 3633 433 3710 qnasi
446 3634 594 3712 objectum
607 3635 771 3694 dilectionis
785 3633 871 3693 fuerit
884 3632 1036 3710 angrrstius
1050 3630 1105 3691 sub
1118 3630 1157 3690 V.
1172 3629 1215 3705 T,
1230 3627 1315 3686 nimi·

109 3728 169 3768 ram
178 3713 343 3788 prominere,
369 3713 420 3790 qui
441 3714 571 3790 ejusdem
594 3713 711 3773 foederis
733 3721 763 3772 ct
783 3713 933 3790 religionis
951 3719 1047 3788 cseet;
1070 3710 1107 3768 Ιιι
1127 3728 1204 3768 novo
1217 3715 1315 3767 autem

110 3786 202 3866 latius,
225 3791 308 3869 qnod
321 3791 495 3851 extendatur
518 3792 556 3852 ad
578 3813 678 3852 omnes
691 3793 822 3853 homines
835 3793 867 3850 in
879 3791 1055 3866 universim,
1067 3789 1154 3848 etiam
1167 3787 1317 3846 inimicos:

112 3867 182 3927 Nam
205 3871 286 3932 idem
311 3879 357 3931 est
377 3871 531 3948 utrobique
554 3872 718 3932 dilectionis
740 3872 915 3947 mandatum,
934 3869 1012 3930 idem
1036 3868 1190 3946 objectum,
1216 3864 1317 3923 eadem

110 3946 207 4022 forma,
222 3959 254 4010 st
268 3951 347 4010 idem
360 3949 435 4026 finis,
460 3951 561 4011 endem
585 3951 711 4028 dilectio,
736 3959 796 4012 tarn
818 3951 955 4012 aanor
978 3949 1088 4012 ratione
1102 3945 1204 4021 οὸροοίί,
1229 3962 1317 4020 quum

110 4026 237 4088 issara
250 4030 365 4091 ratione
378 4031 456 4089 medi
474 4050 527 4090 seu
545 4031 661 4108 gradus.
704 4030 761 4090 Per
774 4032 942 4090 Preeinum
956 4029 1039 4105 cujus
1054 4024 1237 4084 dilectionem
1252 4023 1317 4082 Lex

112 4109 278 4184 prescribit
294 4129 354 4169 non
367 4109 540 4187 intelligitur
553 4118 666 4171 tentum
689 4109 813 4170 Jndseus
835 4118 865 4171 et
878 4107 1033 4187 populeris,
1055 4104 1106 4165 scd
1120 4103 1217 4182 quivis
1230 4103 1318 4162 ctiam

113 4189 289 4264 peregrinius,
315 4189 374 4246 irno
395 4196 426 4248 et
445 4189 588 4264 inimicus,
603 4209 661 4267 quo
675 4208 763 4249 sensu
776 4190 908 4266 AEppptri
919 4195 1060 4246 vocantur
1067 4185 1205 4262 proximi,
1221 4179 1316 4274 Exod-

114 4263 151 4321 xi.
172 4271 200 4342 2,
226 4278 257 4327 et
281 4268 425 4342 Pliilistmi,
449 4269 521 4328 Jud
542 4269 603 4328 xiv.
619 4271 668 4328 20.
712 4269 760 4328 Sic
785 4269 880 4328 Levit.
905 4268 968 4326 xix.
985 4268 1031 4341 18,
1053 4264 1179 4343 proximi
1202 4279 1318 4320 nomine

119 4343 202 4403 ctiam
215 4355 351 4407 censetur
364 4346 506 4424 inimicus,
528 4367 617 4424 quum
632 4347 755 4407 edicitur
776 4350 795 4382 “
808 4367 845 4408 nc
858 4347 1040 4420 ulciscantur,
1055 4345 1105 4404 vel
1118 4345 1189 4401 iram
1204 4345 1321 4400 servent

112 4420 277 4500 inipsum,’'
293 4435 323 4486 et
337 4426 456 4487 Prover.
470 4447 543 4486 xxv.
558 4431 606 4504 21,
621 4431 671 4502 22,
689 4427 775 4506 jubet
791 4428 927 4486 Salomon
949 4427 967 4458 “
982 4425 1129 4482 inimicum
1143 4419 1318 4505 esurientem

114 4501 215 4580 tibere,
232 4507 376 4566 sitientem
390 4508 519 4584 poture,''
534 4508 668 4585 exemplo
683 4507 790 4582 nurci,
803 4511 821 4566 2
834 4507 909 4584 Reg.
923 4505 963 4564 vl.
975 4508 1023 4563 22.
1046 4503 1110 4560 Imo
1125 4496 1220 4588 Exod.
1235 4511 1319 4582 urru-

115 4583 142 4654 4,
157 4584 185 4658 5,
208 4585 289 4646 Deus
306 4586 392 4663 jubet
412 4595 446 4646 ut
460 4587 625 4664 jumentum
646 4587 751 4646 inimici
768 4581 1165 4658 rememoraturum
1186 4594 1214 4631 τη
1234 4589 1318 4628 vlam·

117 4659 247 4741 Denique
262 4665 288 4724 is
301 4665 453 4743 proximus
466 4665 673 4745 intelligendus
687 4673 788 4725 contra
801 4685 886 4743 quem
901 4664 1005 4724 salsum
1020 4652 1214 4716 testimonium
1224 4647 1319 4707 dicere
