3186 5210
232 330 293 390 550
656 341 747 382 rocus
762 337 890 380 seorsus
905 337 1039 385 ausurus.
1211 325 1341 400 [eumer.
1365 341 1438 382 svn.

239 489 284 547 De
297 487 361 546 istis
375 505 445 544 vero
460 491 504 542 est
517 482 658 556 absoluta,
676 485 694 515 “
706 483 799 542 Petite
811 489 840 540 et
851 480 966 539 dabitur
979 480 1072 554 vobis,
1096 481 1241 557 Quicquid
1255 481 1397 558 petieritis
1411 482 1439 540 in

238 569 352 626 nomine
367 585 431 622 meo
445 563 578 636 faciem,”
595 563 699 621 llatth.
715 561 765 619 vii.
780 561 850 620 Joh.
866 561 926 618 xiv.
970 559 1131 637 Apostolus
1150 571 1246 620 autem
1265 561 1333 620 tulit
1346 563 1439 639 repul·

238 667 299 708 sam
321 646 390 704 boni
413 643 577 720 corporalis,
602 661 660 700 non
683 641 849 719 spiritualis.
891 640 1011 698 Frustra
1025 639 1148 714 additur,
1172 640 1297 716 Enipea
1313 643 1440 701 oratione

238 726 345 803 colligi,
368 743 422 782 nos
436 723 471 782 de
493 723 586 799 gratia
605 729 633 780 et
654 721 746 780 salute
769 737 828 779 non
850 739 913 778 esse
936 728 1037 792 certos,
1060 719 1129 796 quia
1150 739 1235 780 nemo
1258 739 1346 780 sanus
1369 720 1440 780 illud

238 807 310 884 petit
333 804 412 882 quod
436 802 572 881 possidet.
615 800 689 859 Nam
707 800 761 858 etsi
775 800 974 877 possideamus
998 799 1119 858 salutem
1133 819 1185 876 per
1199 819 1287 876 spem,
1313 799 1440 859 nondum

239 895 335 945 tamen
348 883 445 962 quoad
459 902 519 940 rem
533 889 562 939 et
575 879 700 958 perfecte
715 899 777 946 eam
792 878 981 957 possidemus,
1006 877 1090 938 Unde
1112 879 1202 938 oratio
1224 881 1389 956 intervenit,
1411 890 1443 940 ut

239 966 415 1044 prsepruum
429 962 466 1020 ad
485 981 547 1020 eam
569 959 800 1038 consequendam
825 958 961 1018 medium.
1003 959 1064 1017 Nec
1078 959 1103 1018 si
1117 959 1340 1018 circumstantia
1366 980 1442 1036 qua-

239 1045 350 1104 damin
365 1040 655 1117 oratIoneneglectae‚
679 1059 778 1117 preces
800 1057 1006 1116 nonnunquam
1028 1038 1129 1098 inanes
1147 1037 1280 1112 reddunt,
1306 1041 1442 1098 continuo

239 1124 351 1184 tollitur
364 1141 461 1180 earum
475 1120 569 1178 omnis
583 1119 734 1180 certitudo
766 1118 841 1194 Quia
853 1118 999 1196 loquimur
1012 1118 1048 1176 de
1062 1117 1195 1195 precibus
1208 1119 1262 1176 rite
1276 1117 1371 1193 Iactis,
1385 1139 1442 1178 nou

240 1203 362 1277 vitiosis,
385 1202 424 1260 Et
438 1199 580 1259 certitudo
593 1219 652 1258 non
675 1199 777 1258 nititur
790 1217 906 1276 precum
927 1197 1110 1275 perfectione,
1133 1198 1185 1257 sed
1204 1197 1299 1257 cordis
1317 1197 1442 1274 affectu;

241 1283 322 1342 Deus
336 1282 412 1340 enim
426 1300 485 1338 non
498 1279 615 1357 respicit
629 1280 737 1338 orantIs
752 1279 894 1352 meritum,
916 1277 969 1337 sed
987 1277 1189 1337 sinceritatem.
1233 1278 1316 1336 Idem
1340 1278 1442 1337 confir·

241 1371 336 1422 matur
349 1382 386 1421 ex
401 1360 557 1439 gratiarum
569 1360 740 1433 actionibus,
755 1378 828 1435 quas
841 1357 942 1416 fideles
956 1365 1089 1416 tenentur
1103 1365 1238 1434 praestare
1252 1357 1291 1415 ob
1304 1358 1445 1416 beneficia

241 1443 312 1520 ipsis
325 1443 356 1500 in
370 1440 485 1500 Christo
506 1441 619 1513 collata,
641 1439 837 1498 remissionem
859 1445 929 1514 puta
948 1445 1131 1514 pcccatorum
1145 1445 1174 1496 et
1188 1439 1444 1514 regenerationem,

241 1521 480 1598 stc.,001.i.12,
499 1522 554 1595 133
578 1522 593 1576 I
610 1519 673 1578 Pet.
688 1519 717 1577 ii.
734 1521 762 1577 9.
812 1517 883 1592 Quis
905 1517 982 1576 enirn
1004 1525 1196 1594 congruenter
1217 1525 1314 1595 potest
1335 1517 1446 1594 gratiss

242 1603 306 1662 Deo
320 1622 406 1680 egere
420 1620 471 1678 pro
492 1599 632 1658 beneficio
646 1599 706 1671 illo,
727 1597 804 1675 quod
820 1617 857 1656 an
872 1606 981 1674 spectet
995 1596 1032 1655 ed
1047 1597 1150 1674 ipsum,
1165 1605 1198 1655 ut
1212 1597 1276 1674 ejus
1298 1596 1336 1655 sit
1358 1597 1446 1674 parti·

241 1701 317 1759 ceps,
332 1683 447 1760 ignorat
460 1687 489 1738 11
503 1679 640 1737 dubitat?
668 1677 742 1736 Nam
753 1677 803 1754 qui
814 1677 923 1754 gratias
940 1678 1002 1754 agit
1016 1675 1052 1734 de
1067 1676 1193 1753 eoquod
1203 1677 1330 1735 incertus
1341 1685 1394 1750 est,
1410 1695 1447 1734 an

240 1762 296 1840 ipsi
304 1762 443 1821 donatum
452 1759 489 1818 sit
497 1777 596 1832 necue,
607 1757 728 1817 illudam
736 1757 833 1836 potius
841 1756 964 1830 videtur,
975 1776 1062 1833 quam
1071 1764 1185 1833 gratum
1196 1757 1323 1814 animum
1334 1757 1446 1815 testari,

255 1896 277 1942 o.
292 1897 330 1943 ιιι
351 1897 473 1942 fruentur
545 1837 658 1896 XXII·
681 1839 709 1896 ⁵·
731 1839 783 1895 ¹3²
798 1837 940 1912 studim
958 1836 1082 1913 Spiritus
1096 1845 1123 1894 θ’
1131 1837 1211 1915 Μ·
1254 1836 1329 1910 Quit
1355 1837 1447 1913 “jus-

305 1957 419 2014 spurtus.
504 1905 606 1976 tificati
624 1916 682 1976 fide
703 1937 803 1994 pacem
825 1915 965 1976 habemus
984 1915 1062 1993 apud
1087 1915 1212 1990 Deum,'’
1228 1915 1313 1974 Rom.
1328 1935 1358 1974 v.
1376 1919 1403 1990 1,
1419 1925 1448 1976 et

506 1999 523 2030 “
535 1995 645 2056 fructus
668 1997 792 2075 Spiritus
812 2005 857 2055 est
876 1995 1009 2070 charitas,
1030 1994 1168 2072 gaudium
1183 2003 1211 2054 11
1230 1996 1318 2072 pax,''
1334 1993 1403 2054 Gal.
1419 2017 1448 2055 v.

242 2083 291 2139 22.
325 2080 438 2153 Petrus,
456 2079 501 2152 1⁸,
517 2076 536 2134 i.
552 2079 579 2152 8,
592 2076 663 2136 dicit
678 2079 697 2110 “
710 2076 811 2136 fideles
825 2075 956 2134 exultare
975 2074 1078 2134 laetitia
1098 2073 1237 2134 ineffabili
1249 2083 1278 2133 11
1288 2075 1448 2152 glorIosa,''

242 2179 328 2236 quarn
344 2159 452 2217 Paulus
466 2156 507 2216 ait
522 2177 655 2234 superare
669 2175 783 2216 omnem
805 2155 1008 2232 cognitionem,
1031 2154 1107 2213 Phil.
1123 2154 1163 2211 iv.
1204 2153 1273 2214 Jam
1287 2174 1353 2230 quae
1377 2175 1446 2231 pax,

242 2239 321 2317 quod
335 2237 473 2315 gaudium
488 2237 601 2312 concipi
614 2244 710 2313 potest
724 2237 754 2295 in
768 2235 812 2312 iis,
829 2235 879 2312 qui
893 2235 1026 2294 nesciunt
1040 2254 1077 2292 an
1093 2234 1188 2292 Deum
1201 2233 1328 2292 habeant
1342 2233 1448 2293 iratum

242 2325 271 2376 et
298 2316 435 2376 Judicem
457 2314 609 2389 infensum,
639 2335 676 2373 an
697 2335 768 2375 vero
791 2324 935 2392 pacatum,
966 2323 1000 2373 ut
1022 2312 1237 2372 misericordem
1262 2311 1388 2388 Patrem,
1410 2333 1449 2372 an

242 2396 344 2456 sintin
359 2402 436 2453 stetu
460 2392 571 2468 salutis,
587 2413 625 2450 an
638 2413 708 2453 vero
729 2403 844 2454 aeternae
857 2393 1069 2470 damnationis;
1092 2402 1121 2452 11
1145 2393 1195 2470 qui
1209 2392 1390 2452 dubitatione
1420 2401 1450 2454 et

242 2475 401 2534 diffidentie
424 2480 561 2551 perpetua
586 2477 760 2549 anguntur?
789 2472 876 2532 Unde
890 2473 971 2532 nasci
985 2480 1079 2551 potest
1097 2471 1252 2531 ineffabilis
1266 2471 1317 2530 illa
1335 2473 1448 2548 laetitia,

242 2555 299 2614 nisi
313 2575 351 2614 ex
364 2553 466 2613 intImo
479 2559 509 2610 et
523 2551 624 2609 vivido
638 2571 724 2612 sensu
739 2551 832 2610 divini
842 2571 912 2629 erga
926 2571 957 2612 se
971 2553 1086 2629 amoris,
1101 2561 1131 2612 et
1140 2560 1223 2612 'certa
1235 2551 1342 2611 fiducia
1355 2553 1449 2612 beati·
1564 2554 1571 2564 '

242 2635 351 2696 tudiuis
365 2643 395 2694 et
408 2634 508 2712 glorias
523 2635 661 2691 aeternss?

241 2753 257 2801 ⁶
278 2757 319 2802 Ab
335 2754 458 2802 suendis
525 2711 655 2771 XXIII.
665 2711 694 2771 6.
704 2710 1148 2788 AbAbsurdie,qnaesententiarn
1155 2710 1397 2772 Adversariorum
1405 2732 1449 2772 se·

257 2788 263 2802 ⁸
460 2786 466 2798 '
483 2801 620 2868 quuntur.
651 2791 831 2851 Doctrinade
837 2791 996 2851 diffidentia
1007 2800 1035 2850 11
1042 2790 1244 2850 incertitudine
1252 2791 1347 2850 Deum
1354 2793 1452 2868 arguit

242 2869 393 2945 mendacii,
409 2873 422 2928 1
436 2871 506 2930 Joh.
517 2891 546 2930 v.
561 2874 605 2947 10,
614 2871 715 2949 abjicit
725 2869 920 2930 testimonium
933 2870 1057 2948 Spiritus
1068 2871 1175 2947 Sancti,
1183 2879 1295 2948 pugnat
1304 2891 1369 2930 cum
1378 2891 1451 2948 paca

244 2950 427 3010 conscientia
437 2958 466 3009 et
474 2951 582 3029 gaudio
593 2951 726 3029 Spiritus,
736 2951 1019 3028 quodestproprium
1028 2969 1161 3010 verorum
1172 2949 1312 3026 fideIIum,
1327 2950 1367 3008 im
1389 2951 1452 3010 edit

243 3049 341 3088 veram
356 3029 654 3108 invocationemque
668 3030 829 3090 debetesse
843 3049 909 3088 cum
925 3028 991 3104 fide,
1015 3037 1044 3088 et
1063 3031 1100 3088 ad
1115 3029 1345 3107 desperationem
1359 2969 1451 3090 ducit.

243 3108 318 3168 Nam
329 3109 380 3187 qui
388 3129 535 3186 nunquam
546 3120 642 3172 certus
653 3119 697 3170 est
708 3110 743 3170 de
753 3110 847 3188 gratia
855 3109 920 3184 DeI,
932 3109 1096 3184 nonhabet,
1109 3117 1210 3169 exorta
1221 3110 1389 3185 tentatione,
1401 3111 1453 3170 ubi

242 3188 345 3268 pedem
365 3190 445 3266 figat,
468 3199 497 3249 11
519 3210 577 3268 quo
605 3190 761 3267 confligiat,
784 3198 818 3248 ut
844 3189 1002 3248 sauciatam
1028 3188 1109 3266 liget,
1137 3189 1186 3248 vel
1205 3189 1393 3266 languentem
1421 3199 1452 3249 et

243 3267 385 3360 dejectam
399 3269 492 3346 erigat
516 3270 729 3330 conscientiam.
772 3269 862 3347 Cujus
883 3267 1086 3328 documentum
1111 3269 1289 3328 luculentum
1310 3269 1452 3329 exhibent

243 3366 355 3405 mrserae
369 3347 427 3405 illae
442 3350 624 3409 conscientiae
638 3350 692 3410 sub
707 3348 860 3426 tyrannide
875 3349 1027 3408 Pontificia
1040 3356 1197 3426 gementes,
1212 3369 1279 3408 eum
1297 3348 1335 3407 ad
1349 3349 1453 3408 mortis

244 3423 341 3484 lauces
356 3425 512 3486 deventum
526 3437 586 3505 est;
602 3448 675 3506 quas
689 3428 789 3488 videas
803 3428 1007 3488 tremebundae
1021 3435 1051 3487 11
1064 3429 1166 3489 anxias
1179 3437 1318 3506 perpetuo
1331 3429 1452 3504 herere,

244 3503 316 3562 nihil
340 3504 481 3564 habentes
508 3506 538 3563 in
562 3525 619 3584 quo
644 3507 812 3584 consistant,
838 3506 905 3567 tlum
932 3507 1145 3568 dubitationum
1172 3516 1202 3568 et
1225 3507 1453 3587 trepidationum

244 3581 380 3640 fluctibus
391 3583 517 3658 jactate,
533 3586 570 3643 ad
583 3587 664 3663 pacis
678 3594 707 3646 et
716 3588 934 3665 tranquillitatis
943 3595 1058 3665 portum
1071 3607 1217 3666 nunquam
1226 3588 1372 3666 appellere
1382 3607 1452 3665 pos-

245 3660 389 3736 suntsed
408 3661 439 3720 in
461 3663 570 3741 Euripo
590 3666 783 3726 tentationum
804 3666 908 3726 misere
928 3676 1058 3746 pereunt.
1091 3666 1340 3742 Quemadmodum
1367 3687 1450 3744 vero,

244 3751 323 3802 certe
335 3743 480 3820 peccatori
493 3743 523 3800 in
538 3743 599 3802 vita
612 3753 642 3804 et
655 3755 747 3805 morte
761 3747 958 3806 consolatione
978 3747 1134 3825 proposita,
1150 3747 1328 3808 subvertitur
1342 3747 1452 3808 abacus

245 3821 446 3900 acollybistis
462 3823 694 3884 Romanensibus
716 3826 747 3884 in
763 3825 884 3903 Templo
900 3827 956 3886 Dei
977 3837 1110 3905 erectus;
1133 3827 1181 3886 Ita
1202 3826 1303 3887 eadem
1318 3829 1450 3888 conscla-

245 3903 323 3964 tione
338 3921 439 3963 eversa
453 3904 582 3982 erigitur,
594 3913 624 3964 et
634 3904 702 3964 hinc
713 3905 796 3966 itura
806 3906 983 3966 conscientie
996 3907 1119 3968 hemula
1129 3916 1159 3967 et
1168 3907 1322 3967 vacillante
1337 3907 1376 3966 ad
1390 3907 1451 3967 cul·

245 3991 292 4042 tus
314 3991 495 4062 spontaneos,
518 3993 547 4046 ct
561 3984 812 4064 Indulgentiarum
825 3995 993 4047 mercatum.
1036 3987 1100 4046 lmo
1113 3987 1182 4048 hinc
1196 3987 1288 4065 spolia
1301 3986 1407 4065 opIma,
1422 3994 1454 4046 et

245 4081 383 4140 magnum
398 4065 481 4125 Claro
500 4065 628 4124 Romano
649 4068 860 4146 compendium,
875 4065 945 4126 dum
965 4066 996 4124 in
1012 4075 1142 4126 extremo
1156 4087 1249 4145 agone
1273 4067 1453 4144 trepidantes

245 4142 349 4201 auimae
363 4145 521 4222 vectigales
545 4146 618 4205 fiunt
632 4144 821 4224 Institmibus,
844 4145 1066 4207 extrudentibus
1079 4147 1172 4225 pictas
1196 4146 1399 4224 suffragiorum
1424 4151 1453 4205 at

245 4221 413 4281 meritorum
426 4243 544 4301 merces,
565 4233 594 4286 et
607 4245 684 4285 vana
704 4247 742 4286 ex
764 4224 904 4287 sacrificio
925 4225 1076 4286 Missatico
1099 4225 1257 4305 refrigeria,
1272 4225 1453 4304 imaginariis

247 4301 413 4379 Purgatorii
426 4301 549 4364 flammis
563 4305 611 4364 vel
625 4307 793 4384 mitigandis
806 4305 854 4366 vel
868 4305 1043 4365 redimendis
1057 4307 1209 4366 destinata.

548 4385 674 4444 XXIV.
696 4385 767 4445 Alia
780 4395 825 4445 est
838 4385 980 4445 certitudo
994 4385 1128 4464 perfectae
1138 4386 1261 4465 justitia
1274 4384 1452 4458 inhaerentis,

271 4431 463 4536 hligssffigfh'
508 4461 578 4522 Alia
591 4465 733 4525 certitudo
747 4465 815 4525 fidei
829 4473 858 4524 11
872 4465 973 4542 gratia
989 4485 1040 4526 seu
1051 4464 1291 4528 reconciliationis
1305 4485 1371 4526 curn
1386 4465 1453 4524 Deo

248 4615 255 4630 ι
506 4561 558 4619 per
571 4543 725 4621 Christum,
749 4553 779 4604 et
802 4543 978 4604 remissionis
1000 4555 1192 4624 peccatorum.
1230 4545 1322 4606 Aliud
1336 4543 1455 4622 propria

244 4617 358 4688 justitia
371 4617 571 4696 iutumescere,
579 4621 671 4684 AIIud
682 4624 815 4700 gramma
829 4624 1069 4687 reconciliationis
1075 4624 1251 4693 conscientie
1259 4623 1344 4702 erigi
1356 4623 1454 4683 Priori
