3146 5210
220 292 278 348 388
482 287 488 292 “
620 303 711 345 rocus
726 301 856 343 aceruus
871 299 1012 350 ausurus.
1231 277 1358 363 [coner.
1374 300 1429 347 ιιι.

219 448 268 507 vel
284 449 363 507 Deus
388 445 545 524 injustitias,
562 445 640 522 quod
662 445 793 521 ejusdem
817 443 859 501 rei
879 442 988 519 duplex
1009 439 1133 518 pretium
1148 449 1176 500 ct
1191 443 1322 519 ejusdem
1336 445 1430 523 culpa

219 528 364 604 duplicem
391 545 505 603 poenam
530 525 602 584 velit
626 525 752 600 exigere.
778 522 779 525 ’
796 522 881 582 Unde
898 520 1036 598 quicquid
1054 519 1167 579 dicatur
1185 543 1203 579 a
1218 523 1378 584 Pontificiis
1393 527 1430 584 de

219 607 360 666 infinitate
375 614 404 665 ct
418 605 588 664 sufficientia
602 603 806 664 satisfactionis
816 601 931 676 Christi,
946 600 1001 658 hoc
1015 600 1143 678 ipsorum
1158 613 1320 662 commento
1334 606 1430 683 reipsa

220 688 368 745 evertitur.

260 765 337 824 XII.
361 767 481 824 Frustra
494 771 636 842 reponunt
650 761 829 836 Adversarii,
848 764 873 819 1.
898 761 916 794 “
926 759 993 818 Non
1006 758 1138 836 derogari
1152 760 1287 821 infinitati
1301 771 1331 823 ct
1345 765 1428 823 satis·

218 845 335 904 factioni
351 845 458 904 Christi
474 864 526 921 per
543 852 656 902 nostras
671 841 889 914 satisfactiones,
904 841 962 897 imo
976 841 1115 916 majorem
1129 839 1195 898 inde
1210 842 1333 917 gloriam
1347 864 1429 904 acce·

219 925 294 999 dcre,
311 925 453 1002 siquidem
464 943 521 982 non
533 922 649 981 aliunde
659 923 719 979 vim
729 941 810 980 suam
821 927 851 979 ct
861 918 1018 978 efficaciam
1029 927 1202 995 mutuentur,
1215 941 1301 998 quam
1316 925 1429 983 asatis-

218 1005 342 1063 factione
357 1003 473 1078 Christi,
485 1003 536 1080 qui
549 1023 607 1061 non
622 1010 733 1061 tanturn
745 999 885 1059 satisfacit
898 1019 951 1076 pro
965 999 1058 1073 nobis,
1071 999 1122 1057 sed
1133 999 1183 1059 dat
1192 1001 1279 1058 etiam
1290 1003 1430 1063 virtutem

219 1093 251 1144 ut
275 1084 501 1158 satisfaciamus;
528 1091 613 1159 atque
628 1082 669 1141 ita
682 1101 741 1140 non
756 1081 813 1138 siut
828 1098 921 1137 causae
937 1079 1022 1137 sociae
1038 1087 1067 1136 et
1081 1077 1210 1155 ejusdem
1233 1081 1351 1157 ordinis,
1376 1083 1429 1142 sed

219 1164 392 1222 subalternae
412 1170 442 1221 et
463 1162 686 1220 subordinatae.”
730 1160 803 1235 Quia
831 1159 921 1235 gratis
943 1158 1120 1236 supponitur,
1142 1159 1220 1234 quod
1247 1163 1430 1237 probandum

217 1244 280 1318 fuit,
305 1244 451 1302 Christum
472 1242 541 1300 dare
562 1240 646 1300 nobis
667 1241 744 1298 vires
766 1237 970 1314 satisfaciendi,
1004 1257 1070 1296 cum
1090 1237 1145 1296 hoc
1166 1240 1197 1296 in
1220 1239 1368 1318 Scriptura
1389 1243 1429 1303 sit

218 1323 388 1397 inauditum,
404 1330 434 1380 et
458 1329 567 1382 naturae
591 1321 633 1379 rei
655 1327 805 1397 repugnet.
849 1317 941 1376 Aliud
965 1317 1070 1394 quippe
1095 1326 1140 1376 est
1158 1319 1330 1397 satisfacere,
1347 1322 1429 1381 aliud

218 1404 295 1462 vires
320 1403 388 1460 dere
407 1401 445 1460 ad
463 1399 707 1460 satisfaciendum.
762 1399 826 1456 Imo
843 1398 905 1455 haec
920 1407 987 1456 sunt
1000 1395 1143 1471 ἀσῦπιτα,
1158 1419 1224 1456 nam
1240 1400 1264 1458 si
1277 1421 1329 1478 pro
1344 1403 1430 1461 nobis

216 1483 302 1566 plene
320 1481 467 1556 satisfecit,
490 1501 628 1558 quorsum
649 1487 816 1557 quaeruntur
840 1477 904 1535 aliae
927 1477 1165 1536 satisfactiones?
1214 1479 1274 1538 Nec
1297 1481 1358 1540 alla
1378 1481 1428 1540 hic

218 1563 267 1620 vel
291 1561 467 1620 consociatio
491 1561 539 1620 vel
568 1559 765 1620 subordinatio
793 1577 943 1616 causarum
972 1557 1158 1633 admittenda,
1182 1559 1232 1617 ubi
1259 1579 1346 1620 causa
1368 1561 1427 1638 pri-

218 1642 308 1700 maria
323 1649 368 1700 est
381 1641 517 1714 solitaria,
533 1661 597 1717 quae
611 1639 707 1697 nullas
721 1638 792 1696 alias
806 1636 941 1696 admittit.
984 1637 1023 1695 Et
1036 1645 1149 1696 tantum
1163 1637 1253 1713 abest,
1268 1647 1301 1698 ut
1314 1641 1370 1700 hoc
1384 1641 1427 1700 fa·

219 1722 276 1780 ciat
290 1721 329 1780 ad
342 1721 481 1798 majorem
496 1719 603 1779 Christi
618 1718 747 1796 gloriam,
768 1726 801 1776 ut
818 1737 876 1775 non
896 1717 957 1774 sine
971 1716 1079 1794 insigni
1093 1719 1267 1776 contumelia
1287 1719 1330 1778 illi
1345 1721 1427 1796 socii,

218 1801 266 1859 vel
294 1821 388 1860 causae
413 1801 584 1860 subalternae
612 1799 755 1857 addantur
776 1797 807 1854 in
826 1795 920 1855 officio
935 1795 1013 1872 qnod
1027 1796 1069 1854 illi
1083 1796 1167 1856 unice
1181 1800 1326 1875 competit,
1341 1809 1375 1860 ut
1389 1801 1429 1860 sit

218 1880 361 1958 perfectus
384 1879 560 1958 Redemptor
580 1887 686 1937 noster.
730 1878 791 1935 Nec
812 1877 836 1935 si
850 1876 947 1934 fideles
968 1881 1035 1935 sunt
1055 1882 1164 1956 magea
1186 1877 1242 1936 Dei
1255 1877 1286 1936 in
1300 1880 1428 1956 applica·

218 1962 296 2019 tione
321 1961 432 2034 salutis,
447 1958 485 2017 ad
505 1979 592 2036 quam
613 1957 723 2034 aliquid
744 1955 871 2015 conferre
885 1955 993 2014 debent
1007 1978 1015 2032 ;
1045 1956 1115 2014 Ideo
1130 1965 1251 2034 possunt
1265 1959 1308 2016 illi
1322 1979 1426 2039 coopc·

218 2041 275 2098 rari
290 2041 319 2096 in
335 2041 397 2117 ejus
412 2040 611 2116 acquisitione,
627 2038 664 2095 ad
682 2057 769 2114 quam
784 2036 856 2093 nihil
870 2034 998 2094 conferre
1012 2043 1142 2112 possunt.

259 2119 354 2177 XIII.
377 2125 405 2176 2.
428 2119 493 2176 Non
508 2119 611 2177 melius
624 2125 745 2194 possunt
759 2115 835 2174 elabi
849 2115 1054 2191 distinguendo
1071 2119 1209 2174 “reatum
1224 2117 1315 2195 culpas
1326 2126 1355 2177 et
1364 2139 1427 2196 poe-

218 2220 272 2272 nae,
288 2208 317 2257 et
332 2199 478 2257 Christum
503 2199 619 2274 quidem
640 2217 693 2274 pro
718 2197 803 2273 culpa
827 2194 999 2254 satisfecisse
1014 2196 1106 2272 plene,
1124 2195 1247 2254 sednon
1262 2199 1357 2256 statim
1372 2221 1427 2277 pro

217 2297 310 2354 poena,
327 2279 374 2335 vel
388 2297 439 2354 pro
454 2297 539 2352 poena
553 2285 668 2351 aeterna,
683 2275 736 2334 sed
759 2294 817 2333 non
836 2295 888 2352 pro
902 2275 1061 2351 temporali,
1073 2295 1138 2352 quae
1153 2277 1276 2353 supersit
1289 2277 1427 2339 fidelibus

218 2357 333 2431 luenda,
349 2357 397 2414 vel
418 2357 447 2412 iu
470 2356 532 2431 hac,
548 2357 597 2414 vel
610 2357 641 2414 in
655 2356 746 2414 altera
758 2353 849 2414 vita.’'
892 2354 966 2429 Quia
979 2365 1170 2431 praetsrquam
1184 2357 1263 2432 quod
1278 2357 1428 2436 Scriptura

216 2437 332 2514 plenam
346 2445 375 2494 et
389 2436 531 2512 integram
555 2437 752 2494 remissionem
766 2433 894 2492 omnium
908 2443 1091 2511 peccatomm
1106 2435 1213 2494 Christi
1230 2436 1427 2497 Satisfactioni

217 2516 327 2590 tribuit,
342 2535 394 2593 per
408 2535 494 2592 quam
508 2515 589 2574 nulla
603 2517 640 2572 sit
654 2515 725 2591 ipsis
739 2513 862 2590 emplius
877 2513 1085 2590 condemnatio,
1104 2515 1187 2574 Rom.
1201 2515 1263 2574 viii.
1280 2520 1306 2592 l,
1322 2525 1350 2576 et
1364 2518 1427 2595 ple-

218 2616 254 2654 ne
277 2596 334 2654 sint
354 2595 558 2670 consummati3
589 2594 744 2653 Distinctio
766 2602 811 2651 est
824 2591 975 2669 itincre,
998 2614 1061 2652 cum
1084 2615 1118 2653 ea
1133 2595 1170 2653 sit
1184 2615 1276 2672 poenae
1290 2604 1319 2655 et
1333 2597 1427 2674 culpae

218 2675 392 2754 conjunctio,
408 2683 441 2734 ut
455 2676 569 2734 sublata
583 2675 668 2752 culpa
680 2682 818 2751 tanquam
832 2693 927 2748 causa,
942 2675 1104 2733 necessario
1118 2675 1181 2752 ipsa
1193 2696 1287 2753 poena,
1302 2696 1367 2753 quae
1381 2687 1429 2738 est

217 2755 336 2815 effectus
348 2755 448 2832 culpae,
461 2755 589 2814 tollenda
600 2755 645 2828 sit,
658 2774 711 2813 nec
721 2752 802 2811 aliud
813 2755 850 2812 sit
860 2753 991 2812 remissio
1002 2753 1104 2831 culpae,
1114 2774 1200 2830 quam
1210 2755 1377 2814 immunitas
1386 2758 1425 2815 ab

217 2837 296 2894 omni
303 2856 397 2914 poena,
410 2834 601 2913 quianounisi
610 2835 716 2911 injuste
730 2833 822 2911 possit
831 2853 916 2910 poena
930 2833 1031 2910 infligi,
1047 2835 1097 2892 nbi
1108 2835 1425 2912 audeampliusoccur-

217 2917 255 2974 rit
269 2916 362 2993 culpe,
378 2925 411 2974 ut
432 2914 570 2992 injustum
591 2922 668 2974 esset
688 2913 805 2990 exigere
827 2913 999 2972 solutionem
1021 2913 1112 2972 debiti
1126 2914 1221 2992 soluti,
1238 2915 1285 2973 vel
1299 2916 1423 2975 remissi.

258 2995 348 3053 XIV.
375 2999 402 3056 3.
430 2995 606 3054 “Christum
622 2995 639 3020 ”
654 2993 757 3052 volunt
773 2993 975 3052 “satisfecisse
989 2993 1076 3051 etiam
1089 3013 1142 3071 pro
1162 3014 1249 3071 poena
1262 2996 1423 3074 temporali,

217 3096 276 3134 non
289 3076 462 3150 immediate,
479 3075 530 3133 sed
541 3075 673 3150 mediate,
690 3081 832 3150 quatenus
845 3073 875 3131 in
889 3073 974 3131 nobis
984 3081 1014 3131 et
1027 3093 1079 3150 per
1091 3093 1144 3132 nos
1159 3073 1327 3134 satisfacit.''
1366 3075 1427 3134 Sed

219 3159 245 3212 l.
262 3155 335 3213 Haec
344 3163 451 3214 temere
462 3154 597 3214 dicuntur
611 3155 672 3214 sine
687 3153 747 3211 ulla
763 3153 916 3230 Scripturas
931 3153 1112 3212 authoritate.
1128 3157 1155 3212 2.
1172 3153 1345 3230 Periculose,
1357 3155 1428 3232 qaia

218 3233 259 3292 sic
273 3235 452 3293 associantur
465 3235 596 3293 homines
611 3255 676 3292 cum
688 3233 803 3292 Christo
817 3232 855 3291 ad
866 3232 1099 3308 satisfactionem,
1115 3241 1219 3292 utnon
1234 3235 1271 3292 sit
1280 3235 1342 3311 jam
1356 3254 1424 3293 nos·

217 3321 262 3372 ter
276 3334 313 3372 ex
327 3333 390 3371 asse
406 3313 590 3390 Redemptor,
606 3313 676 3390 qnia
695 3313 834 3370 redimere
856 3320 885 3370 et
899 3311 1063 3372 satisfacere
1078 3313 1271 3390 aequipollent,
1287 3334 1352 3372 cum
1366 3335 1426 3373 non

217 3392 301 3450 aliter
320 3391 443 3451 redimat
463 3411 550 3469 quam
572 3392 783 3451 satisfaciendo.
812 3395 840 3451 3.
869 3392 958 3450 Vulso
979 3401 1008 3451 et
1029 3401 1129 3451 contra
1155 3393 1339 3471 Scriptorum,
1359 3413 1426 3470 quea

216 3471 320 3529 asserit
331 3471 477 3529 Christum
497 3471 586 3530 semel
609 3472 783 3531 satisfecisse
801 3491 854 3550 per
876 3472 1011 3548 seipsum,
1027 3491 1085 3531 non
1103 3493 1173 3532 vero
1188 3472 1316 3551 quotidie
1330 3473 1426 3533 adhuc

218 3550 382 3610 satisfacere
392 3569 445 3626 per
459 3551 540 3610 alios.

257 3629 330 3689 XV.
360 3629 449 3688 Porro
470 3630 533 3689 haec
553 3629 690 3708 perfectio
713 3631 924 3691 Satisfactionis
938 3651 955 3690 a
968 3631 1052 3689 nobis
1066 3641 1185 3708 asserta,
1200 3632 1324 3692 destmit
1338 3631 1426 3692 etiam

217 3718 410 3769 commentum
429 3709 656 3786 acceptilationis
670 3711 867 3788 excogitatum
880 3731 898 3769 a
912 3709 1193 3770 Remonstrantibus.
1216 3711 1291 3769 Nam
1306 3713 1355 3772 ubi
1370 3711 1422 3771 da-

216 3797 263 3850 tur
285 3790 413 3868 perfecta
435 3790 548 3865 solutio,
564 3809 622 3848 non
636 3799 732 3868 potest
745 3791 827 3849 locus
841 3811 904 3850 esse
918 3789 1138 3867 acceptilationi,
1154 3789 1222 3866 quia
1235 3790 1266 3848 in
1281 3791 1425 3854 solutione

215 3890 275 3929 non
296 3870 454 3930 attenditur
467 3871 569 3947 gratia,
586 3870 637 3929 sed
652 3870 855 3929 satisfactionis
878 3868 1037 3947 plenitudo,
1052 3889 1117 3946 quae
1135 3889 1195 3928 non
1208 3871 1300 3930 oritur
1312 3879 1428 3932 tantum

217 3969 255 4010 ex
283 3951 423 4010 solventis
448 3950 598 4028 dignitate,
624 3949 784 4009 sedetiam
809 3969 848 4008 ex
874 3949 959 4026 pretii
984 3949 1071 4008 solati
1095 3950 1259 4026 equalitate
1273 3952 1426 4012 etvalore.

217 4030 302 4105 Quod
313 4031 434 4090 ulterius
457 4031 544 4089 etiam
568 4030 761 4104 confirmatur,
777 4049 814 4087 ex
838 4048 873 4087 eo
897 4028 975 4106 quod
990 4029 1122 4088 Christus
1135 4029 1241 4090 dicitur
1254 4031 1370 4090 venuse
1385 4032 1424 4090 ad

215 4110 393 4188 implendum
411 4107 542 4185 inlapsa
562 4129 613 4168 seu
626 4112 676 4184 jue
690 4110 782 4185 Legis,
799 4109 883 4166 Rom.
897 4107 959 4166 viii.
975 4111 1003 4184 3,
1019 4111 1047 4184 4,
1063 4108 1194 4169 faciendo
1216 4109 1327 4170 scilicet
1347 4111 1428 4189 quod

215 4209 273 4248 uon
282 4197 447 4267 poteramus
474 4209 527 4248 nos
550 4189 605 4267 ipsi
619 4195 755 4266 praestare
769 4195 885 4264 propter
898 4187 1096 4264 impotentiam
1112 4189 1210 4268 LagIs.
1251 4189 1321 4250 Jam
1335 4191 1428 4268 siper

216 4269 323 4328 Christi
338 4269 562 4329 satisfactionem
581 4271 631 4346 jus
658 4267 733 4345 legis
761 4267 791 4325 in
813 4267 897 4326 nobis
921 4267 1071 4346 impletum
1086 4276 1138 4345 est,
1154 4269 1255 4328 debuit
1269 4289 1332 4329 esse
1346 4269 1424 4329 adn-

214 4357 302 4426 quata
322 4348 398 4425 legis
414 4349 559 4425 postulato
575 4369 581 4424 ;
612 4347 687 4406 Nam
710 4346 734 4405 si
752 4367 804 4424 per
818 4347 940 4424 gratiam
954 4349 1183 4426 acceptilationis
1196 4349 1298 4408 fuisset
1312 4357 1426 4409 tantum

214 4448 232 4485 a
247 4429 310 4487 Deo
325 4436 481 4505 acceptata,
496 4447 554 4486 non
562 4427 612 4505 jus
626 4427 709 4503 legis,
725 4426 777 4485 sed
786 4427 837 4504 jus
851 4427 952 4504 gratia
966 4427 996 4486 in
1006 4427 1091 4487 nobis
1105 4428 1208 4488 diisset
1215 4429 1374 4506 impletum.

255 4507 346 4566 XVI.
376 4507 488 4566 Deinde
506 4526 565 4566 non
591 4514 687 4584 potest
714 4505 776 4564 dari
801 4508 990 4586 acceptilatio,
1005 4509 1075 4584 quia
1088 4508 1220 4569 Christus
1236 4527 1350 4568 omnem
1363 4529 1426 4588 poe-

213 4605 280 4645 nam
295 4587 379 4648 uobis
393 4585 520 4646 debitam
537 4586 568 4646 in
582 4603 613 4647 sa
627 4585 743 4665 recepit,
761 4585 819 4647 Isa.
833 4585 885 4647 hii.
901 4591 928 4664 6,
945 4591 972 4666 7,
988 4589 1016 4665 8,
1032 4597 1061 4648 et
1075 4608 1141 4666 quse
1155 4589 1283 4650 omnium
1297 4589 1428 4650 maxima
