3146 5210
226 335 285 392 396
627 345 719 387 accos
734 345 864 387 1111111
878 343 1024 394 cosmus.
1221 326 1348 409 [11111.
1363 351 1431 393 xm.

224 491 321 574 quoad
332 489 509 551 sanctionem
517 505 619 565 poenae,
636 487 687 546 sed
700 487 842 565 praecipue
857 487 953 565 quoad
968 488 1198 547 observationem
1214 490 1430 553 Mandatorunu

225 579 252 636 3.
270 574 314 632 De
328 568 820 647 illaquaevoeaturdonumjuetitioe.
833 587 893 626 ver.
911 571 956 641 17,
972 567 1051 644 quod
1065 567 1101 626 11
1115 568 1299 644 passionibus
1320 571 1431 633 Christi

225 654 282 714 dici
297 672 356 710 non
373 656 477 728 potest.
500 652 528 706 4.
539 645 584 705 De
606 647 657 705 illa
681 667 745 724 quae
769 648 922 725 opponitur
944 647 1146 706 inobedientiae
1165 647 1293 725 Adami;
1315 660 1431 712 utveno

224 737 281 795 ista
294 733 349 791 fuit
369 729 459 789 totius
482 727 570 804 Legis
584 727 712 802 violatio,
744 727 785 784 ita
799 735 828 785 et
840 727 892 784 illa
905 727 991 785 debet
1006 746 1069 786 esse
1083 728 1172 786 totius
1187 728 1276 805 Legis
1289 730 1431 807 impletio.

225 819 252 874 5.
269 814 314 873 De
328 811 380 868 illa
393 828 457 887 quae
471 829 489 866 a
498 807 582 865 nobis
597 806 763 880 debebatur,
779 815 838 865 tam
853 807 949 883 quoad
957 826 1080 884 poenam,
1091 827 1177 886 quam
1189 808 1285 884 quoad
1294 809 1431 870 officium.

225 896 287 954 Nee
305 893 391 970 juvat
405 889 500 947 dicere
520 885 713 945 obedientiam
727 886 810 944 istam
826 886 898 943 nihil
912 887 991 944 aliud
1005 906 1078 962 esse,
1100 885 1221 964 quami‘r
1241 885 1377 966 iwbpae,
1393 892 1432 950 de

226 995 283 1054 quo
297 991 358 1030 ver.
376 971 422 1044 18,
437 966 516 1045 quod
530 967 567 1024 sit
588 971 620 1032 εἰς
643 963 767 1024 branciaco
790 965 859 1042 ζιιῑς,
875 966 1019 1042 quomodo
1033 974 1130 1025 reatus
1144 967 1225 1027 venit
1239 989 1276 1028 ex
1289 989 1348 1028 uno
1363 979 1433 1030 actu

225 1052 355 1133 peccati,
378 1049 453 1123 Quia
472 1044 599 1122 iawbpa
619 1066 677 1104 non
698 1054 780 1104 notat
794 1055 905 1104 tantum
930 1065 1018 1105 unum
1040 1054 1136 1104 actum
1150 1047 1289 1123 Justitiae,
1305 1050 1357 1108 111
1372 1051 1431 1110 Jus

227 1132 306 1212 qnod
319 1129 410 1189 oritur
423 1147 461 1186 ex
475 1125 654 1203 plenitudine
669 1125 850 1184 obedientiae.
894 1125 955 1184 Nec
970 1126 994 1184 si
1008 1145 1045 1184 ex
1059 1147 1117 1184 uno
1138 1135 1257 1202 peccato
1267 1137 1365 1188 reatus
1379 1151 1432 1188 ve·

225 1214 269 1272 nit
282 1213 313 1270 in
328 1227 435 1280 onmes,
451 1225 489 1264 cx
502 1226 561 1264 uno
582 1213 649 1263 actu
666 1205 783 1282 justitia
802 1205 906 1264 transit
926 1203 964 1263 ad
985 1225 1093 1280 ornnes,
1115 1207 1184 1282 quia
1204 1208 1311 1266 malum
1334 1217 1432 1269 estex

226 1291 356 1371 quolibet
370 1285 493 1362 defectu,
509 1285 560 1344 sed
574 1285 681 1343 bonum
695 1285 816 1361 requirit
830 1305 947 1343 causam
959 1285 1125 1362 perfectam.

235 1411 305 1457 m
432 1406 456 1451 2-
484 1363 1432 1521 ,refluenteenumeret

225 1539 272 1591 tur
286 1531 401 1589 intensio
416 1528 479 1605 ejus
503 1491 604 1603 quoad,
613 1523 743 1600 gradum,
766 1523 816 1600 qui
834 1489 1053 1582 fuit’maxlms
1080 1525 1130 1601 qui
1150 1533 1246 1601 potest
1273 1527 1375 1586 cadere
1400 1529 1432 1588 in

227 1613 401 1683 Creatorem,
418 1606 469 1666 sed
493 1605 580 1664 etiem
604 1605 727 1662 artenaio
748 1613 778 1662 et
798 1605 920 1679 duratio,
936 1605 1005 1681 quia
1019 1624 1036 1662 a
1049 1604 1189 1681 principio
1204 1607 1273 1664 vitae
1286 1628 1379 1685 usque
1393 1609 1432 1667 ed

226 1699 349 1751 mortem
362 1689 393 1746 in
407 1707 441 1746 ea
450 1691 614 1745 constanter
620 1683 825 1761 perseveravit.
848 1683 933 1757 Quod
943 1691 1030 1760 patet,
1042 1692 1104 1742 tum
1113 1685 1182 1761 quia
1196 1685 1252 1744 ista
1266 1687 1431 1746 obedientia

226 1771 349 1832 refertur
359 1767 396 1827 ad
410 1775 500 1826 totam
513 1763 604 1822 ιιὲιιισιι
614 1772 644 1822 11
657 1763 885 1822 humiliationem
895 1763 1010 1836 Christi,
1026 1783 1090 1840 quae
1104 1783 1163 1822 non
1177 1764 1207 1822 in
1216 1775 1307 1824 morte
1318 1775 1431 1827 tantum

227 1852 291 1910 visa
305 1859 356 1925 est,
374 1847 426 1907 sed
439 1847 470 1904 in
483 1854 544 1904 tota
558 1845 626 1918 vita,
648 1851 711 1902 tum
725 1863 763 1902 ex
778 1843 851 1901 locis
871 1843 944 1918 aliis,
963 1843 1016 1901 ubi
1029 1843 1192 1902 obedientia
1213 1845 1269 1904 ista
1292 1846 1432 1907 describi-

226 1940 273 1990 tur
286 1949 338 2007 per
351 1926 568 2004 impressionem
583 1923 672 1999 Legis
685 1923 715 1980 in
730 1923 824 1998 corde,
841 1923 946 1999 atejus
961 1923 1190 1981 observationem
1205 1925 1339 2002 activam,
1352 1927 1431 1986 Psal.

226 2010 270 2069 xl.
284 2020 312 2068 ct
338 2008 414 2066 Heb.
429 2026 459 2064 x.
483 2003 606 2063 52alibi
628 2003 797 2080 proponitur
819 2021 872 2079 per
896 2002 1021 2061 stadium
1041 2003 1120 2079 quod
1142 2003 1352 2063 decurrendum
1376 2007 1433 2066 fuit

227 2091 350 2163 Christo,
362 2086 438 2144 Heb.
450 2084 501 2141 xii.
516 2086 541 2158 l,
552 2087 579 2157 2,
590 2083 660 2140 alibi
668 2102 719 2159 per
730 2101 802 2158 opus
813 2082 891 2158 quod
901 2081 1157 2159 illiperficicndum
1167 2082 1229 2158 fuit,
1237 2084 1307 2143 Joh.
1318 2084 1392 2144 xvii.
1402 2093 1431 2162 4,

225 2168 305 2246 quod
314 2187 373 2226 non
386 2165 472 2224 unico
486 2171 562 2238 actu,
574 2161 626 2220 sed
640 2161 784 2220 constanti
798 2161 969 2221 obedientiae
983 2169 1082 2220 tenore
1095 2182 1147 2239 per
1157 2169 1247 2222 totam
1257 2165 1347 2223 vitam
1362 2186 1433 2224 con-

227 2247 364 2307 summari
378 2242 487 2303 debuit.

547 2321 642 2380 XIX.
665 2320 770 2398 Tertio,
788 2320 862 2394 Quia
871 2321 1002 2380 Christus
1011 2321 1111 2380 debuit
1121 2321 1184 2380 fieri
1196 2323 1227 2380 in
1242 2323 1431 2385 similitudine

224 2421 359 2468 11111111.
367 2418 465 2474 emat
487 2399 581 2459 camis
595 2400 714 2477 peccati,
726 2408 759 2458 nt
783 2399 930 2477 suppleret
945 2401 1034 2478 Legis
1047 2390 1192 2478 ιἰἲιιιιιμιᾍι,
1211 2411 1240 2461 11
1258 2404 1317 2463 Jus
1340 2405 1431 2482 Legis

487 2479 517 2537 in
526 2479 758 2556 nobiaimpleret,
772 2480 856 2537 Rom.
871 2479 932 2538 viii.
940 2483 967 2554 3,
978 2484 1006 2539 4.
1022 2481 1197 2558 Impotentia
1207 2491 1302 2542 antem
1312 2484 1368 2542 ista
1375 2485 1431 2544 Le-

227 2561 282 2638 gis,
299 2580 357 2619 non
371 2557 562 2637 intelligenda
573 2566 617 2617 est
630 2559 781 2634 subactione,
794 2559 877 2635 quasi
887 2558 974 2618 111111
988 2560 1017 2616 in
1028 2561 1092 2638 ipsa
1101 2561 1190 2638 Lege,
1203 2562 1254 2620 111
1263 2565 1389 2637 olp'cctive
1400 2565 1431 2622 in

225 2650 374 2719 peccatore
389 2640 465 2698 circa
475 2641 592 2716 Legem,
605 2638 656 2715 qni
663 2658 700 2696 ne
713 2658 804 2697 unum
814 2638 932 2715 quidem
947 2640 1010 2716 ejus
1024 2640 1190 2700 mandatnm
1203 2661 1317 2700 servare
1326 2645 1431 2720 potuit.

226 2721 325 2799 Atque
346 2721 388 2780 ita
410 2719 473 2778 Lex
494 2720 637 2797 impotens
658 2718 771 2793 dicitur,
794 2738 853 2776 non
873 2718 970 2795 quoad
989 2739 1139 2796 poenarnm
1159 2721 1355 2798 inflictionem,
1379 2724 1432 2782 sed

225 2801 323 2879 quoad
333 2799 533 2859 mandatorum
548 2799 788 2858 observationem.
825 2797 956 2856 Christus
971 2818 1040 2875 ergo
1055 2799 1215 2876 supplendo
1229 2801 1260 2859 id
1273 2801 1352 2878 quod
1367 2802 1431 2862 Lex

224 2891 361 2960 praestare
371 2900 429 2940 non
443 2880 537 2958 potuit
548 2879 577 2937 iu
588 2877 680 2953 nobis,
692 2877 792 2938 debuit
804 2877 941 2955 perficere
958 2878 1064 2954 quoda
1086 2879 1171 2937 nobis
1196 2879 1259 2938 Lex
1283 2882 1429 2959 exigebat,

224 2970 254 3021 at
268 2962 347 3038 quod
360 2969 481 3020 vocatur
494 2957 690 3036 1111111111
703 2959 726 3017 J
728 2977 762 3016 us
776 2957 874 3034 Legis,
885 2956 1021 3015 nimirum
1038 2959 1094 3016 Jus
1107 2962 1150 3017 ad
1170 2960 1264 3035 111111,
1289 2961 1368 3037 quod
1392 2981 1431 3020 ex

225 3042 289 3120 ejus
313 3042 479 3120 impletione
501 3041 598 3113 oritur,
624 3058 683 3097 non
706 3038 806 3115 utique
826 3037 943 3114 passiva
963 3045 1084 3113 tantum,
1101 3039 1151 3096 sed
1165 3046 1194 3097 et
1208 3040 1312 3098 activa
1354 3041 1430 3099 Nam

226 3141 291 3180 cum
307 3121 370 3180 Lex
385 3129 414 3179 et
428 3120 568 3179 Mandata
583 3119 639 3178 Dei
661 3117 738 3177 idem
762 3117 828 3192 sint,
844 3136 937 3194 poenae
960 3136 1018 3174 non
1032 3127 1153 3194 possunt
1167 3117 1225 3177 dici
1238 3120 1358 3196 implere
1373 3119 1429 3180 Le·

225 3221 293 3276 gem
307 3221 358 3260 111
380 3201 442 3277 ejus
456 3199 599 3274 mandata,
621 3198 672 3256 sed
683 3197 768 3256 minis
784 3197 872 3274 Legis
886 3196 1059 3255 satisfacere.
1102 3197 1174 3271 Quis
1188 3197 1275 3257 ferret
1289 3219 1363 3275 eum,
1378 3201 1430 3277 qui

224 3279 366 3338 latronem
381 3279 474 3355 capite
484 3279 638 3336 multatum
652 3277 689 3336 ob
703 3277 893 3350 latrocinium,
911 3275 1001 3352 Regis
1022 3276 1158 3335 mandato
1172 3285 1222 3336 aut
1235 3277 1295 3356 legi
1309 3279 1429 3339 obscen-

227 3365 289 3416 tum
304 3357 392 3416 fuisse
407 3357 535 3416 diceret?
556 3356 643 3414 Adde
658 3355 744 3433 quod,
766 3357 841 3418 euml
855 3354 929 3432 Legi
951 3375 1060 3413 morem
1074 3376 1173 3433 gerere
1189 3356 1226 3415 sit
1239 3377 1286 3416 res
1308 3359 1430 3418 honesta

226 3443 256 3495 et
268 3435 354 3494 laude
377 3435 474 3512 digna,
495 3455 553 3493 non
576 3443 672 3512 potest
695 3435 751 3492 hoc
765 3435 823 3492 dici
837 3434 872 3493 dc
886 3454 979 3512 poenae
998 3436 1191 3513 perpessione,
1207 3437 1264 3494 nisi
1277 3437 1349 3496 forta
1364 3439 1429 3516 quis

225 3515 388 3574 laudandus
403 3515 448 3589 sit,
464 3514 542 3591 quod
555 3513 585 3570 in
600 3515 732 3589 gehenna
745 3522 920 3591 torqueatur.

145 3586 150 3598 ’
226 3635 248 3680 4·
274 3633 339 3682 Qua
352 3633 467 3678 cmm
529 3592 606 3650 XX.
629 3591 745 3668 Quarto,
764 3593 927 3652 Satisfactio
950 3594 1057 3653 Christi
1078 3595 1160 3654 adid
1180 3615 1264 3654 omne
1279 3595 1429 3656 111111111-

257 3692 369 3750 implent
403 3692 468 3746 quon
488 3672 577 3746 tendi,
593 3671 671 3747 quod
685 3692 702 3729 a
715 3673 799 3731 nobis
820 3673 986 3749 debebatur,
1004 3682 1034 3733 11
1055 3675 1132 3750 qnod
1153 3695 1205 3752 pro
1224 3676 1309 3735 nobis
1330 3675 1431 3736 debuit

258 3764 273 3795 ὃ
284 3752 352 3796 ¹¹0¹)ss
367 3750 467 3794 debeba-
488 3751 564 3810 solvi
578 3749 615 3809 ad
628 3751 718 3811 vitam
734 3752 927 3812 obtinendam.
950 3752 1165 3812 Atobedientia
1179 3755 1247 3812 vitae
1262 3775 1320 3813 non
1333 3757 1429 3815 minus

257 3814 306 3853 tur.
488 3852 521 3890 ac
541 3831 637 3908 passio
658 3832 759 3890 mortis
779 3832 817 3891 ad
837 3832 868 3890 id
886 3832 1105 3910 requirebatnr;
1126 3853 1184 3892 non
1205 3834 1291 3894 modo
1312 3835 1380 3912 quia
1394 3837 1432 3894 ad

229 3923 382 3989 utrumque
417 3911 553 3970 Creatura
587 3911 733 3988 peccatrix
774 3911 925 3971 tenebatur
943 3934 950 3988 ;
981 3913 1031 3971 111
1067 3914 1153 3970 etiam
1181 3914 1250 3991 quia
1276 3921 1430 3992 utrumqne

229 3993 422 4054 necessarium
437 3991 490 4051 fuit
501 3991 539 4049 ad
552 4000 735 4069 peecatorum
749 3992 954 4067 remissionem,
970 4001 1000 4050 et
1020 3992 1043 4051 J
1044 4013 1078 4051 us
1092 3991 1130 4051 ad
1140 3993 1247 4068 vitam;
1269 3994 1340 4054 Vita
1354 3996 1431 4054 enirn

230 4095 268 4133 ex
283 4074 363 4149 Lege
377 4073 561 4149 promittitur,
577 4091 635 4130 non
646 4072 775 4148 patienti,
791 4071 843 4129 sed
857 4071 981 4146 facienti,
993 4073 1104 4146 hocsac
1118 4081 1144 4130 ct
1157 4074 1238 4131 vives.
1283 4073 1362 4150 Ergo
1372 4094 1429 4134 non

228 4153 389 4214 suffecisset
401 4171 502 4228 poenas
525 4151 597 4210 ferre
612 4150 768 4224 moriendo,
791 4151 847 4208 nisi
868 4149 966 4208 addita
987 4149 1088 4211 finisset
1112 4151 1312 4212 mandatorum
1334 4153 1431 4212 obscr-

229 4233 318 4291 vatio.
361 4231 422 4289 Nec
435 4231 483 4289 hic
502 4229 706 4308 reponendum,
730 4230 816 4288 aliam
839 4249 901 4288 1111
930 4229 1070 4289 rationem
1089 4232 1305 4309 justificationis
1330 4233 1429 4291 Evan-

231 4312 332 4390 gelicae
356 4329 389 4367 oc
418 4310 554 4387 Legalis3
590 4311 619 4367 in
647 4310 703 4368 ista
731 4309 819 4384 Legis
848 4308 1077 4367 observationem
1112 4311 1229 4388 quidem
1261 4313 1429 4388 requisitam

230 4391 319 4450 fuisse
333 4396 366 4447 ut
380 4409 495 4448 causam
509 4389 586 4464 vitae,
603 4387 653 4448 sed
669 4389 698 4446 in
712 4389 763 4446 illa
772 4407 830 4445 non
845 4388 922 4446 item.
965 4387 1039 4462 Quia
1053 4389 1207 4450 discrimen
1214 4391 1431 4469 justificationis

231 4480 336 4527 nostrae
358 4487 417 4525 non
440 4469 564 4545 positum
588 4477 632 4526 est
653 4469 727 4525 inre
750 4467 821 4544 ipsa,
845 4486 909 4542 quaa
931 4468 1084 4545 utrobique
1106 4471 1207 4528 cadem
1231 4479 1284 4544 est,
1308 4471 1432 4531 Justitia

232 4548 341 4606 scilicet
363 4547 489 4622 perfecta
516 4557 545 4606 et
572 4547 703 4606 absoluta
731 4545 864 4604 omnibus
885 4548 1019 4624 numeris,
1045 4567 1109 4624 quae
1134 4559 1234 4608 exacte
1258 4551 1432 4627 respondent

232 4625 321 4700 Legis
335 4625 461 4701 pactioni
484 4625 519 4683 de
547 4625 633 4684 modo
654 4627 721 4684 vitae
737 4636 850 4685 aeternae
866 4626 1037 4704 obtinendae,
1053 4635 1082 4686 et
1104 4628 1172 4687 Juri
1195 4629 1251 4687 Dei
1273 4638 1381 4689 aeterno
1402 4639 1431 4690 et
