<?xml version="1.0" encoding="UTF-8"?>
<!DOCTYPE html PUBLIC "-//W3C//DTD XHTML 1.0 Transitional//EN"
    "http://www.w3.org/TR/xhtml1/DTD/xhtml1-transitional.dtd">
<html xmlns="http://www.w3.org/1999/xhtml" xml:lang="en" lang="en">
 <head>
  <title>
</title>
<meta http-equiv="Content-Type" content="text/html;charset=utf-8" />
  <meta name='ocr-system' content='tesseract 3.04.00' />
  <meta name='ocr-capabilities' content='ocr_page ocr_carea ocr_par ocr_line ocrx_word'/>
</head>
<body>
  <div class='ocr_page' id='page_1' title='image "./francisciturret00pictgoog_0160.png"; bbox 0 0 3202 5194; ppageno 0'>
   <div class='ocr_carea' id='block_1_1' title="bbox 147 333 1362 416">
    <p class='ocr_par' dir='ltr' id='par_1_1' title="bbox 147 333 1362 416">
     <span class='ocr_line' id='line_1_1' title="bbox 147 333 1362 416; baseline 0 -18"><span class='ocrx_word' id='word_1_1' title='bbox 147 351 265 406; x_wconf 69' lang='lat' dir='ltr'><strong>comer.</strong></span> <span class='ocrx_word' id='word_1_2' title='bbox 281 333 383 416; x_wconf 70' lang='lat' dir='ltr'><strong>xum]</strong></span> <span class='ocrx_word' id='word_1_3' title='bbox 675 349 714 394; x_wconf 84' lang='grc'><strong>66</strong></span> <span class='ocrx_word' id='word_1_4' title='bbox 728 353 806 396; x_wconf 78' lang='lat' dir='ltr'><strong>naon</strong></span> <span class='ocrx_word' id='word_1_5' title='bbox 820 353 881 398; x_wconf 82' lang='lat' dir='ltr'><strong>ner.</strong></span> <span class='ocrx_word' id='word_1_6' title='bbox 1305 339 1362 398; x_wconf 78' lang='lat' dir='ltr'><strong>tas</strong></span> 
     </span>
    </p>
   </div>
   <div class='ocr_carea' id='block_1_2' title="bbox 148 493 1362 3614">
    <p class='ocr_par' dir='ltr' id='par_1_2' title="bbox 148 493 1362 1774">
     <span class='ocr_line' id='line_1_2' title="bbox 148 493 1360 574; baseline 0 -18"><span class='ocrx_word' id='word_1_7' title='bbox 148 497 240 574; x_wconf 83' lang='lat' dir='ltr'><strong>nique</strong></span> <span class='ocrx_word' id='word_1_8' title='bbox 254 495 326 574; x_wconf 90' lang='lat' dir='ltr'><strong>quid</strong></span> <span class='ocrx_word' id='word_1_9' title='bbox 339 495 427 553; x_wconf 88' lang='lat' dir='ltr'><strong>bomo</strong></span> <span class='ocrx_word' id='word_1_10' title='bbox 440 493 551 553; x_wconf 89' lang='lat' dir='ltr'><strong>homini</strong></span> <span class='ocrx_word' id='word_1_11' title='bbox 564 513 602 553; x_wconf 82' lang='lat' dir='ltr'><strong>ex</strong></span> <span class='ocrx_word' id='word_1_12' title='bbox 617 494 710 555; x_wconf 88' lang='lat' dir='ltr'><strong>officio</strong></span> <span class='ocrx_word' id='word_1_13' title='bbox 725 495 837 572; x_wconf 87' lang='lat' dir='ltr'><strong>debeat,</strong></span> <span class='ocrx_word' id='word_1_14' title='bbox 855 497 918 556; x_wconf 87' lang='lat' dir='ltr'><strong>Lex</strong></span> <span class='ocrx_word' id='word_1_15' title='bbox 932 495 1054 556; x_wconf 83' lang='lat' dir='ltr'><strong>forensis</strong></span> <span class='ocrx_word' id='word_1_16' title='bbox 1068 495 1232 557; x_wconf 89' lang='lat' dir='ltr'><strong>distinctius</strong></span> <span class='ocrx_word' id='word_1_17' title='bbox 1244 497 1360 556; x_wconf 78' lang='grc'><strong>16661111·</strong></span> 
     </span>
     <span class='ocr_line' id='line_1_3' title="bbox 150 575 1362 654; baseline 0.001 -17"><span class='ocrx_word' id='word_1_18' title='bbox 150 578 191 637; x_wconf 85' lang='grc'><strong>116</strong></span> <span class='ocrx_word' id='word_1_19' title='bbox 216 577 361 654; x_wconf 85' lang='lat' dir='ltr'><strong>applicata</strong></span> <span class='ocrx_word' id='word_1_20' title='bbox 381 575 516 653; x_wconf 84' lang='lat' dir='ltr'><strong>explicet.</strong></span> <span class='ocrx_word' id='word_1_21' title='bbox 560 575 623 633; x_wconf 86' lang='lat' dir='ltr'>ch</span> <span class='ocrx_word' id='word_1_22' title='bbox 644 576 761 634; x_wconf 89' lang='lat' dir='ltr'><strong>moralis</strong></span> <span class='ocrx_word' id='word_1_23' title='bbox 783 577 900 654; x_wconf 77' lang='lat' dir='ltr'><strong>respicit</strong></span> <span class='ocrx_word' id='word_1_24' title='bbox 923 576 1066 654; x_wconf 89' lang='lat' dir='ltr'><strong>Populum</strong></span> <span class='ocrx_word' id='word_1_25' title='bbox 1086 578 1287 652; x_wconf 65' lang='lat' dir='ltr'><strong>Israeliticunr,</strong></span> <span class='ocrx_word' id='word_1_26' title='bbox 1304 597 1362 654; x_wconf 87' lang='lat' dir='ltr'><strong>qua</strong></span> 
     </span>
     <span class='ocr_line' id='line_1_4' title="bbox 150 655 1360 736; baseline 0.002 -21"><span class='ocrx_word' id='word_1_27' title='bbox 150 657 275 716; x_wconf 72' lang='grc'><strong>16661166</strong></span> <span class='ocrx_word' id='word_1_28' title='bbox 283 681 295 729; x_wconf 83' lang='grc'><strong>,·</strong></span> <span class='ocrx_word' id='word_1_29' title='bbox 317 655 539 730; x_wconf 72' lang='lat' dir='ltr'><strong>ceremonialia,</strong></span> <span class='ocrx_word' id='word_1_30' title='bbox 555 664 587 714; x_wconf 88' lang='lat' dir='ltr'><strong>ut</strong></span> <span class='ocrx_word' id='word_1_31' title='bbox 595 657 753 714; x_wconf 77' lang='lat' dir='ltr'><strong>Ecclesiam</strong></span> <span class='ocrx_word' id='word_1_32' title='bbox 764 658 869 715; x_wconf 65' lang='lat' dir='ltr'><strong>Veteris</strong></span> <span class='ocrx_word' id='word_1_33' title='bbox 885 658 1054 716; x_wconf 79' lang='lat' dir='ltr'><strong>Testamenti</strong></span> <span class='ocrx_word' id='word_1_34' title='bbox 1065 665 1265 736; x_wconf 79' lang='lat' dir='ltr'><strong>expectantem</strong></span> <span class='ocrx_word' id='word_1_35' title='bbox 1281 657 1360 717; x_wconf 87' lang='lat' dir='ltr'><strong>Mes·</strong></span> 
     </span>
     <span class='ocr_line' id='line_1_5' title="bbox 151 735 1360 815; baseline -0.001 -18"><span class='ocrx_word' id='word_1_36' title='bbox 151 737 226 797; x_wconf 84' lang='lat' dir='ltr'><strong>aiam</strong></span> <span class='ocrx_word' id='word_1_37' title='bbox 250 736 442 814; x_wconf 68' lang='lat' dir='ltr'><strong>promissum</strong></span> <span class='ocrx_word' id='word_1_38' title='bbox 472 735 617 810; x_wconf 77' lang='lat' dir='ltr'>Forensis,</span> <span class='ocrx_word' id='word_1_39' title='bbox 639 745 672 794; x_wconf 90' lang='lat' dir='ltr'><strong>ut</strong></span> <span class='ocrx_word' id='word_1_40' title='bbox 694 738 835 812; x_wconf 78' lang='lat' dir='ltr'><em>Populum</em></span> <span class='ocrx_word' id='word_1_41' title='bbox 852 737 1036 814; x_wconf 72' lang='lat' dir='ltr'><strong>pacatiorem,</strong></span> <span class='ocrx_word' id='word_1_42' title='bbox 1061 738 1111 815; x_wconf 92' lang='lat' dir='ltr'><strong>qui</strong></span> <span class='ocrx_word' id='word_1_43' title='bbox 1137 737 1360 815; x_wconf 84' lang='lat' dir='ltr'><strong>Rempublicam</strong></span> 
     </span>
     <span class='ocr_line' id='line_1_6' title="bbox 150 815 1212 895; baseline 0.001 -21"><span class='ocrx_word' id='word_1_44' title='bbox 150 817 239 895; x_wconf 77' lang='lat' dir='ltr'><strong>genio</strong></span> <span class='ocrx_word' id='word_1_45' title='bbox 253 836 288 875; x_wconf 86' lang='lat' dir='ltr'><strong>ac</strong></span> <span class='ocrx_word' id='word_1_46' title='bbox 302 815 395 874; x_wconf 92' lang='lat' dir='ltr'><strong>indoli</strong></span> <span class='ocrx_word' id='word_1_47' title='bbox 408 835 469 875; x_wconf 79' lang='lat' dir='ltr'><strong>susc</strong></span> <span class='ocrx_word' id='word_1_48' title='bbox 483 815 703 874; x_wconf 88' lang='lat' dir='ltr'><strong>convenientem</strong></span> <span class='ocrx_word' id='word_1_49' title='bbox 716 815 823 875; x_wconf 88' lang='lat' dir='ltr'><strong>habere</strong></span> <span class='ocrx_word' id='word_1_50' title='bbox 838 816 939 876; x_wconf 81' lang='lat' dir='ltr'><strong>debuit</strong></span> <span class='ocrx_word' id='word_1_51' title='bbox 952 816 982 874; x_wconf 93' lang='lat' dir='ltr'><strong>in</strong></span> <span class='ocrx_word' id='word_1_52' title='bbox 996 826 1072 876; x_wconf 84' lang='lat' dir='ltr'><strong>terra</strong></span> <span class='ocrx_word' id='word_1_53' title='bbox 1087 817 1212 876; x_wconf 82' lang='lat' dir='ltr'><strong>Censen.</strong></span> 
     </span>
     <span class='ocr_line' id='line_1_7' title="bbox 240 895 1359 974; baseline 0.004 -23"><span class='ocrx_word' id='word_1_54' title='bbox 240 961 245 974; x_wconf 36' lang='lat'>⁸</span> <span class='ocrx_word' id='word_1_55' title='bbox 375 959 381 972; x_wconf 33' lang='grc'>1</span> <span class='ocrx_word' id='word_1_56' title='bbox 457 895 517 954; x_wconf 92' lang='lat' dir='ltr'>III.</span> <span class='ocrx_word' id='word_1_57' title='bbox 540 895 619 953; x_wconf 91' lang='lat' dir='ltr'><strong>Hinc</strong></span> <span class='ocrx_word' id='word_1_58' title='bbox 633 895 786 973; x_wconf 82' lang='lat' dir='ltr'>multiplex</span> <span class='ocrx_word' id='word_1_59' title='bbox 800 896 891 956; x_wconf 87' lang='lat' dir='ltr'><strong>oritur</strong></span> <span class='ocrx_word' id='word_1_60' title='bbox 903 896 1059 956; x_wconf 80' lang='lat' dir='ltr'><strong>discrimen</strong></span> <span class='ocrx_word' id='word_1_61' title='bbox 1073 897 1163 974; x_wconf 84' lang='lat' dir='ltr'><strong>Legis</strong></span> <span class='ocrx_word' id='word_1_62' title='bbox 1183 896 1301 955; x_wconf 87' lang='lat' dir='ltr'><strong>moralia</strong></span> <span class='ocrx_word' id='word_1_63' title='bbox 1322 897 1359 956; x_wconf 88' lang='lat' dir='ltr'><strong>ab</strong></span> 
     </span>
     <span class='ocr_line' id='line_1_8' title="bbox 166 959 1358 1064; baseline 0.001 -30"><span class='ocrx_word' id='word_1_64' title='bbox 166 959 394 1064; x_wconf 45' lang='lat' dir='ltr'><strong>Dgfffissblffi</strong></span> <span class='ocrx_word' id='word_1_65' title='bbox 415 975 488 1052; x_wconf 88' lang='lat' dir='ltr'><strong>aliis,</strong></span> <span class='ocrx_word' id='word_1_66' title='bbox 504 983 566 1034; x_wconf 85' lang='lat' dir='ltr'><strong>tum</strong></span> <span class='ocrx_word' id='word_1_67' title='bbox 581 975 611 1032; x_wconf 92' lang='lat' dir='ltr'><strong>in</strong></span> <span class='ocrx_word' id='word_1_68' title='bbox 625 975 816 1053; x_wconf 63' lang='lat' dir='ltr'><strong>originaqnia</strong></span> <span class='ocrx_word' id='word_1_69' title='bbox 829 976 947 1035; x_wconf 89' lang='lat' dir='ltr'><strong>moralis</strong></span> <span class='ocrx_word' id='word_1_70' title='bbox 960 976 1097 1036; x_wconf 79' lang='lat' dir='ltr'><strong>fundatur</strong></span> <span class='ocrx_word' id='word_1_71' title='bbox 1106 977 1137 1035; x_wconf 91' lang='lat' dir='ltr'><strong>in</strong></span> <span class='ocrx_word' id='word_1_72' title='bbox 1148 977 1214 1055; x_wconf 87' lang='lat' dir='ltr'><strong>jure</strong></span> <span class='ocrx_word' id='word_1_73' title='bbox 1223 977 1358 1052; x_wconf 89' lang='lat' dir='ltr'><strong>naturali,</strong></span> 
     </span>
     <span class='ocr_line' id='line_1_9' title="bbox 416 1054 1361 1134; baseline 0.004 -21"><span class='ocrx_word' id='word_1_74' title='bbox 416 1054 482 1114; x_wconf 87' lang='lat' dir='ltr'><strong>ideo</strong></span> <span class='ocrx_word' id='word_1_75' title='bbox 504 1063 607 1114; x_wconf 85' lang='lat' dir='ltr'><strong>natura</strong></span> <span class='ocrx_word' id='word_1_76' title='bbox 627 1065 696 1114; x_wconf 90' lang='lat' dir='ltr'><strong>nota</strong></span> <span class='ocrx_word' id='word_1_77' title='bbox 717 1064 769 1131; x_wconf 87' lang='grc'><strong>661,</strong></span> <span class='ocrx_word' id='word_1_78' title='bbox 794 1055 846 1115; x_wconf 87' lang='lat' dir='ltr'><strong>sed</strong></span> <span class='ocrx_word' id='word_1_79' title='bbox 866 1056 931 1114; x_wconf 79' lang='lat' dir='ltr'><strong>aliae</strong></span> <span class='ocrx_word' id='word_1_80' title='bbox 952 1056 983 1114; x_wconf 92' lang='lat' dir='ltr'><strong>in</strong></span> <span class='ocrx_word' id='word_1_81' title='bbox 1005 1057 1140 1134; x_wconf 88' lang='lat' dir='ltr'><strong>positivo,</strong></span> <span class='ocrx_word' id='word_1_82' title='bbox 1160 1056 1226 1116; x_wconf 90' lang='lat' dir='ltr'><strong>ideo</strong></span> <span class='ocrx_word' id='word_1_83' title='bbox 1241 1067 1309 1116; x_wconf 89' lang='lat' dir='ltr'><strong>sunt</strong></span> <span class='ocrx_word' id='word_1_84' title='bbox 1323 1077 1361 1117; x_wconf 86' lang='lat' dir='ltr'><strong>ex</strong></span> 
     </span>
     <span class='ocr_line' id='line_1_10' title="bbox 154 1135 1360 1212; baseline 0 -16"><span class='ocrx_word' id='word_1_85' title='bbox 154 1139 248 1197; x_wconf 87' lang='lat' dir='ltr'><strong>libera</strong></span> <span class='ocrx_word' id='word_1_86' title='bbox 260 1137 456 1211; x_wconf 77' lang='lat' dir='ltr'><strong>revelatione3</strong></span> <span class='ocrx_word' id='word_1_87' title='bbox 478 1144 540 1193; x_wconf 91' lang='lat' dir='ltr'><strong>tum</strong></span> <span class='ocrx_word' id='word_1_88' title='bbox 554 1135 584 1192; x_wconf 89' lang='lat' dir='ltr'><strong>in</strong></span> <span class='ocrx_word' id='word_1_89' title='bbox 598 1136 756 1210; x_wconf 65' lang='grc'><strong>1166611666,</strong></span> <span class='ocrx_word' id='word_1_90' title='bbox 767 1136 824 1194; x_wconf 85' lang='grc'><strong>1116</strong></span> <span class='ocrx_word' id='word_1_91' title='bbox 836 1135 1025 1195; x_wconf 90' lang='lat' dir='ltr'><strong>immutabilis</strong></span> <span class='ocrx_word' id='word_1_92' title='bbox 1039 1145 1069 1196; x_wconf 91' lang='lat' dir='ltr'><strong>et</strong></span> <span class='ocrx_word' id='word_1_93' title='bbox 1083 1145 1198 1212; x_wconf 78' lang='lat' dir='ltr'><strong>aeterna,</strong></span> <span class='ocrx_word' id='word_1_94' title='bbox 1215 1137 1284 1196; x_wconf 77' lang='lat' dir='ltr'><strong>Istae</strong></span> <span class='ocrx_word' id='word_1_95' title='bbox 1299 1158 1360 1196; x_wconf 91' lang='lat' dir='ltr'><strong>mu·</strong></span> 
     </span>
     <span class='ocr_line' id='line_1_11' title="bbox 153 1215 1361 1294; baseline -0.001 -17"><span class='ocrx_word' id='word_1_96' title='bbox 153 1217 260 1278; x_wconf 86' lang='lat' dir='ltr'><strong>tabiles</strong></span> <span class='ocrx_word' id='word_1_97' title='bbox 282 1226 312 1277; x_wconf 90' lang='lat' dir='ltr'><strong>et</strong></span> <span class='ocrx_word' id='word_1_98' title='bbox 333 1216 522 1293; x_wconf 59' lang='lat' dir='ltr'><strong>temporalem</strong></span> <span class='ocrx_word' id='word_1_99' title='bbox 545 1223 607 1273; x_wconf 91' lang='lat' dir='ltr'><strong>tum</strong></span> <span class='ocrx_word' id='word_1_100' title='bbox 630 1216 740 1274; x_wconf 83' lang='lat' dir='ltr'><strong>ratione</strong></span> <span class='ocrx_word' id='word_1_101' title='bbox 765 1217 867 1292; x_wconf 52' lang='lat' dir='ltr'><strong>offecti,</strong></span> <span class='ocrx_word' id='word_1_102' title='bbox 892 1215 949 1274; x_wconf 87' lang='grc'><strong>1116</strong></span> <span class='ocrx_word' id='word_1_103' title='bbox 972 1216 1235 1294; x_wconf 67' lang='lat' dir='ltr'><strong>universalisque</strong></span> <span class='ocrx_word' id='word_1_104' title='bbox 1259 1237 1361 1277; x_wconf 88' lang='lat' dir='ltr'><strong>omnes</strong></span> 
     </span>
     <span class='ocr_line' id='line_1_12' title="bbox 155 1294 1359 1375; baseline -0.001 -19"><span class='ocrx_word' id='word_1_105' title='bbox 155 1297 282 1375; x_wconf 82' lang='lat' dir='ltr'><strong>respicit,</strong></span> <span class='ocrx_word' id='word_1_106' title='bbox 306 1297 375 1356; x_wconf 80' lang='grc'><strong>16166</strong></span> <span class='ocrx_word' id='word_1_107' title='bbox 395 1294 672 1373; x_wconf 75' lang='lat' dir='ltr'><strong>particularesque</strong></span> <span class='ocrx_word' id='word_1_108' title='bbox 691 1304 803 1356; x_wconf 88' lang='lat' dir='ltr'><strong>tantum</strong></span> <span class='ocrx_word' id='word_1_109' title='bbox 818 1296 959 1372; x_wconf 74' lang='lat' dir='ltr'><strong>Judaeos3</strong></span> <span class='ocrx_word' id='word_1_110' title='bbox 983 1296 1135 1375; x_wconf 85' lang='lat' dir='ltr'><strong>(Forensis</strong></span> <span class='ocrx_word' id='word_1_111' title='bbox 1149 1296 1267 1374; x_wconf 89' lang='lat' dir='ltr'><strong>quidem</strong></span> <span class='ocrx_word' id='word_1_112' title='bbox 1288 1317 1359 1374; x_wconf 90' lang='lat' dir='ltr'><strong>qua·</strong></span> 
     </span>
     <span class='ocr_line' id='line_1_13' title="bbox 152 1373 1360 1454; baseline -0.001 -17"><span class='ocrx_word' id='word_1_113' title='bbox 152 1387 239 1438; x_wconf 84' lang='lat' dir='ltr'><strong>tenus</strong></span> <span class='ocrx_word' id='word_1_114' title='bbox 263 1397 313 1436; x_wconf 88' lang='lat' dir='ltr'><strong>cos</strong></span> <span class='ocrx_word' id='word_1_115' title='bbox 336 1385 369 1435; x_wconf 88' lang='lat' dir='ltr'><strong>ut</strong></span> <span class='ocrx_word' id='word_1_116' title='bbox 391 1377 493 1452; x_wconf 87' lang='lat' dir='ltr'><strong>Rcmp.</strong></span> <span class='ocrx_word' id='word_1_117' title='bbox 515 1373 679 1435; x_wconf 88' lang='lat' dir='ltr'><strong>distinctam</strong></span> <span class='ocrx_word' id='word_1_118' title='bbox 700 1377 763 1435; x_wconf 87' lang='lat' dir='ltr'><strong>Deo</strong></span> <span class='ocrx_word' id='word_1_119' title='bbox 786 1375 948 1436; x_wconf 89' lang='lat' dir='ltr'><strong>dedicatam</strong></span> <span class='ocrx_word' id='word_1_120' title='bbox 971 1377 1128 1454; x_wconf 73' lang='lat' dir='ltr'><strong>spectabat,</strong></span> <span class='ocrx_word' id='word_1_121' title='bbox 1145 1378 1360 1436; x_wconf 70' lang='lat' dir='ltr'><strong>caeremonialia</strong></span> 
     </span>
     <span class='ocr_line' id='line_1_14' title="bbox 155 1455 1359 1534; baseline 0.001 -18"><span class='ocrx_word' id='word_1_122' title='bbox 155 1477 226 1516; x_wconf 88' lang='lat' dir='ltr'><strong>vero</strong></span> <span class='ocrx_word' id='word_1_123' title='bbox 241 1477 305 1534; x_wconf 77' lang='lat' dir='ltr'><strong>qum</strong></span> <span class='ocrx_word' id='word_1_124' title='bbox 320 1465 427 1515; x_wconf 86' lang='lat' dir='ltr'><strong>statum</strong></span> <span class='ocrx_word' id='word_1_125' title='bbox 441 1474 540 1514; x_wconf 89' lang='lat' dir='ltr'><strong>eornm</strong></span> <span class='ocrx_word' id='word_1_126' title='bbox 556 1455 800 1531; x_wconf 81' lang='lat' dir='ltr'><strong>Ecclesiasticum,</strong></span> <span class='ocrx_word' id='word_1_127' title='bbox 816 1465 845 1515; x_wconf 87' lang='lat' dir='ltr'><strong>et</strong></span> <span class='ocrx_word' id='word_1_128' title='bbox 860 1465 967 1516; x_wconf 88' lang='lat' dir='ltr'><strong>statum</strong></span> <span class='ocrx_word' id='word_1_129' title='bbox 987 1457 1185 1516; x_wconf 88' lang='lat' dir='ltr'><strong>minorannem</strong></span> <span class='ocrx_word' id='word_1_130' title='bbox 1200 1457 1359 1517; x_wconf 78' lang='grc'><strong>611616611-</strong></span> 
     </span>
     <span class='ocr_line' id='line_1_15' title="bbox 153 1535 1360 1616; baseline 0.001 -21"><span class='ocrx_word' id='word_1_131' title='bbox 153 1538 213 1596; x_wconf 90' lang='lat' dir='ltr'><strong>lem</strong></span> <span class='ocrx_word' id='word_1_132' title='bbox 227 1537 398 1614; x_wconf 82' lang='lat' dir='ltr'><strong>respiciebat</strong></span> <span class='ocrx_word' id='word_1_133' title='bbox 407 1536 429 1616; x_wconf 80' lang='lat'><strong>3)</strong></span> <span class='ocrx_word' id='word_1_134' title='bbox 451 1543 513 1594; x_wconf 89' lang='lat' dir='ltr'><strong>tum</strong></span> <span class='ocrx_word' id='word_1_135' title='bbox 523 1535 634 1594; x_wconf 87' lang='lat' dir='ltr'><strong>ratione</strong></span> <span class='ocrx_word' id='word_1_136' title='bbox 646 1555 718 1611; x_wconf 77' lang='lat' dir='ltr'><strong>usus,</strong></span> <span class='ocrx_word' id='word_1_137' title='bbox 726 1537 795 1613; x_wconf 89' lang='lat' dir='ltr'><strong>quia</strong></span> <span class='ocrx_word' id='word_1_138' title='bbox 806 1536 928 1596; x_wconf 90' lang='lat' dir='ltr'><strong>Moralis</strong></span> <span class='ocrx_word' id='word_1_139' title='bbox 939 1535 1005 1595; x_wconf 85' lang='lat' dir='ltr'><strong>finis</strong></span> <span class='ocrx_word' id='word_1_140' title='bbox 1016 1545 1061 1596; x_wconf 91' lang='lat' dir='ltr'><strong>est</strong></span> <span class='ocrx_word' id='word_1_141' title='bbox 1074 1537 1204 1613; x_wconf 83' lang='lat' dir='ltr'><strong>alierum,</strong></span> <span class='ocrx_word' id='word_1_142' title='bbox 1215 1537 1279 1595; x_wconf 81' lang='lat' dir='ltr'><strong>alise</strong></span> <span class='ocrx_word' id='word_1_143' title='bbox 1290 1557 1360 1596; x_wconf 88' lang='lat' dir='ltr'><strong>vero</strong></span> 
     </span>
     <span class='ocr_line' id='line_1_16' title="bbox 154 1615 1362 1678; baseline -0.002 0"><span class='ocrx_word' id='word_1_144' title='bbox 154 1617 257 1678; x_wconf 88' lang='lat' dir='ltr'><strong>morali</strong></span> <span class='ocrx_word' id='word_1_145' title='bbox 271 1616 466 1676; x_wconf 82' lang='lat' dir='ltr'><strong>subserviunt.</strong></span> <span class='ocrx_word' id='word_1_146' title='bbox 509 1615 660 1674; x_wconf 75' lang='lat' dir='ltr'><strong>Hactenus</strong></span> <span class='ocrx_word' id='word_1_147' title='bbox 681 1615 717 1674; x_wconf 91' lang='lat' dir='ltr'><strong>de</strong></span> <span class='ocrx_word' id='word_1_148' title='bbox 732 1615 839 1674; x_wconf 88' lang='lat' dir='ltr'><strong>Morali</strong></span> <span class='ocrx_word' id='word_1_149' title='bbox 859 1615 988 1676; x_wconf 88' lang='lat' dir='ltr'><strong>dictum:</strong></span> <span class='ocrx_word' id='word_1_150' title='bbox 1010 1616 1095 1676; x_wconf 91' lang='lat' dir='ltr'><strong>Nunc</strong></span> <span class='ocrx_word' id='word_1_151' title='bbox 1110 1617 1146 1675; x_wconf 89' lang='lat' dir='ltr'><strong>de</strong></span> <span class='ocrx_word' id='word_1_152' title='bbox 1161 1617 1362 1676; x_wconf 74' lang='lat' dir='ltr'><strong>caeremoniali</strong></span> 
     </span>
     <span class='ocr_line' id='line_1_17' title="bbox 155 1696 371 1774; baseline -0.014 -18"><span class='ocrx_word' id='word_1_153' title='bbox 155 1696 371 1774; x_wconf 87' lang='lat' dir='ltr'><strong>disputandum.</strong></span> 
     </span>
    </p>

    <p class='ocr_par' dir='ltr' id='par_1_3' title="bbox 154 1776 1359 1947">
     <span class='ocr_line' id='line_1_18' title="bbox 197 1776 1359 1856; baseline 0 -20"><span class='ocrx_word' id='word_1_154' title='bbox 197 1843 202 1854; x_wconf 36' lang='lat'><strong>¹</strong></span> <span class='ocrx_word' id='word_1_155' title='bbox 243 1843 248 1856; x_wconf 52' lang='grc'><strong>,</strong></span> <span class='ocrx_word' id='word_1_156' title='bbox 457 1777 512 1836; x_wconf 90' lang='lat' dir='ltr'><strong>IV.</strong></span> <span class='ocrx_word' id='word_1_157' title='bbox 533 1779 598 1837; x_wconf 78' lang='lat' dir='ltr'><strong>Lea</strong></span> <span class='ocrx_word' id='word_1_158' title='bbox 619 1777 829 1854; x_wconf 73' lang='lat' dir='ltr'><strong>caeremonialia,</strong></span> <span class='ocrx_word' id='word_1_159' title='bbox 851 1785 896 1838; x_wconf 88' lang='lat' dir='ltr'><strong>cst</strong></span> <span class='ocrx_word' id='word_1_160' title='bbox 918 1777 1052 1856; x_wconf 84' lang='lat' dir='ltr'><strong>Systcma</strong></span> <span class='ocrx_word' id='word_1_161' title='bbox 1067 1777 1280 1856; x_wconf 82' lang='lat' dir='ltr'><strong>Praeceptorum</strong></span> <span class='ocrx_word' id='word_1_162' title='bbox 1303 1776 1359 1837; x_wconf 88' lang='lat' dir='ltr'><strong>Dei</strong></span> 
     </span>
     <span class='ocr_line' id='line_1_19' title="bbox 154 1841 1359 1947; baseline 0 -31"><span class='ocrx_word' id='word_1_163' title='bbox 154 1841 396 1947; x_wconf 38' lang='lat' dir='ltr'><strong>Qm‘zffissm*</strong></span> <span class='ocrx_word' id='word_1_164' title='bbox 419 1857 609 1935; x_wconf 79' lang='lat' dir='ltr'><strong>positivorum</strong></span> <span class='ocrx_word' id='word_1_165' title='bbox 632 1857 667 1917; x_wconf 89' lang='lat' dir='ltr'><strong>de</strong></span> <span class='ocrx_word' id='word_1_166' title='bbox 692 1859 772 1918; x_wconf 89' lang='lat' dir='ltr'><strong>cultu</strong></span> <span class='ocrx_word' id='word_1_167' title='bbox 794 1867 914 1918; x_wconf 81' lang='lat' dir='ltr'><strong>externo</strong></span> <span class='ocrx_word' id='word_1_168' title='bbox 937 1859 967 1916; x_wconf 93' lang='lat' dir='ltr'><strong>in</strong></span> <span class='ocrx_word' id='word_1_169' title='bbox 992 1858 1081 1918; x_wconf 88' lang='lat' dir='ltr'><strong>sacris</strong></span> <span class='ocrx_word' id='word_1_170' title='bbox 1103 1859 1195 1918; x_wconf 87' lang='lat' dir='ltr'><strong>veteri</strong></span> <span class='ocrx_word' id='word_1_171' title='bbox 1219 1858 1359 1917; x_wconf 84' lang='lat' dir='ltr'><strong>Ecclesiae</strong></span> 
     </span>
    </p>

    <p class='ocr_par' dir='ltr' id='par_1_4' title="bbox 154 1937 1360 2814">
     <span class='ocr_line' id='line_1_20' title="bbox 420 1937 1359 2016; baseline -0.001 -20"><span class='ocrx_word' id='word_1_172' title='bbox 420 1939 596 2015; x_wconf 72' lang='lat' dir='ltr'><strong>prescripto,</strong></span> <span class='ocrx_word' id='word_1_173' title='bbox 611 1938 660 1997; x_wconf 82' lang='lat' dir='ltr'><strong>vel</strong></span> <span class='ocrx_word' id='word_1_174' title='bbox 674 1937 782 1998; x_wconf 83' lang='lat' dir='ltr'><strong>ordinis</strong></span> <span class='ocrx_word' id='word_1_175' title='bbox 795 1939 845 1998; x_wconf 85' lang='lat' dir='ltr'><strong>vel</strong></span> <span class='ocrx_word' id='word_1_176' title='bbox 865 1937 1085 2016; x_wconf 84' lang='lat' dir='ltr'><strong>significationis</strong></span> <span class='ocrx_word' id='word_1_177' title='bbox 1106 1957 1201 1997; x_wconf 83' lang='lat' dir='ltr'><strong>causa.</strong></span> <span class='ocrx_word' id='word_1_178' title='bbox 1245 1939 1292 1996; x_wconf 87' lang='lat' dir='ltr'><strong>Ita</strong></span> <span class='ocrx_word' id='word_1_179' title='bbox 1315 1938 1359 1996; x_wconf 88' lang='lat' dir='ltr'><strong>di·</strong></span> 
     </span>
     <span class='ocr_line' id='line_1_21' title="bbox 154 2017 1359 2096; baseline -0.002 -18"><span class='ocrx_word' id='word_1_180' title='bbox 154 2019 231 2080; x_wconf 87' lang='lat' dir='ltr'><strong>citur</strong></span> <span class='ocrx_word' id='word_1_181' title='bbox 243 2020 281 2080; x_wconf 84' lang='lat' dir='ltr'><strong>ab</strong></span> <span class='ocrx_word' id='word_1_182' title='bbox 294 2022 406 2096; x_wconf 60' lang='lat' dir='ltr'><strong>ob&#39;ecto,</strong></span> <span class='ocrx_word' id='word_1_183' title='bbox 421 2017 498 2076; x_wconf 81' lang='lat' dir='ltr'><strong>circs</strong></span> <span class='ocrx_word' id='word_1_184' title='bbox 511 2018 590 2096; x_wconf 90' lang='lat' dir='ltr'><strong>qnod</strong></span> <span class='ocrx_word' id='word_1_185' title='bbox 602 2025 743 2092; x_wconf 81' lang='lat' dir='ltr'><strong>versatur,</strong></span> <span class='ocrx_word' id='word_1_186' title='bbox 758 2018 827 2077; x_wconf 90' lang='lat' dir='ltr'><strong>nim.</strong></span> <span class='ocrx_word' id='word_1_187' title='bbox 842 2018 1020 2078; x_wconf 74' lang='lat' dir='ltr'><strong>ceremoniis</strong></span> <span class='ocrx_word' id='word_1_188' title='bbox 1042 2037 1092 2078; x_wconf 89' lang='lat' dir='ltr'><strong>scu</strong></span> <span class='ocrx_word' id='word_1_189' title='bbox 1107 2017 1211 2078; x_wconf 90' lang='lat' dir='ltr'><strong>ritibus</strong></span> <span class='ocrx_word' id='word_1_190' title='bbox 1226 2018 1314 2076; x_wconf 88' lang='lat' dir='ltr'><strong>sacris</strong></span> <span class='ocrx_word' id='word_1_191' title='bbox 1329 2017 1359 2076; x_wconf 94' lang='lat' dir='ltr'><strong>in</strong></span> 
     </span>
     <span class='ocr_line' id='line_1_22' title="bbox 154 2097 1360 2174; baseline -0.003 -15"><span class='ocrx_word' id='word_1_192' title='bbox 154 2109 275 2160; x_wconf 80' lang='lat' dir='ltr'><strong>externo</strong></span> <span class='ocrx_word' id='word_1_193' title='bbox 297 2101 355 2160; x_wconf 92' lang='lat' dir='ltr'><strong>Dei</strong></span> <span class='ocrx_word' id='word_1_194' title='bbox 377 2097 459 2159; x_wconf 88' lang='lat' dir='ltr'><strong>cultu</strong></span> <span class='ocrx_word' id='word_1_195' title='bbox 481 2097 550 2156; x_wconf 92' lang='lat' dir='ltr'><strong>olim</strong></span> <span class='ocrx_word' id='word_1_196' title='bbox 574 2097 781 2174; x_wconf 85' lang='lat' dir='ltr'><strong>observandis;</strong></span> <span class='ocrx_word' id='word_1_197' title='bbox 804 2099 866 2158; x_wconf 84' lang='lat' dir='ltr'><strong>eivs</strong></span> <span class='ocrx_word' id='word_1_198' title='bbox 880 2119 941 2158; x_wconf 83' lang='lat' dir='ltr'><strong>vox</strong></span> <span class='ocrx_word' id='word_1_199' title='bbox 957 2098 1138 2158; x_wconf 75' lang='lat' dir='ltr'><strong>Ooerenionioe</strong></span> <span class='ocrx_word' id='word_1_200' title='bbox 1159 2097 1319 2157; x_wconf 86' lang='lat' dir='ltr'><strong>deducatur</strong></span> <span class='ocrx_word' id='word_1_201' title='bbox 1342 2117 1360 2155; x_wconf 85' lang='lat' dir='ltr'><strong>a</strong></span> 
     </span>
     <span class='ocr_line' id='line_1_23' title="bbox 154 2177 1359 2256; baseline -0.001 -19"><span class='ocrx_word' id='word_1_202' title='bbox 154 2199 228 2239; x_wconf 88' lang='lat' dir='ltr'><strong>voce</strong></span> <span class='ocrx_word' id='word_1_203' title='bbox 242 2181 365 2240; x_wconf 85' lang='lat' dir='ltr'><strong>Etrusca</strong></span> <span class='ocrx_word' id='word_1_204' title='bbox 385 2198 473 2253; x_wconf 75' lang='lat' dir='ltr'><strong>cerus,</strong></span> <span class='ocrx_word' id='word_1_205' title='bbox 489 2197 553 2256; x_wconf 87' lang='lat' dir='ltr'><strong>quse</strong></span> <span class='ocrx_word' id='word_1_206' title='bbox 577 2187 704 2237; x_wconf 73' lang='lat' dir='ltr'><strong>comtum</strong></span> <span class='ocrx_word' id='word_1_207' title='bbox 726 2177 878 2255; x_wconf 78' lang='lat' dir='ltr'><strong>significat,</strong></span> <span class='ocrx_word' id='word_1_208' title='bbox 893 2186 927 2238; x_wconf 91' lang='grc'><strong>61</strong></span> <span class='ocrx_word' id='word_1_209' title='bbox 947 2199 965 2236; x_wconf 87' lang='grc'><strong>6</strong></span> <span class='ocrx_word' id='word_1_210' title='bbox 987 2186 1087 2237; x_wconf 87' lang='grc'><strong>666616</strong></span> <span class='ocrx_word' id='word_1_211' title='bbox 1108 2177 1306 2251; x_wconf 86' lang='lat' dir='ltr'><strong>sanctimonia,</strong></span> <span class='ocrx_word' id='word_1_212' title='bbox 1325 2186 1359 2236; x_wconf 89' lang='lat' dir='ltr'><strong>nt</strong></span> 
     </span>
     <span class='ocr_line' id='line_1_24' title="bbox 154 2257 1359 2337; baseline 0 -21"><span class='ocrx_word' id='word_1_213' title='bbox 154 2259 221 2318; x_wconf 80' lang='lat' dir='ltr'><strong>vult</strong></span> <span class='ocrx_word' id='word_1_214' title='bbox 233 2261 349 2337; x_wconf 77' lang='lat' dir='ltr'><strong>Joseplr.</strong></span> <span class='ocrx_word' id='word_1_215' title='bbox 358 2260 487 2334; x_wconf 67' lang='grc'><strong>86611966</strong></span> <span class='ocrx_word' id='word_1_216' title='bbox 500 2266 529 2317; x_wconf 88' lang='grc'><strong>61</strong></span> <span class='ocrx_word' id='word_1_217' title='bbox 537 2259 624 2318; x_wconf 84' lang='lat' dir='ltr'><strong>Dion.</strong></span> <span class='ocrx_word' id='word_1_218' title='bbox 638 2258 827 2332; x_wconf 79' lang='lat' dir='ltr'><strong>Gotlofredus</strong></span> <span class='ocrx_word' id='word_1_219' title='bbox 841 2259 872 2316; x_wconf 93' lang='lat' dir='ltr'><strong>in</strong></span> <span class='ocrx_word' id='word_1_220' title='bbox 885 2258 963 2317; x_wconf 86' lang='lat' dir='ltr'><strong>notis</strong></span> <span class='ocrx_word' id='word_1_221' title='bbox 976 2258 1014 2316; x_wconf 88' lang='lat' dir='ltr'><strong>ed</strong></span> <span class='ocrx_word' id='word_1_222' title='bbox 1029 2259 1166 2317; x_wconf 84' lang='lat' dir='ltr'><strong>Festum:</strong></span> <span class='ocrx_word' id='word_1_223' title='bbox 1188 2257 1236 2316; x_wconf 83' lang='lat' dir='ltr'><strong>vel</strong></span> <span class='ocrx_word' id='word_1_224' title='bbox 1251 2277 1268 2315; x_wconf 91' lang='lat' dir='ltr'><strong>a</strong></span> <span class='ocrx_word' id='word_1_225' title='bbox 1279 2257 1359 2316; x_wconf 75' lang='lat' dir='ltr'><strong>Cere</strong></span> 
     </span>
     <span class='ocr_line' id='line_1_25' title="bbox 154 2337 1359 2416; baseline 0 -20"><span class='ocrx_word' id='word_1_226' title='bbox 154 2338 291 2397; x_wconf 82' lang='lat' dir='ltr'><strong>Thuscioe</strong></span> <span class='ocrx_word' id='word_1_227' title='bbox 315 2339 428 2416; x_wconf 91' lang='lat' dir='ltr'><strong>oppido,</strong></span> <span class='ocrx_word' id='word_1_228' title='bbox 444 2337 531 2414; x_wconf 92' lang='lat' dir='ltr'><strong>quod,</strong></span> <span class='ocrx_word' id='word_1_229' title='bbox 547 2339 625 2415; x_wconf 88' lang='lat' dir='ltr'><strong>quia,</strong></span> <span class='ocrx_word' id='word_1_230' title='bbox 640 2357 729 2415; x_wconf 90' lang='lat' dir='ltr'><strong>quum</strong></span> <span class='ocrx_word' id='word_1_231' title='bbox 745 2338 825 2397; x_wconf 89' lang='lat' dir='ltr'><strong>Galli</strong></span> <span class='ocrx_word' id='word_1_232' title='bbox 839 2338 963 2397; x_wconf 82' lang='lat' dir='ltr'><strong>Romam</strong></span> <span class='ocrx_word' id='word_1_233' title='bbox 985 2345 1183 2416; x_wconf 82' lang='lat' dir='ltr'><strong>occupassent,</strong></span> <span class='ocrx_word' id='word_1_234' title='bbox 1205 2357 1359 2397; x_wconf 83' lang='lat' dir='ltr'><strong>conserva·</strong></span> 
     </span>
     <span class='ocr_line' id='line_1_26' title="bbox 154 2417 1359 2496; baseline 0 -21"><span class='ocrx_word' id='word_1_235' title='bbox 154 2425 225 2476; x_wconf 91' lang='lat' dir='ltr'><strong>runt</strong></span> <span class='ocrx_word' id='word_1_236' title='bbox 252 2426 389 2477; x_wconf 78' lang='lat' dir='ltr'><strong>aternum</strong></span> <span class='ocrx_word' id='word_1_237' title='bbox 408 2419 503 2496; x_wconf 81' lang='lat' dir='ltr'><strong>iguem</strong></span> <span class='ocrx_word' id='word_1_238' title='bbox 526 2425 555 2478; x_wconf 91' lang='lat' dir='ltr'><strong>ct</strong></span> <span class='ocrx_word' id='word_1_239' title='bbox 569 2417 708 2495; x_wconf 83' lang='lat' dir='ltr'><strong>Virgines</strong></span> <span class='ocrx_word' id='word_1_240' title='bbox 721 2418 866 2493; x_wconf 83' lang='lat' dir='ltr'><strong>Vestales,</strong></span> <span class='ocrx_word' id='word_1_241' title='bbox 887 2417 996 2477; x_wconf 88' lang='lat' dir='ltr'><strong>dictum</strong></span> <span class='ocrx_word' id='word_1_242' title='bbox 1018 2419 1056 2478; x_wconf 92' lang='lat' dir='ltr'><strong>sit</strong></span> <span class='ocrx_word' id='word_1_243' title='bbox 1077 2417 1232 2477; x_wconf 86' lang='lat' dir='ltr'><strong>sacrarium</strong></span> <span class='ocrx_word' id='word_1_244' title='bbox 1259 2418 1359 2494; x_wconf 91' lang='lat' dir='ltr'><strong>populi</strong></span> 
     </span>
     <span class='ocr_line' id='line_1_27' title="bbox 156 2495 1359 2576; baseline 0.001 -21"><span class='ocrx_word' id='word_1_245' title='bbox 156 2495 283 2556; x_wconf 84' lang='lat' dir='ltr'><strong>Romani</strong></span> <span class='ocrx_word' id='word_1_246' title='bbox 297 2505 327 2556; x_wconf 89' lang='lat' dir='ltr'><strong>et</strong></span> <span class='ocrx_word' id='word_1_247' title='bbox 346 2498 554 2576; x_wconf 86' lang='lat' dir='ltr'><strong>receptaculum</strong></span> <span class='ocrx_word' id='word_1_248' title='bbox 570 2498 655 2556; x_wconf 90' lang='lat' dir='ltr'><strong>Rom.</strong></span> <span class='ocrx_word' id='word_1_249' title='bbox 670 2517 825 2572; x_wconf 87' lang='lat' dir='ltr'><strong>sacrorum,</strong></span> <span class='ocrx_word' id='word_1_250' title='bbox 840 2506 870 2557; x_wconf 91' lang='lat' dir='ltr'><strong>et</strong></span> <span class='ocrx_word' id='word_1_251' title='bbox 884 2498 1009 2557; x_wconf 87' lang='lat' dir='ltr'><strong>Romani</strong></span> <span class='ocrx_word' id='word_1_252' title='bbox 1029 2498 1267 2557; x_wconf 85' lang='lat' dir='ltr'><strong>remunerationis</strong></span> <span class='ocrx_word' id='word_1_253' title='bbox 1289 2517 1359 2575; x_wconf 83' lang='lat' dir='ltr'><strong>ergo</strong></span> 
     </span>
     <span class='ocr_line' id='line_1_28' title="bbox 155 2577 1358 2654; baseline 0.001 -18"><span class='ocrx_word' id='word_1_254' title='bbox 155 2597 255 2636; x_wconf 84' lang='lat' dir='ltr'><strong>sacros</strong></span> <span class='ocrx_word' id='word_1_255' title='bbox 276 2577 349 2636; x_wconf 88' lang='lat' dir='ltr'><strong>ritus</strong></span> <span class='ocrx_word' id='word_1_256' title='bbox 371 2600 389 2636; x_wconf 90' lang='lat' dir='ltr'><strong>a</strong></span> <span class='ocrx_word' id='word_1_257' title='bbox 403 2579 482 2637; x_wconf 74' lang='lat' dir='ltr'><strong>Care</strong></span> <span class='ocrx_word' id='word_1_258' title='bbox 505 2577 632 2637; x_wconf 86' lang='lat' dir='ltr'><strong>dixerint</strong></span> <span class='ocrx_word' id='word_1_259' title='bbox 655 2579 848 2654; x_wconf 78' lang='lat' dir='ltr'><strong>caeremonias,</strong></span> <span class='ocrx_word' id='word_1_260' title='bbox 865 2586 897 2637; x_wconf 85' lang='lat' dir='ltr'><strong>ut</strong></span> <span class='ocrx_word' id='word_1_261' title='bbox 917 2577 1020 2637; x_wconf 85' lang='lat' dir='ltr'><strong>volunt</strong></span> <span class='ocrx_word' id='word_1_262' title='bbox 1040 2579 1134 2636; x_wconf 86' lang='lat' dir='ltr'><strong>Valer.</strong></span> <span class='ocrx_word' id='word_1_263' title='bbox 1156 2579 1251 2636; x_wconf 74' lang='grc' dir='ltr'>Μαισί.</span> <span class='ocrx_word' id='word_1_264' title='bbox 1272 2578 1358 2638; x_wconf 84' lang='lat' dir='ltr'><strong>libi.</strong></span> 
     </span>
     <span class='ocr_line' id='line_1_29' title="bbox 154 2657 1358 2736; baseline -0.003 -20"><span class='ocrx_word' id='word_1_265' title='bbox 154 2677 218 2735; x_wconf 89' lang='lat' dir='ltr'><strong>cap.</strong></span> <span class='ocrx_word' id='word_1_266' title='bbox 231 2661 256 2732; x_wconf 87' lang='lat'><strong>1,</strong></span> <span class='ocrx_word' id='word_1_267' title='bbox 272 2659 386 2734; x_wconf 70' lang='lat' dir='ltr'><strong>Florus,</strong></span> <span class='ocrx_word' id='word_1_268' title='bbox 401 2658 452 2716; x_wconf 91' lang='lat' dir='ltr'><strong>lib.</strong></span> <span class='ocrx_word' id='word_1_269' title='bbox 468 2657 487 2716; x_wconf 91' lang='lat' dir='ltr'><strong>i.</strong></span> <span class='ocrx_word' id='word_1_270' title='bbox 502 2660 630 2735; x_wconf 84' lang='lat' dir='ltr'><strong>cap.13;</strong></span> <span class='ocrx_word' id='word_1_271' title='bbox 646 2657 712 2734; x_wconf 82' lang='lat' dir='ltr'><strong>Vel,</strong></span> <span class='ocrx_word' id='word_1_272' title='bbox 723 2657 801 2736; x_wconf 93' lang='lat' dir='ltr'><strong>quod</strong></span> <span class='ocrx_word' id='word_1_273' title='bbox 815 2657 1009 2717; x_wconf 86' lang='lat' dir='ltr'><strong>verosimilius</strong></span> <span class='ocrx_word' id='word_1_274' title='bbox 1023 2666 1076 2734; x_wconf 86' lang='lat' dir='ltr'><strong>est,</strong></span> <span class='ocrx_word' id='word_1_275' title='bbox 1092 2657 1129 2716; x_wconf 90' lang='lat' dir='ltr'><strong>ab</strong></span> <span class='ocrx_word' id='word_1_276' title='bbox 1144 2657 1270 2716; x_wconf 72' lang='lat' dir='ltr'><strong>Hebraeo</strong></span> <span class='ocrx_word' id='word_1_277' title='bbox 1283 2673 1358 2734; x_wconf 57' lang='lat' dir='ltr'><strong>err,</strong></span> 
     </span>
     <span class='ocr_line' id='line_1_30' title="bbox 155 2736 871 2814; baseline 0.001 -18"><span class='ocrx_word' id='word_1_278' title='bbox 155 2737 235 2814; x_wconf 87' lang='lat' dir='ltr'><strong>quod</strong></span> <span class='ocrx_word' id='word_1_279' title='bbox 247 2757 308 2796; x_wconf 92' lang='lat' dir='ltr'><strong>rem</strong></span> <span class='ocrx_word' id='word_1_280' title='bbox 323 2757 433 2797; x_wconf 83' lang='lat' dir='ltr'><strong>sacram</strong></span> <span class='ocrx_word' id='word_1_281' title='bbox 447 2745 477 2796; x_wconf 91' lang='lat' dir='ltr'><strong>et</strong></span> <span class='ocrx_word' id='word_1_282' title='bbox 492 2737 555 2796; x_wconf 89' lang='lat' dir='ltr'><strong>Deo</strong></span> <span class='ocrx_word' id='word_1_283' title='bbox 569 2737 705 2797; x_wconf 86' lang='lat' dir='ltr'><strong>devotam</strong></span> <span class='ocrx_word' id='word_1_284' title='bbox 719 2736 871 2814; x_wconf 82' lang='lat' dir='ltr'><strong>signifieat.</strong></span> 
     </span>
    </p>

    <p class='ocr_par' dir='ltr' id='par_1_5' title="bbox 153 2816 1360 3614">
     <span class='ocr_line' id='line_1_31' title="bbox 195 2816 1359 2897; baseline 0.002 -20"><span class='ocrx_word' id='word_1_285' title='bbox 195 2817 234 2876; x_wconf 90' lang='lat' dir='ltr'><strong>V.</strong></span> <span class='ocrx_word' id='word_1_286' title='bbox 255 2818 353 2877; x_wconf 85' lang='lat' dir='ltr'><strong>Variis</strong></span> <span class='ocrx_word' id='word_1_287' title='bbox 367 2816 533 2877; x_wconf 87' lang='lat' dir='ltr'><strong>nominibus</strong></span> <span class='ocrx_word' id='word_1_288' title='bbox 546 2817 711 2895; x_wconf 81' lang='lat' dir='ltr'><strong>insignitur,</strong></span> <span class='ocrx_word' id='word_1_289' title='bbox 726 2817 813 2876; x_wconf 91' lang='lat' dir='ltr'><strong>modo</strong></span> <span class='ocrx_word' id='word_1_290' title='bbox 826 2837 877 2894; x_wconf 91' lang='lat' dir='ltr'><strong>per</strong></span> <span class='ocrx_word' id='word_1_291' title='bbox 895 2835 987 2894; x_wconf 65' lang='lat' dir='ltr'><strong>epe„</strong></span> <span class='ocrx_word' id='word_1_292' title='bbox 998 2817 1044 2897; x_wconf 92' lang='lat' dir='ltr'><strong>(ut</strong></span> <span class='ocrx_word' id='word_1_293' title='bbox 1056 2836 1168 2878; x_wconf 60' lang='lat' dir='ltr'><strong>twice</strong></span> <span class='ocrx_word' id='word_1_294' title='bbox 1182 2819 1359 2880; x_wconf 86' lang='lat' dir='ltr'><strong>Jndicialem</strong></span> 
     </span>
     <span class='ocr_line' id='line_1_32' title="bbox 154 2895 1357 2978; baseline 0.002 -24"><span class='ocrx_word' id='word_1_295' title='bbox 154 2905 265 2972; x_wconf 80' lang='grc'><strong>661661,</strong></span> <span class='ocrx_word' id='word_1_296' title='bbox 281 2907 310 2957; x_wconf 89' lang='grc'><strong>61</strong></span> <span class='ocrx_word' id='word_1_297' title='bbox 323 2919 387 2956; x_wconf 68' lang='lat' dir='ltr'><strong>nixa</strong></span> <span class='ocrx_word' id='word_1_298' title='bbox 406 2897 573 2978; x_wconf 63' lang='lat' dir='ltr'><strong>moralem)</strong></span> <span class='ocrx_word' id='word_1_299' title='bbox 589 2896 675 2956; x_wconf 93' lang='lat' dir='ltr'><strong>modo</strong></span> <span class='ocrx_word' id='word_1_300' title='bbox 689 2917 741 2974; x_wconf 89' lang='lat' dir='ltr'><strong>per</strong></span> <span class='ocrx_word' id='word_1_301' title='bbox 755 2897 822 2972; x_wconf 64' lang='lat' dir='ltr'><strong>alpos</strong></span> <span class='ocrx_word' id='word_1_302' title='bbox 835 2901 881 2956; x_wconf 69' lang='lat' dir='ltr'><strong>eir</strong></span> <span class='ocrx_word' id='word_1_303' title='bbox 895 2899 993 2958; x_wconf 67' lang='grc'><strong>166636</strong></span> <span class='ocrx_word' id='word_1_304' title='bbox 1006 2899 1025 2956; x_wconf 77' lang='lat' dir='ltr'><strong>b</strong></span> <span class='ocrx_word' id='word_1_305' title='bbox 1038 2895 1158 2974; x_wconf 64' lang='grc' dir='ltr'><strong>ὶὸγμισι,</strong></span> <span class='ocrx_word' id='word_1_306' title='bbox 1175 2899 1249 2974; x_wconf 88' lang='lat' dir='ltr'><strong>Eph.</strong></span> <span class='ocrx_word' id='word_1_307' title='bbox 1264 2900 1294 2957; x_wconf 86' lang='lat' dir='ltr'><strong>ii.</strong></span> <span class='ocrx_word' id='word_1_308' title='bbox 1311 2902 1357 2973; x_wconf 84' lang='lat'><strong>15,</strong></span> 
     </span>
     <span class='ocr_line' id='line_1_33' title="bbox 154 2973 1358 3056; baseline 0.001 -21"><span class='ocrx_word' id='word_1_309' title='bbox 154 2977 224 3053; x_wconf 90' lang='lat' dir='ltr'><strong>quia</strong></span> <span class='ocrx_word' id='word_1_310' title='bbox 246 2987 391 3056; x_wconf 77' lang='lat' dir='ltr'><strong>praecepta</strong></span> <span class='ocrx_word' id='word_1_311' title='bbox 411 2977 490 3036; x_wconf 90' lang='lat' dir='ltr'><strong>illins</strong></span> <span class='ocrx_word' id='word_1_312' title='bbox 513 2985 581 3036; x_wconf 89' lang='lat' dir='ltr'><strong>sunt</strong></span> <span class='ocrx_word' id='word_1_313' title='bbox 600 2973 739 3054; x_wconf 66' lang='grc' dir='ltr'><strong>ὶιὶημὶιι,</strong></span> <span class='ocrx_word' id='word_1_314' title='bbox 755 2997 773 3035; x_wconf 85' lang='lat' dir='ltr'><strong>a</strong></span> <span class='ocrx_word' id='word_1_315' title='bbox 789 2978 844 3036; x_wconf 92' lang='lat' dir='ltr'><strong>Dei</strong></span> <span class='ocrx_word' id='word_1_316' title='bbox 858 2979 1007 3037; x_wconf 87' lang='lat' dir='ltr'><strong>voluntate</strong></span> <span class='ocrx_word' id='word_1_317' title='bbox 1029 2979 1147 3052; x_wconf 64' lang='lat' dir='ltr'><strong>sancita</strong></span> <span class='ocrx_word' id='word_1_318' title='bbox 1163 2997 1227 3054; x_wconf 85' lang='lat' dir='ltr'><strong>quae</strong></span> <span class='ocrx_word' id='word_1_319' title='bbox 1249 2979 1358 3036; x_wconf 90' lang='lat' dir='ltr'><strong>nullam</strong></span> 
     </span>
     <span class='ocr_line' id='line_1_34' title="bbox 154 3055 1358 3136; baseline 0.002 -22"><span class='ocrx_word' id='word_1_320' title='bbox 154 3055 264 3116; x_wconf 88' lang='lat' dir='ltr'><strong>habent</strong></span> <span class='ocrx_word' id='word_1_321' title='bbox 277 3058 444 3128; x_wconf 84' lang='lat' dir='ltr'><strong>bonitatem,</strong></span> <span class='ocrx_word' id='word_1_322' title='bbox 457 3076 542 3134; x_wconf 90' lang='lat' dir='ltr'><strong>quam</strong></span> <span class='ocrx_word' id='word_1_323' title='bbox 558 3058 595 3116; x_wconf 86' lang='lat' dir='ltr'><strong>ab</strong></span> <span class='ocrx_word' id='word_1_324' title='bbox 608 3058 727 3116; x_wconf 88' lang='lat' dir='ltr'><strong>arbitrio</strong></span> <span class='ocrx_word' id='word_1_325' title='bbox 741 3056 855 3132; x_wconf 85' lang='lat' dir='ltr'><strong>divino;</strong></span> <span class='ocrx_word' id='word_1_326' title='bbox 870 3057 956 3117; x_wconf 91' lang='lat' dir='ltr'><strong>modo</strong></span> <span class='ocrx_word' id='word_1_327' title='bbox 970 3077 1022 3134; x_wconf 88' lang='lat' dir='ltr'><strong>per</strong></span> <span class='ocrx_word' id='word_1_328' title='bbox 1035 3058 1127 3118; x_wconf 65' lang='lat' dir='ltr'><strong>inanis</strong></span> <span class='ocrx_word' id='word_1_329' title='bbox 1139 3059 1264 3136; x_wconf 63' lang='lat' dir='ltr'><strong>sagacis,</strong></span> <span class='ocrx_word' id='word_1_330' title='bbox 1282 3057 1358 3117; x_wconf 88' lang='lat' dir='ltr'><strong>Heb.</strong></span> 
     </span>
     <span class='ocr_line' id='line_1_35' title="bbox 155 3134 1359 3217; baseline 0.001 -23"><span class='ocrx_word' id='word_1_331' title='bbox 155 3135 206 3194; x_wconf 81' lang='lat' dir='ltr'><strong>rii.</strong></span> <span class='ocrx_word' id='word_1_332' title='bbox 223 3139 270 3212; x_wconf 90' lang='grc'><strong>16,</strong></span> <span class='ocrx_word' id='word_1_333' title='bbox 286 3134 493 3212; x_wconf 55' lang='grc'><strong>6116661166.</strong></span> <span class='ocrx_word' id='word_1_334' title='bbox 503 3141 601 3217; x_wconf 59' lang='lat' dir='ltr'><strong>vagata,</strong></span> <span class='ocrx_word' id='word_1_335' title='bbox 618 3137 694 3196; x_wconf 85' lang='lat' dir='ltr'><strong>Heb.</strong></span> <span class='ocrx_word' id='word_1_336' title='bbox 709 3137 751 3196; x_wconf 86' lang='lat' dir='ltr'><strong>ix.</strong></span> <span class='ocrx_word' id='word_1_337' title='bbox 768 3139 814 3213; x_wconf 90' lang='grc'><strong>10,</strong></span> <span class='ocrx_word' id='word_1_338' title='bbox 831 3138 899 3214; x_wconf 86' lang='lat' dir='ltr'><strong>quia</strong></span> <span class='ocrx_word' id='word_1_339' title='bbox 913 3139 943 3196; x_wconf 91' lang='lat' dir='ltr'><strong>in</strong></span> <span class='ocrx_word' id='word_1_340' title='bbox 956 3137 1043 3196; x_wconf 88' lang='lat' dir='ltr'><strong>rebus</strong></span> <span class='ocrx_word' id='word_1_341' title='bbox 1057 3139 1185 3196; x_wconf 87' lang='lat' dir='ltr'><strong>externis</strong></span> <span class='ocrx_word' id='word_1_342' title='bbox 1199 3145 1229 3196; x_wconf 90' lang='lat' dir='ltr'><strong>et</strong></span> <span class='ocrx_word' id='word_1_343' title='bbox 1242 3157 1359 3215; x_wconf 90' lang='lat' dir='ltr'><strong>corrup·</strong></span> 
     </span>
     <span class='ocr_line' id='line_1_36' title="bbox 154 3215 1357 3295; baseline 0.002 -21"><span class='ocrx_word' id='word_1_344' title='bbox 154 3215 288 3277; x_wconf 85' lang='lat' dir='ltr'><strong>tibilibns</strong></span> <span class='ocrx_word' id='word_1_345' title='bbox 301 3216 523 3294; x_wconf 80' lang='lat' dir='ltr'><strong>praescribendis</strong></span> <span class='ocrx_word' id='word_1_346' title='bbox 537 3225 700 3294; x_wconf 88' lang='lat' dir='ltr'><strong>occupatur,</strong></span> <span class='ocrx_word' id='word_1_347' title='bbox 708 3237 773 3295; x_wconf 83' lang='lat' dir='ltr'><strong>qnae</strong></span> <span class='ocrx_word' id='word_1_348' title='bbox 787 3217 881 3276; x_wconf 88' lang='lat' dir='ltr'><strong>carnis</strong></span> <span class='ocrx_word' id='word_1_349' title='bbox 895 3218 1010 3277; x_wconf 90' lang='lat' dir='ltr'><strong>nomine</strong></span> <span class='ocrx_word' id='word_1_350' title='bbox 1019 3216 1141 3276; x_wconf 87' lang='lat' dir='ltr'><strong>veniunt</strong></span> <span class='ocrx_word' id='word_1_351' title='bbox 1153 3217 1184 3275; x_wconf 93' lang='lat' dir='ltr'><strong>in</strong></span> <span class='ocrx_word' id='word_1_352' title='bbox 1196 3217 1357 3294; x_wconf 85' lang='lat' dir='ltr'><strong>Scriptnrs;</strong></span> 
     </span>
     <span class='ocr_line' id='line_1_37' title="bbox 153 3296 1359 3376; baseline 0.002 -23"><span class='ocrx_word' id='word_1_353' title='bbox 153 3296 240 3354; x_wconf 83' lang='lat' dir='ltr'><strong>modo</strong></span> <span class='ocrx_word' id='word_1_354' title='bbox 255 3317 308 3374; x_wconf 83' lang='lat' dir='ltr'><strong>per</strong></span> <span class='ocrx_word' id='word_1_355' title='bbox 320 3303 434 3373; x_wconf 73' lang='grc' dir='ltr'><strong><em>σταχιῖι</em></strong></span> <span class='ocrx_word' id='word_1_356' title='bbox 448 3301 588 3361; x_wconf 71' lang='grc'><strong>6161111661</strong></span> <span class='ocrx_word' id='word_1_357' title='bbox 602 3301 697 3374; x_wconf 57' lang='lat' dir='ltr'><strong>muzal</strong></span> <span class='ocrx_word' id='word_1_358' title='bbox 711 3305 754 3357; x_wconf 73' lang='grc' dir='ltr'><strong>τοῦ</strong></span> <span class='ocrx_word' id='word_1_359' title='bbox 766 3297 869 3372; x_wconf 68' lang='lat' dir='ltr'><strong>adepto,</strong></span> <span class='ocrx_word' id='word_1_360' title='bbox 879 3301 1012 3357; x_wconf 67' lang='lat' dir='ltr'><strong>elementa</strong></span> <span class='ocrx_word' id='word_1_361' title='bbox 1021 3317 1108 3369; x_wconf 71' lang='lat' dir='ltr'><strong>eqena</strong></span> <span class='ocrx_word' id='word_1_362' title='bbox 1119 3297 1267 3376; x_wconf 66' lang='lat' dir='ltr'><strong>etitfitma</strong></span> <span class='ocrx_word' id='word_1_363' title='bbox 1280 3318 1359 3356; x_wconf 81' lang='lat' dir='ltr'><strong>mun-</strong></span> 
     </span>
     <span class='ocr_line' id='line_1_38' title="bbox 154 3375 1360 3456; baseline 0.002 -22"><span class='ocrx_word' id='word_1_364' title='bbox 154 3376 193 3449; x_wconf 78' lang='lat' dir='ltr'><strong>di,</strong></span> <span class='ocrx_word' id='word_1_365' title='bbox 209 3375 306 3435; x_wconf 85' lang='lat' dir='ltr'><strong>Galat.</strong></span> <span class='ocrx_word' id='word_1_366' title='bbox 322 3379 361 3436; x_wconf 85' lang='lat' dir='ltr'><strong>iv.</strong></span> <span class='ocrx_word' id='word_1_367' title='bbox 374 3383 401 3451; x_wconf 84' lang='lat' dir='ltr'><strong>o,</strong></span> <span class='ocrx_word' id='word_1_368' title='bbox 417 3378 487 3454; x_wconf 91' lang='lat' dir='ltr'><strong>quia</strong></span> <span class='ocrx_word' id='word_1_369' title='bbox 500 3389 582 3436; x_wconf 87' lang='lat' dir='ltr'><strong>crant</strong></span> <span class='ocrx_word' id='word_1_370' title='bbox 595 3379 687 3456; x_wconf 89' lang='lat' dir='ltr'><strong>prima</strong></span> <span class='ocrx_word' id='word_1_371' title='bbox 699 3377 863 3437; x_wconf 82' lang='lat' dir='ltr'><strong>rudimenta</strong></span> <span class='ocrx_word' id='word_1_372' title='bbox 877 3387 906 3438; x_wconf 90' lang='lat' dir='ltr'><strong>et</strong></span> <span class='ocrx_word' id='word_1_373' title='bbox 920 3377 1010 3437; x_wconf 80' lang='lat' dir='ltr'><strong>veluti</strong></span> <span class='ocrx_word' id='word_1_374' title='bbox 1025 3376 1210 3454; x_wconf 83' lang='lat' dir='ltr'><strong>alphabetum</strong></span> <span class='ocrx_word' id='word_1_375' title='bbox 1221 3377 1360 3437; x_wconf 73' lang='lat' dir='ltr'><strong>Ecclesia</strong></span> 
     </span>
     <span class='ocr_line' id='line_1_39' title="bbox 154 3454 1359 3535; baseline 0.003 -21"><span class='ocrx_word' id='word_1_376' title='bbox 154 3454 297 3531; x_wconf 79' lang='lat' dir='ltr'><strong>Judaicae,</strong></span> <span class='ocrx_word' id='word_1_377' title='bbox 314 3457 344 3515; x_wconf 92' lang='lat' dir='ltr'><strong>in</strong></span> <span class='ocrx_word' id='word_1_378' title='bbox 358 3477 416 3534; x_wconf 90' lang='lat' dir='ltr'><strong>quo</strong></span> <span class='ocrx_word' id='word_1_379' title='bbox 431 3456 553 3516; x_wconf 86' lang='lat' dir='ltr'><strong>durante</strong></span> <span class='ocrx_word' id='word_1_380' title='bbox 568 3457 693 3517; x_wconf 85' lang='lat' dir='ltr'><strong>infantili</strong></span> <span class='ocrx_word' id='word_1_381' title='bbox 707 3465 791 3518; x_wconf 76' lang='lat' dir='ltr'><strong>etate</strong></span> <span class='ocrx_word' id='word_1_382' title='bbox 812 3457 961 3518; x_wconf 88' lang='lat' dir='ltr'><strong>informari</strong></span> <span class='ocrx_word' id='word_1_383' title='bbox 982 3457 1090 3533; x_wconf 90' lang='lat' dir='ltr'><strong>debuit,</strong></span> <span class='ocrx_word' id='word_1_384' title='bbox 1107 3477 1172 3535; x_wconf 78' lang='lat' dir='ltr'><strong>quse</strong></span> <span class='ocrx_word' id='word_1_385' title='bbox 1191 3457 1266 3515; x_wconf 92' lang='lat' dir='ltr'><strong>nihil</strong></span> <span class='ocrx_word' id='word_1_386' title='bbox 1279 3467 1359 3534; x_wconf 88' lang='lat' dir='ltr'><strong>pote-</strong></span> 
     </span>
     <span class='ocr_line' id='line_1_40' title="bbox 153 3536 956 3614; baseline 0.005 -21"><span class='ocrx_word' id='word_1_387' title='bbox 153 3543 218 3594; x_wconf 85' lang='lat' dir='ltr'><strong>rent</strong></span> <span class='ocrx_word' id='word_1_388' title='bbox 230 3555 282 3612; x_wconf 87' lang='lat' dir='ltr'><strong>per</strong></span> <span class='ocrx_word' id='word_1_389' title='bbox 296 3556 327 3594; x_wconf 94' lang='lat' dir='ltr'><strong>se</strong></span> <span class='ocrx_word' id='word_1_390' title='bbox 340 3537 390 3596; x_wconf 86' lang='lat' dir='ltr'><strong>vel</strong></span> <span class='ocrx_word' id='word_1_391' title='bbox 403 3536 441 3595; x_wconf 89' lang='lat' dir='ltr'><strong>ad</strong></span> <span class='ocrx_word' id='word_1_392' title='bbox 450 3537 696 3614; x_wconf 86' lang='lat' dir='ltr'><strong>justificationem,</strong></span> <span class='ocrx_word' id='word_1_393' title='bbox 711 3538 759 3596; x_wconf 82' lang='lat' dir='ltr'><strong>vel</strong></span> <span class='ocrx_word' id='word_1_394' title='bbox 774 3536 812 3596; x_wconf 88' lang='lat' dir='ltr'><strong>ad</strong></span> <span class='ocrx_word' id='word_1_395' title='bbox 825 3538 956 3597; x_wconf 87' lang='lat' dir='ltr'><strong>salutem.</strong></span> 
     </span>
    </p>
   </div>
   <div class='ocr_carea' id='block_1_3' title="bbox 456 3616 1456 3691">
    <p class='ocr_par' dir='ltr' id='par_1_6' title="bbox 456 3616 1456 3691">
     <span class='ocr_line' id='line_1_41' title="bbox 456 3616 1456 3691; baseline 0.003 -17"><span class='ocrx_word' id='word_1_396' title='bbox 456 3617 513 3676; x_wconf 91' lang='lat' dir='ltr'><strong>VI.</strong></span> <span class='ocrx_word' id='word_1_397' title='bbox 536 3616 720 3676; x_wconf 80' lang='lat' dir='ltr'><strong>Gaeremoniae</strong></span> <span class='ocrx_word' id='word_1_398' title='bbox 734 3625 802 3676; x_wconf 87' lang='lat' dir='ltr'><strong>sunt</strong></span> <span class='ocrx_word' id='word_1_399' title='bbox 815 3618 928 3676; x_wconf 86' lang='lat' dir='ltr'><strong>externi</strong></span> <span class='ocrx_word' id='word_1_400' title='bbox 944 3616 1037 3691; x_wconf 88' lang='lat' dir='ltr'><strong>Ritus,</strong></span> <span class='ocrx_word' id='word_1_401' title='bbox 1053 3625 1083 3675; x_wconf 86' lang='lat' dir='ltr'><strong>et</strong></span> <span class='ocrx_word' id='word_1_402' title='bbox 1104 3635 1185 3676; x_wconf 85' lang='lat' dir='ltr'><strong>sacra</strong></span> <span class='ocrx_word' id='word_1_403' title='bbox 1198 3617 1289 3678; x_wconf 89' lang='lat' dir='ltr'><strong>cultui</strong></span> <span class='ocrx_word' id='word_1_404' title='bbox 1304 3618 1361 3677; x_wconf 90' lang='lat' dir='ltr'><strong>Dei</strong></span> <span class='ocrx_word' id='word_1_405' title='bbox 1454 3635 1456 3640; x_wconf 86' lang='lat'>·</span> 
     </span>
    </p>
   </div>
   <div class='ocr_carea' id='block_1_4' title="bbox 152 3677 1364 4646">
    <p class='ocr_par' dir='ltr' id='par_1_7' title="bbox 154 3677 1359 3783">
     <span class='ocr_line' id='line_1_42' title="bbox 154 3677 1359 3783; baseline 0.001 -28"><span class='ocrx_word' id='word_1_406' title='bbox 154 3677 396 3783; x_wconf 51' lang='lat' dir='ltr'><strong>⁰¹⁵⁸⁰⁰rffi¹²¹⁰¹¹³⁹</strong></span> <span class='ocrx_word' id='word_1_407' title='bbox 417 3695 586 3772; x_wconf 82' lang='lat' dir='ltr'><strong>accidentia,</strong></span> <span class='ocrx_word' id='word_1_408' title='bbox 601 3715 666 3774; x_wconf 79' lang='lat' dir='ltr'><strong>quae</strong></span> <span class='ocrx_word' id='word_1_409' title='bbox 680 3697 743 3774; x_wconf 87' lang='lat' dir='ltr'><strong>ipsa</strong></span> <span class='ocrx_word' id='word_1_410' title='bbox 756 3716 808 3774; x_wconf 86' lang='lat' dir='ltr'><strong>per</strong></span> <span class='ocrx_word' id='word_1_411' title='bbox 826 3717 856 3756; x_wconf 89' lang='lat' dir='ltr'><strong>se</strong></span> <span class='ocrx_word' id='word_1_412' title='bbox 877 3697 973 3756; x_wconf 89' lang='lat' dir='ltr'><strong>cultus</strong></span> <span class='ocrx_word' id='word_1_413' title='bbox 988 3697 1044 3756; x_wconf 85' lang='lat' dir='ltr'><strong>Dei</strong></span> <span class='ocrx_word' id='word_1_414' title='bbox 1064 3717 1123 3755; x_wconf 89' lang='lat' dir='ltr'><strong>non</strong></span> <span class='ocrx_word' id='word_1_415' title='bbox 1145 3697 1288 3773; x_wconf 75' lang='lat' dir='ltr'><strong>suntsed</strong></span> <span class='ocrx_word' id='word_1_416' title='bbox 1309 3698 1359 3756; x_wconf 87' lang='lat' dir='ltr'><strong>ad·</strong></span> 
     </span>
    </p>

    <p class='ocr_par' dir='ltr' id='par_1_8' title="bbox 152 3776 1364 4646">
     <span class='ocr_line' id='line_1_43' title="bbox 413 3776 1359 3854; baseline 0 -20"><span class='ocrx_word' id='word_1_417' title='bbox 413 3776 517 3854; x_wconf 90' lang='lat' dir='ltr'><strong>juncta</strong></span> <span class='ocrx_word' id='word_1_418' title='bbox 536 3776 767 3851; x_wconf 85' lang='lat' dir='ltr'><strong>concomitantia,</strong></span> <span class='ocrx_word' id='word_1_419' title='bbox 782 3785 813 3835; x_wconf 93' lang='lat' dir='ltr'><strong>et</strong></span> <span class='ocrx_word' id='word_1_420' title='bbox 834 3776 1014 3854; x_wconf 87' lang='lat' dir='ltr'><strong>adjuvantia,</strong></span> <span class='ocrx_word' id='word_1_421' title='bbox 1037 3776 1255 3854; x_wconf 84' lang='lat' dir='ltr'><strong>significatione,</strong></span> <span class='ocrx_word' id='word_1_422' title='bbox 1278 3797 1359 3836; x_wconf 81' lang='lat' dir='ltr'><strong>exer·</strong></span> 
     </span>
     <span class='ocr_line' id='line_1_44' title="bbox 152 3849 1361 3933; baseline 0.005 -24"><span class='ocrx_word' id='word_1_423' title='bbox 152 3849 231 3926; x_wconf 89' lang='lat' dir='ltr'><strong>citio,</strong></span> <span class='ocrx_word' id='word_1_424' title='bbox 247 3871 342 3930; x_wconf 89' lang='lat' dir='ltr'><strong>opere,</strong></span> <span class='ocrx_word' id='word_1_425' title='bbox 358 3865 388 3914; x_wconf 94' lang='lat' dir='ltr'><strong>et</strong></span> <span class='ocrx_word' id='word_1_426' title='bbox 401 3855 516 3915; x_wconf 89' lang='lat' dir='ltr'><strong>decoro.</strong></span> <span class='ocrx_word' id='word_1_427' title='bbox 558 3855 647 3914; x_wconf 81' lang='lat' dir='ltr'><strong>Ortus</strong></span> <span class='ocrx_word' id='word_1_428' title='bbox 660 3875 759 3914; x_wconf 85' lang='lat' dir='ltr'><strong>carum</strong></span> <span class='ocrx_word' id='word_1_429' title='bbox 772 3864 803 3914; x_wconf 88' lang='lat' dir='ltr'><strong>at</strong></span> <span class='ocrx_word' id='word_1_430' title='bbox 823 3856 1041 3915; x_wconf 80' lang='lat' dir='ltr'><strong>frmdamentum</strong></span> <span class='ocrx_word' id='word_1_431' title='bbox 1063 3856 1171 3933; x_wconf 91' lang='lat' dir='ltr'><strong>petitur</strong></span> <span class='ocrx_word' id='word_1_432' title='bbox 1184 3877 1202 3914; x_wconf 86' lang='grc'><strong>6</strong></span> <span class='ocrx_word' id='word_1_433' title='bbox 1215 3864 1318 3914; x_wconf 87' lang='lat' dir='ltr'><strong>natura</strong></span> <span class='ocrx_word' id='word_1_434' title='bbox 1331 3865 1361 3915; x_wconf 88' lang='lat' dir='ltr'><strong>et</strong></span> 
     </span>
     <span class='ocr_line' id='line_1_45' title="bbox 153 3931 1360 4012; baseline 0.004 -24"><span class='ocrx_word' id='word_1_435' title='bbox 153 3931 320 3992; x_wconf 88' lang='lat' dir='ltr'><strong>conditione</strong></span> <span class='ocrx_word' id='word_1_436' title='bbox 333 3935 469 4010; x_wconf 87' lang='lat' dir='ltr'><strong>hominis,</strong></span> <span class='ocrx_word' id='word_1_437' title='bbox 477 3935 528 4012; x_wconf 90' lang='lat' dir='ltr'><strong>qui</strong></span> <span class='ocrx_word' id='word_1_438' title='bbox 542 3953 607 3994; x_wconf 89' lang='lat' dir='ltr'><strong>cnm</strong></span> <span class='ocrx_word' id='word_1_439' title='bbox 623 3935 661 3994; x_wconf 90' lang='lat' dir='ltr'><strong>sit</strong></span> <span class='ocrx_word' id='word_1_440' title='bbox 675 3935 785 3993; x_wconf 77' lang='lat' dir='ltr'><strong>animal</strong></span> <span class='ocrx_word' id='word_1_441' title='bbox 797 3937 1031 4010; x_wconf 74' lang='lat' dir='ltr'><strong>ccermoniosnm,</strong></span> <span class='ocrx_word' id='word_1_442' title='bbox 1043 3945 1076 3994; x_wconf 91' lang='lat' dir='ltr'><strong>ut</strong></span> <span class='ocrx_word' id='word_1_443' title='bbox 1088 3935 1217 4012; x_wconf 89' lang='lat' dir='ltr'><strong>loquitur</strong></span> <span class='ocrx_word' id='word_1_444' title='bbox 1232 3935 1360 3993; x_wconf 85' lang='lat' dir='ltr'><strong>Melanc-</strong></span> 
     </span>
     <span class='ocr_line' id='line_1_46' title="bbox 153 4013 1362 4090; baseline 0.007 -24"><span class='ocrx_word' id='word_1_445' title='bbox 153 4017 215 4083; x_wconf 90' lang='lat' dir='ltr'><strong>ton,</strong></span> <span class='ocrx_word' id='word_1_446' title='bbox 230 4014 410 4073; x_wconf 69' lang='lat' dir='ltr'><strong>ceremoniis</strong></span> <span class='ocrx_word' id='word_1_447' title='bbox 430 4023 460 4074; x_wconf 90' lang='lat' dir='ltr'><strong>et</strong></span> <span class='ocrx_word' id='word_1_448' title='bbox 481 4013 586 4074; x_wconf 87' lang='lat' dir='ltr'><strong>ritibus</strong></span> <span class='ocrx_word' id='word_1_449' title='bbox 606 4014 734 4074; x_wconf 86' lang='lat' dir='ltr'><strong>externis</strong></span> <span class='ocrx_word' id='word_1_450' title='bbox 755 4015 890 4090; x_wconf 75' lang='lat' dir='ltr'><strong>adhaeret,</strong></span> <span class='ocrx_word' id='word_1_451' title='bbox 907 4022 936 4074; x_wconf 88' lang='lat' dir='ltr'><strong>et</strong></span> <span class='ocrx_word' id='word_1_452' title='bbox 956 4015 1096 4088; x_wconf 82' lang='lat' dir='ltr'><strong>afficitur;</strong></span> <span class='ocrx_word' id='word_1_453' title='bbox 1119 4023 1149 4073; x_wconf 89' lang='lat' dir='ltr'><strong>ct</strong></span> <span class='ocrx_word' id='word_1_454' title='bbox 1169 4033 1234 4073; x_wconf 89' lang='lat' dir='ltr'><strong>oum</strong></span> <span class='ocrx_word' id='word_1_455' title='bbox 1249 4023 1362 4075; x_wconf 90' lang='lat' dir='ltr'><strong>constet</strong></span> 
     </span>
     <span class='ocr_line' id='line_1_47' title="bbox 154 4089 1362 4172; baseline 0.007 -26"><span class='ocrx_word' id='word_1_456' title='bbox 154 4089 253 4146; x_wconf 90' lang='lat' dir='ltr'><strong>anima</strong></span> <span class='ocrx_word' id='word_1_457' title='bbox 273 4098 303 4149; x_wconf 90' lang='lat' dir='ltr'><strong>et</strong></span> <span class='ocrx_word' id='word_1_458' title='bbox 323 4112 451 4171; x_wconf 90' lang='lat' dir='ltr'><strong>corpore,</strong></span> <span class='ocrx_word' id='word_1_459' title='bbox 466 4104 496 4152; x_wconf 91' lang='grc'><strong>61</strong></span> <span class='ocrx_word' id='word_1_460' title='bbox 517 4095 549 4152; x_wconf 87' lang='grc'><strong>16</strong></span> <span class='ocrx_word' id='word_1_461' title='bbox 568 4101 692 4170; x_wconf 72' lang='lat' dir='ltr'><strong>unoque</strong></span> <span class='ocrx_word' id='word_1_462' title='bbox 707 4095 802 4154; x_wconf 90' lang='lat' dir='ltr'><strong>Deum</strong></span> <span class='ocrx_word' id='word_1_463' title='bbox 827 4094 988 4172; x_wconf 83' lang='lat' dir='ltr'><strong>glorificare</strong></span> <span class='ocrx_word' id='word_1_464' title='bbox 1012 4093 1124 4169; x_wconf 78' lang='lat' dir='ltr'><strong>debeat,</strong></span> <span class='ocrx_word' id='word_1_465' title='bbox 1139 4093 1212 4153; x_wconf 90' lang='lat' dir='ltr'><strong>ritus</strong></span> <span class='ocrx_word' id='word_1_466' title='bbox 1233 4095 1362 4171; x_wconf 87' lang='lat' dir='ltr'><strong>postulat</strong></span> 
     </span>
     <span class='ocr_line' id='line_1_48' title="bbox 153 4173 1362 4252; baseline 0.007 -27"><span class='ocrx_word' id='word_1_467' title='bbox 153 4175 301 4244; x_wconf 81' lang='lat' dir='ltr'><strong>externos,</strong></span> <span class='ocrx_word' id='word_1_468' title='bbox 312 4173 418 4248; x_wconf 87' lang='lat' dir='ltr'><strong>quibus</strong></span> <span class='ocrx_word' id='word_1_469' title='bbox 433 4173 561 4251; x_wconf 89' lang='lat' dir='ltr'><strong>corporis</strong></span> <span class='ocrx_word' id='word_1_470' title='bbox 575 4181 671 4232; x_wconf 90' lang='lat' dir='ltr'><strong>motus</strong></span> <span class='ocrx_word' id='word_1_471' title='bbox 685 4173 723 4232; x_wconf 91' lang='lat' dir='ltr'><strong>ad</strong></span> <span class='ocrx_word' id='word_1_472' title='bbox 732 4174 788 4233; x_wconf 91' lang='lat' dir='ltr'><strong>Dei</strong></span> <span class='ocrx_word' id='word_1_473' title='bbox 802 4175 913 4234; x_wconf 90' lang='lat' dir='ltr'><strong>cultum</strong></span> <span class='ocrx_word' id='word_1_474' title='bbox 927 4182 1089 4252; x_wconf 89' lang='lat' dir='ltr'><strong>componat,</strong></span> <span class='ocrx_word' id='word_1_475' title='bbox 1101 4182 1131 4232; x_wconf 89' lang='grc'><strong>61</strong></span> <span class='ocrx_word' id='word_1_476' title='bbox 1144 4194 1162 4232; x_wconf 88' lang='grc'><strong>6</strong></span> <span class='ocrx_word' id='word_1_477' title='bbox 1176 4174 1362 4234; x_wconf 87' lang='lat' dir='ltr'><strong>sensibilibus</strong></span> 
     </span>
     <span class='ocr_line' id='line_1_49' title="bbox 153 4249 1362 4330; baseline 0.005 -25"><span class='ocrx_word' id='word_1_478' title='bbox 153 4254 184 4307; x_wconf 94' lang='grc'><strong>61</strong></span> <span class='ocrx_word' id='word_1_479' title='bbox 198 4249 319 4308; x_wconf 85' lang='lat' dir='ltr'><strong>terrenis</strong></span> <span class='ocrx_word' id='word_1_480' title='bbox 333 4253 476 4311; x_wconf 81' lang='lat' dir='ltr'><strong>evehatur</strong></span> <span class='ocrx_word' id='word_1_481' title='bbox 489 4251 527 4310; x_wconf 87' lang='lat' dir='ltr'><strong>ad</strong></span> <span class='ocrx_word' id='word_1_482' title='bbox 541 4253 702 4330; x_wconf 85' lang='lat' dir='ltr'><strong>spiritualia</strong></span> <span class='ocrx_word' id='word_1_483' title='bbox 723 4261 753 4312; x_wconf 91' lang='lat' dir='ltr'><strong>et</strong></span> <span class='ocrx_word' id='word_1_484' title='bbox 774 4254 912 4313; x_wconf 66' lang='lat' dir='ltr'><strong>coelestis.</strong></span> <span class='ocrx_word' id='word_1_485' title='bbox 955 4253 1033 4312; x_wconf 89' lang='lat' dir='ltr'><strong>Hinc</strong></span> <span class='ocrx_word' id='word_1_486' title='bbox 1052 4253 1082 4310; x_wconf 89' lang='lat' dir='ltr'><strong>in</strong></span> <span class='ocrx_word' id='word_1_487' title='bbox 1097 4261 1173 4312; x_wconf 87' lang='lat' dir='ltr'><strong>statu</strong></span> <span class='ocrx_word' id='word_1_488' title='bbox 1187 4253 1362 4330; x_wconf 79' lang='lat' dir='ltr'><strong>integritatis</strong></span> 
     </span>
     <span class='ocr_line' id='line_1_50' title="bbox 152 4327 1363 4410; baseline 0.007 -29"><span class='ocrx_word' id='word_1_489' title='bbox 152 4345 214 4383; x_wconf 88' lang='lat' dir='ltr'><strong>non</strong></span> <span class='ocrx_word' id='word_1_490' title='bbox 235 4327 389 4388; x_wconf 88' lang='lat' dir='ltr'><strong>defuerunt</strong></span> <span class='ocrx_word' id='word_1_491' title='bbox 413 4340 534 4391; x_wconf 87' lang='lat' dir='ltr'><strong>externa</strong></span> <span class='ocrx_word' id='word_1_492' title='bbox 557 4331 690 4410; x_wconf 72' lang='lat' dir='ltr'><strong>quadam</strong></span> <span class='ocrx_word' id='word_1_493' title='bbox 713 4333 846 4408; x_wconf 89' lang='lat' dir='ltr'><strong>symbola</strong></span> <span class='ocrx_word' id='word_1_494' title='bbox 867 4335 997 4410; x_wconf 85' lang='lat' dir='ltr'><strong>ritusque</strong></span> <span class='ocrx_word' id='word_1_495' title='bbox 1021 4333 1243 4407; x_wconf 87' lang='lat' dir='ltr'><strong>caeremoniales,</strong></span> <span class='ocrx_word' id='word_1_496' title='bbox 1267 4331 1363 4408; x_wconf 88' lang='lat' dir='ltr'><strong>qualis</strong></span> 
     </span>
     <span class='ocr_line' id='line_1_51' title="bbox 152 4404 1362 4486; baseline 0.007 -25"><span class='ocrx_word' id='word_1_497' title='bbox 152 4404 211 4462; x_wconf 82' lang='lat' dir='ltr'><strong>fuit</strong></span> <span class='ocrx_word' id='word_1_498' title='bbox 224 4404 310 4463; x_wconf 85' lang='lat' dir='ltr'><strong>arbor</strong></span> <span class='ocrx_word' id='word_1_499' title='bbox 323 4407 402 4482; x_wconf 82' lang='lat' dir='ltr'><strong>vitae,</strong></span> <span class='ocrx_word' id='word_1_500' title='bbox 417 4429 476 4486; x_wconf 82' lang='lat' dir='ltr'><strong>prae</strong></span> <span class='ocrx_word' id='word_1_501' title='bbox 491 4411 603 4471; x_wconf 85' lang='lat' dir='ltr'><strong>caeteris</strong></span> <span class='ocrx_word' id='word_1_502' title='bbox 617 4410 760 4471; x_wconf 86' lang='lat' dir='ltr'><strong>destinata</strong></span> <span class='ocrx_word' id='word_1_503' title='bbox 782 4413 813 4471; x_wconf 91' lang='lat' dir='ltr'><strong>in</strong></span> <span class='ocrx_word' id='word_1_504' title='bbox 836 4421 1046 4472; x_wconf 84' lang='lat' dir='ltr'><strong>sacramentnm</strong></span> <span class='ocrx_word' id='word_1_505' title='bbox 1060 4410 1176 4470; x_wconf 82' lang='lat' dir='ltr'><strong>foederis</strong></span> <span class='ocrx_word' id='word_1_506' title='bbox 1191 4420 1220 4470; x_wconf 91' lang='lat' dir='ltr'><strong>et</strong></span> <span class='ocrx_word' id='word_1_507' title='bbox 1240 4411 1362 4486; x_wconf 89' lang='lat' dir='ltr'><strong>promis-</strong></span> 
     </span>
     <span class='ocr_line' id='line_1_52' title="bbox 152 4483 1363 4568; baseline 0.006 -27"><span class='ocrx_word' id='word_1_508' title='bbox 152 4483 280 4554; x_wconf 86' lang='lat' dir='ltr'><strong>sionum,</strong></span> <span class='ocrx_word' id='word_1_509' title='bbox 295 4493 325 4542; x_wconf 91' lang='lat' dir='ltr'><strong>et</strong></span> <span class='ocrx_word' id='word_1_510' title='bbox 339 4486 425 4544; x_wconf 79' lang='lat' dir='ltr'><strong>arbor</strong></span> <span class='ocrx_word' id='word_1_511' title='bbox 438 4489 565 4550; x_wconf 78' lang='lat' dir='ltr'><strong>scientie</strong></span> <span class='ocrx_word' id='word_1_512' title='bbox 579 4491 649 4550; x_wconf 92' lang='lat' dir='ltr'><strong>boni</strong></span> <span class='ocrx_word' id='word_1_513' title='bbox 663 4498 692 4549; x_wconf 90' lang='grc'><strong>61</strong></span> <span class='ocrx_word' id='word_1_514' title='bbox 705 4491 782 4568; x_wconf 85' lang='lat' dir='ltr'><strong>mali,</strong></span> <span class='ocrx_word' id='word_1_515' title='bbox 798 4511 863 4568; x_wconf 84' lang='lat' dir='ltr'><strong>quae</strong></span> <span class='ocrx_word' id='word_1_516' title='bbox 885 4492 971 4550; x_wconf 84' lang='lat' dir='ltr'><strong>unica</strong></span> <span class='ocrx_word' id='word_1_517' title='bbox 991 4511 1008 4550; x_wconf 91' lang='lat' dir='ltr'><strong>e</strong></span> <span class='ocrx_word' id='word_1_518' title='bbox 1028 4490 1127 4549; x_wconf 91' lang='lat' dir='ltr'><strong>multis</strong></span> <span class='ocrx_word' id='word_1_519' title='bbox 1139 4489 1170 4547; x_wconf 91' lang='lat' dir='ltr'><strong>in</strong></span> <span class='ocrx_word' id='word_1_520' title='bbox 1185 4489 1363 4566; x_wconf 85' lang='lat' dir='ltr'><strong>probationis</strong></span> 
     </span>
     <span class='ocr_line' id='line_1_53' title="bbox 154 4560 1364 4646; baseline 0.008 -28"><span class='ocrx_word' id='word_1_521' title='bbox 154 4560 323 4638; x_wconf 86' lang='lat' dir='ltr'><strong>symbolum</strong></span> <span class='ocrx_word' id='word_1_522' title='bbox 339 4575 504 4644; x_wconf 82' lang='lat' dir='ltr'><strong>separatur3</strong></span> <span class='ocrx_word' id='word_1_523' title='bbox 525 4570 621 4646; x_wconf 85' lang='lat' dir='ltr'><strong>qualis</strong></span> <span class='ocrx_word' id='word_1_524' title='bbox 643 4569 698 4627; x_wconf 86' lang='lat' dir='ltr'><strong>suit</strong></span> <span class='ocrx_word' id='word_1_525' title='bbox 717 4570 804 4628; x_wconf 87' lang='lat' dir='ltr'><strong>etiam</strong></span> <span class='ocrx_word' id='word_1_526' title='bbox 821 4571 961 4630; x_wconf 85' lang='lat' dir='ltr'><strong>Sabbathi</strong></span> <span class='ocrx_word' id='word_1_527' title='bbox 984 4569 1181 4628; x_wconf 84' lang='lat' dir='ltr'><strong>sanctificatio.</strong></span> <span class='ocrx_word' id='word_1_528' title='bbox 1226 4567 1285 4626; x_wconf 87' lang='lat' dir='ltr'><strong>Sed</strong></span> <span class='ocrx_word' id='word_1_529' title='bbox 1298 4579 1364 4644; x_wconf 88' lang='lat' dir='ltr'><strong>post</strong></span> 
     </span>
    </p>
   </div>
   <div class='ocr_carea' id='block_1_5' title="bbox 150 4643 1366 4788">
    <p class='ocr_par' dir='ltr' id='par_1_9' title="bbox 150 4643 1366 4788">
     <span class='ocr_line' id='line_1_54' title="bbox 150 4643 1366 4726; baseline 0.008 -25"><span class='ocrx_word' id='word_1_530' title='bbox 150 4649 305 4720; x_wconf 86' lang='lat' dir='ltr'><strong>peccatum</strong></span> <span class='ocrx_word' id='word_1_531' title='bbox 326 4643 420 4702; x_wconf 83' lang='lat' dir='ltr'><strong>crevit</strong></span> <span class='ocrx_word' id='word_1_532' title='bbox 440 4645 560 4708; x_wconf 87' lang='lat' dir='ltr'><strong>istorum</strong></span> <span class='ocrx_word' id='word_1_533' title='bbox 587 4650 694 4709; x_wconf 86' lang='lat' dir='ltr'><strong>rituum</strong></span> <span class='ocrx_word' id='word_1_534' title='bbox 716 4649 882 4726; x_wconf 83' lang='lat' dir='ltr'><strong>necessitas,</strong></span> <span class='ocrx_word' id='word_1_535' title='bbox 911 4669 969 4710; x_wconf 90' lang='lat' dir='ltr'><strong>non</strong></span> <span class='ocrx_word' id='word_1_536' title='bbox 991 4657 1103 4708; x_wconf 79' lang='lat' dir='ltr'><strong>tantum</strong></span> <span class='ocrx_word' id='word_1_537' title='bbox 1125 4648 1305 4722; x_wconf 65' lang='grc' dir='ltr'><strong>1161ιῦ661116,</strong></span> <span class='ocrx_word' id='word_1_538' title='bbox 1335 4657 1366 4712; x_wconf 88' lang='grc'><strong>61</strong></span> 
     </span>
     <span class='ocr_line' id='line_1_55' title="bbox 235 4739 1242 4788; baseline 0.008 -8"><span class='ocrx_word' id='word_1_539' title='bbox 235 4739 310 4780; x_wconf 80' lang='lat' dir='ltr'><strong>rnna</strong></span> <span class='ocrx_word' id='word_1_540' title='bbox 326 4741 358 4780; x_wconf 89' lang='lat' dir='ltr'><strong>rr.</strong></span> <span class='ocrx_word' id='word_1_541' title='bbox 1231 4748 1242 4788; x_wconf 86' lang='lat'>1</span> 
     </span>
    </p>
   </div>
   <div class='ocr_carea' id='block_1_6' title="bbox 0 0 1606 5194">
    <p class='ocr_par' dir='ltr' id='par_1_10' title="bbox 0 0 1606 5194">
     <span class='ocr_line' id='line_1_56' title="bbox 0 0 1606 5194; baseline 0 0"><span class='ocrx_word' id='word_1_542' title='bbox 0 0 1606 5194; x_wconf 95' lang='lat' dir='ltr'><strong> </strong></span> 
     </span>
    </p>
   </div>
  </div>
 </body>
</html>
