3150 5206
261 349 320 406 242
691 363 782 403 cocus
796 363 926 404 cccmus
940 363 1073 404 cramus.
1297 337 1422 421 [cussa.
1435 359 1453 400 1.

261 512 295 564 ut
307 502 435 580 loquitur
449 503 528 580 Aug.
563 502 693 580 Reliquit
707 505 788 563 Deus
801 505 947 563 hominem
961 505 998 562 ad
1017 505 1135 580 longam
1149 501 1253 560 suimet
1267 501 1359 578 ipsius
1373 521 1452 579 expe·

261 583 402 658 rientiam,
418 592 450 642 ut
465 583 583 659 videret,
599 603 636 640 an
657 583 708 659 qui
728 584 838 642 malitia
857 604 910 644 sua
930 583 1081 658 ceciderat,
1095 589 1194 659 posset
1217 601 1248 639 se
1268 581 1381 639 viribus
1401 583 1454 640 suis

262 663 382 740 erigere.
425 663 495 721 Ideo
509 683 612 740 passus
633 671 677 721 cst
698 663 778 722 Deus
797 671 858 722 toto
875 664 926 721 illo
939 663 1029 739 sinopis
1050 682 1108 720 suae
1129 669 1266 738 tempore,
1289 679 1415 718 erescere
1427 669 1453 720 et

262 741 473 818 quodammodo
487 743 633 800 abundare
647 751 805 819 peccatum,
821 751 852 802 ut
866 743 1043 801 abundantia
1056 740 1156 818 gratia
1177 760 1211 798 eo
1226 739 1366 798 illustrior
1379 739 1453 798 soret

263 821 364 881 Noluit
377 831 473 881 tamen
487 821 657 880 Adventum
676 823 764 881 istum
782 822 890 880 differri
903 841 995 898 usque
1014 821 1052 880 ad
1064 821 1151 878 finem
1166 820 1263 894 seculi,
1285 839 1322 877 ne
1336 838 1388 895 per
1401 829 1454 877 tam

260 901 364 979 longas
377 921 471 961 moras
486 901 578 960 omnis
593 901 649 959 Dei
666 901 770 960 notitia
788 910 817 960 et
837 903 997 960 reverentia
1017 921 1054 960 ex
1076 900 1178 958 animis
1193 899 1340 957 hominum
1356 918 1453 956 evane-

261 990 361 1057 sceret,
383 992 412 1041 et
433 981 594 1058 desperatio
621 980 707 1038 fidem
735 980 920 1040 absorberet:
953 980 1040 1040 Adde
1067 978 1146 1056 quod
1173 977 1379 1054 distinguenda
1405 977 1454 1037 fuit

260 1059 437 1138 dispensatio
448 1061 555 1119 Gratis
569 1067 598 1119 et
607 1059 721 1136 Gloria,
734 1080 787 1119 nec
801 1062 969 1136 contiguum
984 1061 1083 1119 debuit
1102 1078 1164 1117 esse
1179 1079 1250 1135 opus
1259 1059 1453 1134 Reparationis

261 1138 452 1210 Perfeotioni;
478 1159 531 1198 sua
541 1141 644 1216 cuique
656 1139 742 1216 Operi
761 1149 839 1216 atas,
859 1149 889 1199 et
906 1146 997 1220 uaga,
1013 1159 1064 1198 seu
1079 1138 1288 1215 tempestivitas
1298 1137 1355 1196 fuit
1369 1139 1454 1215 assig-

259 1219 362 1296 nanda,
378 1239 431 1278 nec
444 1219 587 1279 adventus
600 1220 709 1296 primus
724 1219 830 1278 Christi
844 1239 909 1279 cum
923 1219 1049 1279 secundo
1062 1219 1117 1276 fuit
1131 1217 1359 1276 confundendus.

296 1317 380 1362 status
397 1318 476 1368 Quas
566 1299 604 1356 V.
626 1299 769 1373 Quaeritur
779 1300 826 1358 hic
840 1308 935 1358 autem
947 1298 1077 1376 deprimi
1088 1297 1242 1357 Adventus
1261 1297 1411 1373 Tempore,
1422 1296 1454 1354 de

341 1376 423 1422 tionis.
524 1398 582 1454 quo
592 1397 650 1435 non
659 1379 745 1438 modo
755 1380 823 1438 licet
833 1379 1063 1456 disquisitionem
1072 1377 1230 1451 instituere,
1242 1376 1294 1436 sed
1304 1384 1334 1434 et
1344 1395 1458 1436 necesse

261 1453 353 1511 estad
363 1453 432 1512 fidei
442 1465 547 1515 nostra
565 1459 714 1530 ὶσφιίλειιι.
757 1458 820 1533 Qua
830 1457 867 1516 de
877 1479 964 1517 eausa
977 1458 1101 1535 Spiritus
1114 1457 1144 1515 S.
1158 1457 1189 1513 in
1198 1457 1236 1514 V.
1248 1457 1281 1513 T.
1292 1455 1458 1514 indubitatis

259 1532 433 1609 quibusdam
445 1536 522 1594 notis
536 1538 609 1596 illud
622 1539 736 1615 signare
750 1538 851 1612 voluit,
866 1546 899 1596 ut
918 1538 1019 1596 fideles
1032 1537 1114 1595 illum
1128 1536 1291 1594 venientem
1307 1555 1455 1612 agnoscer-

259 1623 377 1692 ent,nec
384 1615 621 1676 ullusincredulis
630 1626 794 1694 suppeteret
802 1617 972 1694 ignorantia
980 1614 1454 1693 praetextusadeumrecusandum.

259 1694 320 1754 Nec
334 1694 471 1753 audiendi
491 1705 558 1756 sunt
578 1697 710 1755 hodierni
728 1696 864 1772 Rabbini,
880 1697 931 1774 qui
951 1705 984 1755 ut
996 1696 1110 1754 facilius
1123 1714 1155 1753 se
1169 1695 1312 1754 extriccnt
1325 1694 1363 1752 ab
1374 1714 1453 1770 argu·

258 1776 370 1849 mentis,
386 1775 492 1851 quibus
516 1776 623 1836 invicte
648 1776 877 1836 demonstramus
900 1796 937 1834 ex
964 1776 1111 1852 Scriptura
1134 1775 1189 1832 hoc
1212 1783 1327 1851 tempus
1345 1773 1454 1850 jamdiu

256 1855 437 1930 praeteriisse,
453 1855 508 1915 boc
523 1855 660 1933 effugium
681 1857 896 1933 quaesiverunt:
918 1855 1037 1914 Nullum
1058 1862 1168 1914 certum
1188 1853 1327 1912 adventui
1342 1853 1453 1911 Massia

256 1933 429 2010 praefinitum
444 1953 506 1994 esse
520 1944 633 2013 tempus
647 1935 679 1993 in'
694 1935 848 2012 Scriptura,
864 1935 916 1994 sed
927 1936 1021 1993 Deum
1035 1934 1066 1992 id
1080 1953 1215 1992 arcanum
1229 1933 1284 1992 sibi
1299 1933 1355 1992 soli
1368 1951 1453 1990 reser-

257 2032 351 2088 vasse,
367 2021 399 2072 ut
420 2015 558 2074 Messium
576 2015 673 2074 mittat
692 2014 921 2091 quandocunque
940 2015 1028 2073 volet.
1051 2013 1129 2071 Hinc
1143 2013 1183 2088 fit,
1199 2021 1232 2072 ut
1246 2031 1347 2070 severe
1360 2011 1453 2088 prohi-

257 2090 352 2168 beant,
374 2113 411 2151 ne
430 2095 460 2151 in
480 2102 594 2170 tempus
613 2094 730 2152 Messias
748 2094 916 2170 inquiratur,
935 2102 964 2152 et
984 2093 1165 2151 anathemate
1183 2091 1346 2169 percutiant
1364 2091 1452 2166 illum,

257 2173 307 2248 qui
328 2172 447 2230 Messias
464 2181 578 2249 tempus
600 2181 764 2250 computare
783 2173 908 2233 voluerit
928 2173 958 2232 in
979 2173 1062 2232 Thal.
1088 2170 1160 2230 Cod.
1183 2171 1309 2232 Sanhed.
1332 2171 1452 2248 capri.

259 2251 276 2282 “
286 2250 392 2308 Inflata
402 2260 571 2328 rumpantur
582 2272 648 2310 ossa
659 2272 765 2328 eorum,
776 2253 826 2328 qui
834 2251 967 2328 periodos
975 2260 1136 2329 temporum
1147 2251 1344 2327 computant.”
1373 2250 1456 2324 Quod

257 2349 335 2404 sane,
350 2329 376 2387 si
389 2330 481 2388 ullum
499 2330 586 2404 aliud,
602 2331 759 2408 desperata
774 2341 923 2390 causaest
940 2339 1137 2408 argumentum
1153 2353 1160 2389 :
1182 2331 1253 2404 Quis
1268 2330 1345 2388 enim
1360 2330 1456 2408 credat

256 2407 319 2466 fieri
332 2427 425 2484 posse,
441 2417 474 2467 ut
487 2409 562 2467 inter
579 2410 658 2486 ipsos
676 2410 862 2487 reperiantur,
877 2411 928 2487 qui
941 2431 1002 2469 rem
1015 2419 1075 2469 tam
1089 2410 1203 2486 claram,
1218 2417 1278 2468 tam
1292 2417 1456 2468 constanter

255 2487 286 2545 in
300 2487 407 2563 populo
422 2489 458 2545 ab
479 2489 558 2546 omni
578 2498 654 2547 retro
677 2509 739 2547 sevo
760 2489 907 2566 creditam,
922 2498 983 2550 tam
1003 2489 1194 2548 desideratam
1215 2497 1244 2547 et
1265 2497 1454 2566 expectatam,

256 2585 362 2643 negare
387 2567 556 2641 sustineant,
581 2568 637 2626 nisi
660 2568 711 2645 qui
735 2588 811 2626 caeco
832 2569 937 2628 mentis
961 2588 1056 2628 errore
1077 2577 1106 2627 et
1126 2567 1293 2646 praejudicio
1314 2567 1454 2644 fascinati,

256 2645 358 2722 spiritu
372 2647 606 2706 contradictionis
621 2648 662 2706 ita
675 2655 859 2724 occupantur,
874 2656 907 2707 ut
925 2649 1037 2707 nullum
1051 2655 1244 2706 commentum
1258 2655 1318 2705 tam
1331 2647 1457 2706 ahenum

255 2726 461 2804 putantquod
484 2727 628 2785 mordicus
651 2746 711 2784 non
735 2727 959 2804 apprehendant,
987 2727 1120 2786 simodo
1144 2726 1313 2803 longissime
1337 2726 1423 2785 abeat
1439 2745 1458 2784 a

255 2825 350 2880 sensu,
366 2807 416 2882 qui
436 2807 511 2866 Jesu
525 2817 622 2866 nostro
636 2807 733 2865 favere
746 2827 831 2883 posse
845 2807 984 2865 videtur?

295 2883 350 2942 Vl.
373 2885 467 2959 Quum
489 2905 558 2944 vero
572 2885 608 2944 de
622 2887 762 2963 Tempore
773 2887 915 2945 adventus
934 2885 1051 2944 Messias
1069 2885 1257 2963 disputamus,
1279 2884 1459 2944 notandum:

256 2967 282 3022 1.
306 2964 367 3024 Nos
381 2985 440 3024 non
458 2983 543 3042 agere
557 2964 593 3024 de
614 2967 666 3024 tali
686 2967 836 3043 Tempore,
849 2974 899 3024 aut
912 2965 1019 3024 talibus
1034 2966 1096 3042 ejus
1117 2964 1225 3023 indicias
1245 2973 1272 3023 et
1290 2966 1370 3039 noas,
1392 2983 1458 3040 quae

254 3043 337 3102 nobis
351 3065 410 3103 non
424 3045 618 3122 cogitantibus
626 3047 657 3102 in
671 3065 773 3104 sensus
787 3045 944 3120 incurrunt,
959 3063 1081 3121 quaeque
1095 3064 1113 3101 a
1126 3044 1240 3102 nemine
1248 3063 1366 3120 prorsus
1374 3043 1459 3119 igno·

253 3123 310 3180 rari
324 3133 453 3200 possunt,
463 3125 563 3200 quales
572 3125 682 3184 vehent
692 3126 714 3185 J
714 3125 799 3200 udaei,
811 3144 876 3201 qua
886 3125 1093 3182 Mathematicoe
1102 3132 1128 3182 et
1137 3124 1264 3200 Physicis
1277 3122 1334 3180 dici
1346 3122 1460 3197 solent;

254 3200 337 3259 verbi
358 3204 459 3279 gratis,
482 3203 605 3262 Messias
619 3205 717 3262 veniet
739 3203 806 3262 Sole
821 3211 913 3262 stante
934 3203 964 3260 in
984 3203 1112 3278 meridie,
1127 3204 1176 3260 vel
1198 3201 1308 3278 Eclipsi
1330 3201 1407 3260 Solis
1429 3201 1461 3258 in

254 3279 421 3356 plenilunio,
437 3281 485 3338 vel
505 3290 602 3340 monte
624 3283 680 3340 Dei
702 3301 787 3358 supra
808 3281 880 3340 alios
900 3291 1013 3340 montes
1027 3281 1149 3357 elevato,
1165 3279 1219 3340 &a
1256 3281 1316 3341 Sed
1329 3281 1366 3338 de
1379 3281 1460 3339 notis

253 3359 399 3434 temporis,
415 3378 488 3435 quas
508 3360 667 3418 Historicas
680 3369 794 3434 vocant,
810 3380 874 3435 quae
891 3380 942 3435 per
962 3361 1038 3430 sacta
1060 3368 1089 3418 et
1105 3369 1226 3422 eventus
1240 3360 1377 3437 cognosci
1390 3379 1459 3436 pos-

255 3443 330 3509 sunt,
346 3445 376 3494 et
396 3455 460 3512 quse
481 3436 554 3494 tales
579 3445 653 3509 sunt,
670 3445 702 3494 ut
723 3457 788 3495 cnm
809 3439 966 3496 attentione
982 3438 1138 3513 observari,
1154 3449 1183 3498 et
1203 3437 1260 3497 fide
1281 3438 1462 3531 apprehendi

254 3512 386 3572 debeant.
429 3519 456 3572 2.
480 3512 753 3590 Nosnonidagare,
766 3525 798 3574 ut
811 3515 964 3592 probemus
998 3519 1129 3578 recisum
1143 3517 1280 3595 temporis
1293 3517 1379 3576 ratius
1389 3518 1460 3575 arti-

254 3592 323 3666 lum,
341 3590 424 3670 (puta
447 3611 563 3666 annum,
578 3612 714 3668 mensem,
730 3593 947 3672 hebdomadam,
993 3595 1032 3676 c.)
1047 3597 1098 3674 qui
1115 3599 1287 3656 constitutus
1302 3597 1340 3656 sit
1354 3597 1462 3672 aDeo‚

254 3678 283 3728 et
297 3670 362 3746 quis
376 3670 425 3728 ille
439 3671 543 3746 fuerit;
567 3671 628 3730 Nec
642 3672 719 3730 enim
740 3692 812 3749 opus
826 3681 870 3732 est
884 3693 918 3732 eo
932 3675 1034 3753 redigi.
1078 3675 1137 3734 Sed
1150 3683 1260 3736 tantum
1276 3683 1309 3736 ut
1322 3701 1343 3734 o
1363 3675 1466 3736 πλέω

253 3749 416 3826 probemus,
432 3757 542 3808 certum
555 3758 668 3828 tempus
690 3749 828 3811 adventui
843 3753 958 3812 Massia
982 3754 1175 3831 praestitutum
1199 3774 1271 3829 esse,
1286 3753 1375 3832 idque
1388 3755 1462 3828 tale,

253 3826 331 3906 quod
346 3848 383 3886 ex
396 3829 480 3887 factis
494 3837 523 3887 et
537 3831 688 3888 eventibus
705 3830 942 3891 luculentissimis
955 3832 1088 3910 dignosci
1105 3834 1204 3910 possit,
1219 3834 1275 3892 hoc
1289 3833 1367 3892 enim
1381 3853 1464 3892 nunc

253 3905 365 3984 sufficit,
381 3917 534 3986 postquam
555 3928 655 3968 omnes
668 3910 715 3969 isti
737 3919 858 3970 eventus
877 3913 1068 3989 contigerunt.
1110 3915 1138 3971 3.
1161 3913 1222 3971 Nos
1235 3933 1294 3971 non
1319 3933 1408 3989 agere
1423 3913 1464 3970 de
1573 3951 1574 3978 1

251 3987 329 4046 notis
342 3988 598 4066 qualibuscunque,
614 4009 734 4066 quarum
749 3990 778 4048 in
795 3991 943 4067 Scriptura
963 3991 1070 4051 mentio
1083 3991 1124 4066 fit,
1141 3990 1192 4049 scd
1206 3992 1243 4050 de
1257 3991 1293 4050 iis
1307 4011 1373 4068 qua
1388 4011 1462 4050 eon·
1573 4063 1574 4066 Ἴ

252 4066 403 4126 vincendis
417 4067 439 4126 J
440 4067 532 4126 udaeis
550 4069 688 4145 serviunt,
705 4078 734 4128 et
754 4089 818 4146 quae
833 4069 1014 4128 essentialem
1029 4089 1094 4128 cum
1109 4069 1236 4130 adventu
1256 4070 1374 4130 Messise
1388 4090 1463 4130 con·
1573 4101 1574 4116 1

251 4145 405 4205 nexionem
426 4146 541 4222 habent,
557 4148 629 4206 adeo
649 4156 683 4206 ut
702 4168 761 4206 non
775 4149 940 4223 existerent,
956 4147 1013 4207 nisi
1037 4149 1161 4211 Messias
1182 4147 1318 4225 venisset,
1339 4151 1465 4227 etquis

251 4225 381 4284 existunt
394 4225 460 4283 ideo
475 4225 613 4284 Messian]
627 4226 741 4284 venisse
756 4227 930 4286 credendum
945 4227 991 4286 sit.
1258 4285 1265 4298 ,

291 4303 365 4362 VII.
382 4304 429 4362 Ita
443 4303 617 4377 Quaestionis
633 4303 732 4362 Status
745 4305 886 4381 redigitur
900 4305 937 4364 ad
947 4307 1001 4365 hos
1014 4306 1171 4365 terminos:
1187 4306 1237 4364 An
1252 4307 1377 4366 Messias
1414 4325 1465 4366 ro·

250 4382 356 4440 missus
374 4383 436 4459 jam
450 4384 569 4458 venerit,
593 4381 642 4439 An
656 4401 725 4440 vero
747 4383 784 4441 sit
798 4383 892 4442 adhuc
905 4393 1045 4445 venturus
1059 4393 1088 4444 et
1108 4406 1126 4444 a
1141 4386 1225 4445 nobis
1239 4327 1463 4463 expectantium

251 4461 302 4518 An
316 4461 442 4537 Tempus
456 4461 540 4520 istius
554 4461 697 4519 adventus
717 4481 735 4518 a
750 4461 813 4522 Deo
832 4463 1006 4539 praefinitum
1016 4463 1079 4540 jam
1099 4465 1269 4542 preterierit
1282 4472 1312 4523 st
1326 4465 1466 4542 elapsum

250 4540 296 4614 sit,
326 4537 376 4596 An
390 4558 460 4599 vero
473 4540 602 4600 nondum
616 4539 777 4600 accesserit.
819 4542 917 4601 Judaai
937 4543 1080 4620 posterius
1099 4563 1283 4620 magnacum
1296 4543 1465 4622 pertinacia

249 4624 383 4678 tuentur:
406 4619 467 4676 Nos
481 4638 551 4677 vero
564 4619 645 4696 prius
658 4619 812 4680 asserimus
826 4620 985 4682 rationibus
999 4622 1115 4682 invictis
1129 4622 1201 4682 nixi.
