3152 5198
230 318 288 376 610
631 333 723 377 nonus
745 335 873 376 nncrnus
897 334 1049 377 suasinus.
1274 309 1408 397 [auser.
1427 329 1450 375 r.

232 515 408 561 Sanctificatu-
423 529 471 560 non
534 473 588 536 IV.
611 477 684 534 Haec
705 485 800 536 autern
821 495 879 534 non
898 475 1030 535 consistit
1047 475 1078 534 in
1095 475 1157 534 sola
1177 475 1246 534 vitae
1268 495 1448 552 morumque

264 575 473 619 constantinam
493 556 702 626 emendatione,
725 564 758 614 ut
780 555 889 614 vellent
911 555 1065 630 Sociniani,
1087 555 1138 632 qui
1154 555 1371 631 corruptionem
1386 555 1448 612 ori-

264 645 361 701 reorum
394 637 473 676 Μ·
494 635 620 712 ginalem
634 643 781 712 negantes,
803 643 832 693 et
852 634 989 711 quicquid
1002 634 1077 692 labis
1090 643 1120 692 et
1133 634 1197 692 vitii
1211 633 1296 692 nobis
1310 633 1398 707 inest,
1415 635 1450 693 id

266 695 339 734 ‘¹⁰³⁰'
498 715 605 773 crebris
624 713 734 790 peccati
756 713 876 787 actibus,
896 721 926 772 et
943 713 1081 790 peccandi
1088 713 1218 848 ¹predam
1233 713 1451 772 consuetudine

237 801 414 852 contractum
429 814 492 852 csse
507 801 673 865 statuentes,
689 793 934 868 regenerationem
956 801 984 852 et
1005 793 1094 850 sanct'
1119 793 1260 850 cationum
1274 792 1347 848 nihil
1363 792 1450 850 alind

238 891 302 930 ease
316 871 498 949 pertendunt,
514 891 599 948 quam
626 873 643 902 ‘⁴
652 890 750 946 pravae
764 871 989 946 consuetudinis,
1009 880 1039 929 et
1057 871 1125 930 vitae
1139 871 1337 944 mutationem,
1353 879 1386 930 et
1400 891 1447 930 se·

238 951 364 1009 cundum
387 951 545 1010 doctrinam
569 949 676 1006 Christi
693 948 954 1024 reformationem,''
975 958 1008 1008 ut
1031 951 1152 1009 Socinus
1165 951 1301 1027 loquitur,
1326 949 1380 1007 lib.
1406 950 1447 1008 de

238 1030 323 1107 Bapt.
339 1038 368 1088 ct
384 1028 524 1088 Smalcius
537 1027 574 1084 de
589 1027 665 1084 Filio
680 1027 745 1102 Dei,
760 1047 785 1086 c.
801 1033 839 1086 2:
863 1029 921 1087 Sed
940 1029 970 1087 in
989 1029 1192 1089 Immutatione
1211 1037 1240 1088 et
1253 1029 1447 1088 renovatione

237 1109 328 1186 ipsius
342 1117 458 1181 uaturae,
474 1113 592 1182 peccato
613 1107 747 1182 originali
768 1116 916 1185 corruptae,
932 1129 990 1185 qua
1003 1129 1099 1186 pravae
1114 1109 1267 1185 qualitates
1281 1116 1311 1167 et
1323 1109 1447 1167 habitus

238 1187 396 1260 abolentur,
420 1196 450 1245 ct
473 1185 543 1243 boni
566 1184 755 1245 infunduntur
777 1194 810 1244 ut
833 1186 919 1244 homo
943 1187 1064 1246 desistat
1086 1207 1105 1245 a
1124 1187 1209 1246 malis
1229 1188 1393 1248 actionibus
1413 1197 1445 1247 ct

238 1264 352 1323 studeat
365 1265 459 1323 bonis.

278 1344 317 1402 V.
340 1344 479 1403 Rationes
504 1351 589 1403 sunt:
616 1348 642 1404 1.
668 1345 742 1419 Quia
766 1345 912 1423 Scriptura
942 1345 1203 1406 Sanctificationam
1223 1365 1282 1403 non
1302 1343 1339 1404 ad
1359 1353 1446 1405 actus

237 1430 359 1498 tantum,
385 1424 436 1481 sed
460 1424 495 1482 ad
520 1425 611 1501 ipsam
634 1435 744 1484 naturae
766 1426 981 1484 renovationem
1004 1425 1143 1500 extendit,
1171 1430 1186 1483 1
1212 1425 1314 1484 Thess.
1338 1444 1368 1483 v.
1392 1429 1443 1484 23.

239 1502 347 1561 Paulus
369 1511 449 1580 optat
471 1501 777 1562 Thessalonicensibus
797 1505 1040 1584 sanctificationem
1059 1506 1182 1582 apiritrcr,
1205 1505 1307 1562 anima
1327 1511 1357 1561 et
1377 1525 1442 1562 cor·-

234 1583 325 1658 porr'a,
341 1583 390 1642 ubi
411 1583 603 1659 perspiritum
617 1591 727 1659 partem
742 1583 844 1641 animae
859 1584 1043 1660 superiorem,
1069 1593 1098 1643 et
1121 1603 1173 1660 per
1185 1585 1311 1641 animam
1324 1581 1442 1642 inferio-

238 1681 298 1720 rem
313 1661 459 1738 intelligit,
474 1662 553 1738 quod
566 1662 636 1719 alibi
652 1661 798 1738 Scriptura
818 1682 869 1738 per
882 1663 1096 1721 renovationem
1111 1663 1214 1721 mentis
1228 1670 1258 1721 et
1271 1662 1443 1736 voluntatis,

240 1741 315 1819 Eph.
330 1741 370 1800 iv.
386 1745 433 1815 22,
450 1744 498 1816 23,
514 1744 562 1814 24,
577 1750 606 1799 et
620 1742 763 1817 appetitus
778 1741 917 1816 sensitivi,
933 1741 990 1800 Tit.
1005 1743 1045 1800 iii.
1061 1744 1089 1816 5,
1105 1749 1133 1800 et
1148 1741 1213 1800 Gal.
1228 1761 1256 1799 v.
1273 1743 1321 1815 24,
1336 1749 1428 1800 notat.

278 1820 335 1878 VI.
356 1825 385 1878 2.
407 1820 482 1894 Quia
502 1820 571 1878 alibi
592 1839 643 1896 per
656 1820 796 1877 dadonem
810 1821 910 1894 corda,
926 1822 1102 1894 eschancru,
1114 1820 1330 1897 generationem,
1345 1841 1443 1878 rena-

237 1899 394 1974 rectionem,
418 1899 484 1958 novi
505 1899 622 1956 hominia
645 1899 815 1956 indutioncm
835 1899 1012 1976 exprimitur,
1033 1919 1097 1976 quae
1119 1900 1237 1976 phrases
1255 1919 1314 1958 non
1328 1907 1443 1957 tantam

237 1979 307 2038 vitre
321 1987 350 2038 et
364 1987 480 2038 actuum
494 1978 732 2052 emendationem,
753 1977 805 2035 aad
822 1978 911 2036 totius
930 1987 1039 2036 natiuae
1053 1978 1268 2036 renovationem
1283 1978 1442 2055 postrdant.

239 2061 267 2117 3.
283 2057 358 2132 Quia
371 2058 428 2116 ista
448 2057 635 2116 sanctificatio
655 2056 741 2114 debet
765 2077 828 2115 csse
850 2056 1010 2116 communis
1034 2056 1192 2116 infantibus
1212 2077 1272 2115 non
1290 2055 1386 2114 minus
1406 2076 1444 2114 ac

237 2137 353 2212 adultis,
378 2145 412 2196 ut
436 2137 465 2194 in
491 2137 624 2213 Regnum
650 2135 705 2194 Dei
730 2136 841 2212 possint
862 2133 984 2212 ingredi,
1010 2135 1040 2193 in
1064 2155 1137 2212 quos
1163 2143 1261 2194 tamen
1283 2155 1341 2193 non
1363 2135 1444 2193 cadit

238 2225 354 2276 actuum
378 2215 508 2275 mutatio.
560 2219 588 2274 4.
613 2215 654 2274 Ut
676 2216 820 2291 corruptio
844 2215 955 2292 peccati
980 2215 1079 2273 infecit
1100 2223 1191 2274 totam
1215 2223 1355 2288 naturam,
1381 2233 1441 2272 non

237 2295 324 2352 modo
338 2295 433 2371 quoad
448 2303 538 2368 actus,
554 2295 604 2352 sed
619 2295 705 2352 etiam
720 2293 816 2370 quoad
829 2294 963 2368 habitua3
987 2294 1034 2353 Ita
1048 2293 1235 2352 sanctificatio
1249 2293 1335 2352 debet
1348 2293 1443 2352 inclu-

238 2371 306 2430 dere
320 2373 409 2431 totius
422 2381 532 2430 naturae
547 2371 786 2446 reformationem,
802 2381 860 2430 tarn
874 2373 1059 2449 habitualem,
1074 2393 1161 2450 quam
1175 2373 1325 2431 actualem.

279 2451 352 2514 VII.
375 2451 444 2509 Alia
458 2457 502 2508 est
516 2451 636 2508 mutatio
650 2450 806 2508 habitualis
820 2451 850 2508 in
872 2453 1069 2527 qualitatibus,
1091 2471 1149 2529 qna
1166 2449 1251 2510 fimus
1264 2469 1349 2511 novae
1362 2469 1442 2509 crea-

237 2542 318 2608 turae,
344 2529 415 2590 Alia
436 2529 556 2588 actualis
580 2529 611 2586 in
632 2528 694 2586 vita
715 2538 745 2587 at
766 2529 903 2603 moribus,
929 2549 986 2606 qna
1009 2533 1083 2590 tales
1110 2551 1173 2590 esse
1201 2531 1441 2589 demonstremur.

239 2615 320 2674 Deus
341 2631 394 2670 nos
418 2609 487 2672 facit
504 2611 596 2687 primo
617 2627 708 2666 novae
728 2608 880 2667 Creaturas
893 2628 945 2686 per
965 2610 1229 2686 regenerationem
1253 2609 1366 2668 Deinde
1387 2629 1441 2667 nos

236 2713 301 2753 essa
315 2692 461 2768 regenitus
471 2689 648 2750 ostendimus
659 2706 823 2766 pernovam
835 2687 1040 2764 obedientiam,
1056 2698 1088 2748 ut
1101 2690 1151 2749 isti
1164 2697 1245 2748 actus
1259 2689 1441 2765 distinguun-

238 2783 293 2848 tur,
315 2772 390 2849 pr.
411 2771 442 2830 ii.
464 2773 510 2845 10,
532 2778 561 2828 et
582 2769 666 2827 Ezcc.
689 2767 793 2826 xxxvi.
808 2771 856 2842 26,
871 2767 934 2827 Jer.
949 2768 1042 2826 xxxii.
1058 2771 1106 2828 39.
1149 2767 1206 2826 Illo
1218 2767 1305 2827 modo
1319 2767 1444 2826 dicimur

239 2871 323 2911 nova
338 2853 482 2909 Creaturae
497 2868 515 2907 a
528 2849 624 2926 priori,
641 2849 703 2906 Isto
717 2866 735 2904 a
748 2847 908 2924 posteriori.

280 2930 371 2988 VIII.
405 2927 539 2987 Acmalis
569 2927 710 3004 depositio
741 2925 886 3002 vitiorum,
922 2933 952 2984 et
978 2925 1046 2985 vita
1073 2945 1242 3004 morumque
1269 2925 1441 3000 emendatio,

240 3010 370 3087 sequitur
389 3007 644 3086 regenerationem,
666 3013 699 3064 ut
719 3005 851 3082 proprius
872 3004 936 3081 ejus
957 3003 1083 3081 effectus,
1107 3005 1174 3066 Gal.
1195 3026 1224 3065 v.
1246 3009 1294 3082 22,
1315 3009 1362 3080 23,
1378 3005 1442 3064 Col.

239 3090 279 3148 iii.
301 3093 328 3148 5.
383 3087 441 3147 Sed
462 3087 525 3164 ipsa
548 3105 606 3143 non
630 3093 675 3143 est
693 3085 806 3162 proprie
828 3085 895 3143 talis
917 3083 1077 3161 depositio,
1100 3085 1152 3144 sed
1173 3085 1238 3159 ejus
1257 3105 1351 3158 causa,
1376 3104 1442 3161 que

240 3169 372 3228 consistit
395 3168 426 3225 in
448 3173 558 3227 natura
583 3171 724 3244 corruptae
747 3165 942 3240 renovatione,
968 3171 997 3222 et
1021 3163 1058 3221 ad
1080 3164 1137 3224 Dei
1158 3163 1319 3242 imaginem
1333 3164 1441 3223 lustau

240 3249 359 3307 ratione.

242 3367 409 3413 sanctificatio
433 3368 481 3412 dls·
575 3407 581 3420 ‚
652 3406 659 3418 .
794 3405 801 3416 .
1080 3403 1087 3416 .
1212 3405 1218 3418 .

271 3424 482 3526 itemst*
501 3406 724 3544 {hillidii
742 3402 1443 3559 tluiah‘hmaffillheliilluilailfflii

237 3565 299 3642 jam
313 3563 417 3620 visum.
460 3563 543 3621 Licet
562 3563 639 3620 enirn
654 3562 827 3621 conveniant
843 3562 873 3618 in
895 3561 1026 3621 Authore
1041 3561 1113 3636 Deo,
1130 3560 1166 3618 In
1181 3561 1274 3620 Causa
1287 3559 1440 3633 meritoria,

241 3643 351 3703 scilicet
380 3639 486 3699 Christi
509 3641 632 3714 justitia,
662 3659 726 3716 qua
750 3649 903 3716 utrumque
930 3641 1008 3700 istud
1036 3639 1207 3700 beneficium
1234 3639 1318 3698 nobis
1345 3638 1442 3714 aequi-

240 3723 320 3798 sivit,
344 3739 432 3797 quum
452 3717 583 3777 venitin
613 3737 687 3794 aqua
708 3726 737 3776 et
756 3719 904 3796 sanguine,
939 3723 953 3776 1
979 3719 1048 3779 Joh.
1073 3739 1101 3776 v.
1126 3719 1153 3794 6,
1185 3719 1221 3777 In
1244 3737 1331 3796 scopo
1356 3735 1442 3796 gene-

240 3803 294 3862 rali
309 3801 401 3880 gloria
416 3799 471 3857 Dei
492 3805 521 3856 et
542 3796 633 3856 salute
650 3804 756 3870 nostra,
780 3796 815 3853 In
837 3817 923 3856 causa
943 3797 1163 3873 instrumentali,
1185 3797 1241 3856 fide
1263 3797 1373 3856 scilicet
1393 3816 1444 3874 per

241 3881 437 3960 acceptionem
458 3879 552 3952 unius,
574 3884 603 3934 et
623 3895 675 3954 per
695 3875 911 3953 productionem
933 3878 1070 3937 alterius:
1100 3877 1216 3936 Certum
1238 3877 1332 3935 estin
1356 3875 1443 3953 pluri·

240 3961 296 4020 bus
310 3957 433 4034 differre,
447 3967 481 4017 ut
497 3955 558 4016 Scri
579 3965 644 4014 tura
657 3975 715 4014 non
730 3955 818 4014 semel
831 3953 887 4014 ista
900 3955 1040 4014 beneficia
1053 3955 1193 4031 distinxit,
1211 3955 1304 4014 lCor.
1319 3955 1338 4014 i.
1354 3957 1401 4029 30,
1417 3964 1445 4012 ct

239 4041 280 4099 vi.
304 4043 350 4116 11,
365 4039 422 4098 Tit.
444 4039 515 4098 iile
577 4055 640 4114 poc.
661 4033 734 4092 xxii.
758 4037 803 4110 ll,
825 4053 878 4092 nec
898 4043 996 4112 posset
1015 4035 1101 4094 toties
1121 4036 1221 4112 negari
1241 4053 1259 4092 a
1279 4034 1372 4093 Paulo
1392 4053 1445 4092 nos

237 4119 393 4194 justificari
415 4116 557 4194 operibus,
580 4115 604 4173 si
622 4115 791 4194 justificatio
815 4111 891 4171 idem
916 4123 960 4172 est
984 4114 1062 4190 quod
1086 4113 1291 4189 sanctificati03
1312 4132 1366 4171 nec
1386 4113 1446 4170 nlla

242 4217 307 4257 curn
330 4196 424 4274 specie
445 4194 533 4271 objici
553 4195 694 4271 potuisset
717 4193 781 4270 ipsi,
805 4193 884 4270 quod
904 4193 1034 4252 doctrina
1059 4212 1110 4251 sna
1134 4193 1294 4252 sanctitatis
1318 4191 1445 4250 studium

242 4276 378 4348 remittat,
395 4277 418 4333 si
428 4273 588 4349 justificare
601 4271 679 4332 idem
692 4280 769 4331 essct
783 4270 861 4349 quod
876 4271 1062 4331 sanctificare.

286 4355 327 4418 X.
351 4353 495 4412 Differunt
509 4371 578 4428 ergo
592 4350 791 4410 multifariam:
809 4353 835 4408 l.
851 4349 974 4410 Ratione
988 4351 1091 4426 objecti.
1124 4349 1302 4410 Justificatio
1315 4359 1448 4408 versatur

245 4436 320 4494 circa
347 4442 456 4494 reatum
485 4430 603 4509 peccati,
638 4429 832 4490 Sanctificatio
860 4449 929 4488 voro
954 4431 1029 4489 circa
1058 4430 1208 4488 maculam.
1265 4429 1292 4487 2.
1322 4429 1447 4488 Ratione

236 4517 352 4588 soranae.
389 4511 445 4569 Illa
469 4510 600 4569 consistit
622 4509 650 4566 in
666 4517 731 4569 actu
750 4507 885 4582 judiciali
909 4519 938 4568 at
958 4507 1063 4568 forensi
1084 4509 1262 4568 remissionis
1282 4509 1402 4585 peccati,
1417 4519 1449 4566 et

243 4591 440 4668 imputationis
472 4588 602 4664 justitia,
620 4589 681 4646 Ista
694 4588 724 4644 iu
739 4594 804 4646 ectu
819 4586 939 4663 physico
959 4597 987 4646 et
1002 4589 1100 4647 morali
1118 4589 1269 4646 infusionis
1280 4587 1402 4664 justitia
1416 4593 1448 4644 ct

542 3327 601 3386 IX.
619 3327 691 3385 Hac
706 3333 800 3384 autem
819 3323 1007 3384 sanctificatio
1022 3322 1122 3383 sedulo
1136 3321 1340 3400 distinguenda
1361 3329 1406 3382 est
1425 3343 1442 3379 a
