3152 5198
262 369 320 428 588
674 400 769 440 60600
782 399 916 440 uncinus
932 397 1052 438 snxrns.
1266 373 1397 452 [consu.
1419 389 1481 430 vn.

260 530 445 603 educatione,
460 540 490 591 et
503 539 726 596 conservatione
746 546 898 615 perpetuu,
913 539 964 595 sed
985 538 1097 594 hebent
1117 533 1169 608 jus
1191 531 1230 587 sd
1250 528 1476 600 hereditatem,

262 607 350 666 Rom.
364 610 424 668 viii.
443 611 488 682 17,
503 614 543 671 id.
559 617 773 690 possessionem
787 618 921 674 omnium
944 617 1093 672 bonorum
1118 609 1223 679 Patris,
1239 615 1269 664 ei
1292 607 1351 664 Dei
1373 607 1475 682 ipsius

259 686 441 760 fruitionem,
456 709 524 764 quae
539 701 583 750 cst
596 695 753 752 baereditas
767 704 877 752 nostro.

557 771 615 828 IX.
626 771 673 828 Ex
681 773 737 829 huc
746 781 847 829 sutem
860 773 1032 848 Adoptione
1042 765 1273 826 oriturLibertas
1281 763 1455 824 Christiana
1461 792 1473 838 ,-

261 841 372 888 Libertas
394 845 496 916 cthrnn-
517 868 582 923 quse
596 857 713 906 nonest
726 851 899 908 immunitos
908 853 944 908 ab
957 849 1093 908 omnibus
1109 845 1240 918 Legibus
1251 843 1361 899 divinis
1372 852 1404 900 et
1413 846 1473 902 hu-

287 902 435 1016 ffimssffi
467 918 496 949 ⁰¹
516 926 620 994 menis,
631 933 661 983 et
670 928 788 984 licentia
797 929 917 986 vivendi
930 948 984 1004 pro
993 926 1124 994 arbitrio,
1134 930 1163 979 et
1171 922 1349 994 indulgendi
1357 939 1472 979 eoncu-

514 999 1472 1080 piscentiiscsrnis,utplacetLibertinis,libertateminlicentiam

260 1083 444 1138 mutantibus
456 1105 463 1156 5
492 1079 565 1138 Non
579 1083 729 1156 exemptio
744 1102 763 1140 a
776 1085 855 1140 civili
870 1085 1052 1159 obligatione
1067 1078 1224 1146 servitutis,
1236 1084 1266 1133 et
1276 1095 1295 1133 e
1305 1077 1430 1134 tributis
1439 1087 1469 1136 et

260 1157 494 1230 Magistratuum
504 1159 720 1233 jurisdictione,
733 1163 851 1236 qualem
858 1163 1064 1238 Ansbsptistae
1075 1158 1149 1216 vsrii
1159 1163 1319 1224 sectentur,
1331 1163 1361 1212 et
1372 1175 1467 1230 quam

258 1236 313 1290 sibi
328 1236 465 1295 vendicat
480 1237 584 1296 Clerus
599 1239 753 1296 Romanus
767 1249 870 1298 contra
883 1258 1050 1316 expressam
1072 1236 1232 1310 Scripturae
1247 1251 1358 1290 rocem.
1404 1235 1466 1294 Sed

257 1320 302 1369 est
315 1313 476 1386 spiritualis
490 1335 525 1373 ac
538 1317 662 1391 mystica
683 1319 884 1388 manumissio,
899 1319 984 1376 nobis
1008 1322 1093 1392 purte
1106 1312 1251 1386 sunguine
1266 1311 1387 1381 Christi,
1404 1333 1467 1388 que

258 1390 436 1465 sspirituali
458 1393 599 1452 servitute
623 1395 720 1468 Legis,
745 1397 868 1464 Peccati,
888 1395 1007 1466 Mundi,
1022 1403 1052 1452 et
1076 1392 1202 1460 Sstsnae,
1224 1390 1310 1462 cnjus
1334 1389 1465 1449 vinculis

257 1477 344 1525 antea
357 1473 642 1546 constringebamur,
653 1472 684 1528 in
697 1474 829 1530 filiorum
843 1473 899 1530 Dei
913 1474 1082 1530 libertatem
1093 1469 1259 1535 asserimur,
1268 1468 1306 1524 de
1316 1485 1378 1540 qua
1388 1468 1410 1524 J
1412 1473 1463 1529 oh.

256 1547 316 1605 viii.
333 1548 379 1618 32,
395 1549 442 1620 36,
459 1550 544 1608 Rom.
560 1551 598 1608 vi.
616 1549 661 1618 15,
677 1551 724 1621 22,
739 1560 769 1608 et
782 1551 841 1608 viii.
856 1552 883 1622 2,
899 1551 926 1621 3,
943 1551 1009 1610 Gal.
1024 1551 1064 1606 iii.
1082 1549 1127 1618 13,
1142 1553 1171 1604 et
1184 1546 1223 1602 iv.
1238 1546 1267 1615 6,
1282 1545 1329 1614 26,
1344 1553 1374 1601 et
1389 1565 1416 1604 r.
1435 1549 1463 1616 1,

257 1623 486 1698 11016615,οῐ
509 1629 581 1685 alibi
603 1629 711 1702 egitur,
726 1648 779 1704 per
800 1647 892 1703 quam
915 1629 946 1685 in
969 1627 1208 1685 communionem
1221 1623 1320 1679 vocati
1343 1623 1409 1694 Dei,
1425 1636 1463 1682 ut

258 1703 363 1774 Petris,
379 1711 409 1761 et
424 1705 532 1764 christi
546 1713 581 1764 ut
595 1706 706 1766 Fratris
719 1708 822 1777 nostri,
836 1707 1005 1763 dominium
1019 1704 1186 1762 obtinemus
1199 1701 1231 1757 in
1247 1700 1413 1774 creaturos,
1428 1713 1463 1761 et

255 1783 388 1840 haeredes
402 1801 505 1842 sumus
520 1784 618 1860 Regni
634 1783 794 1843 Coelorum.

703 2021 903 2090 QUAESTIO
926 2021 1005 2080 VII.

642 2195 681 2234 DE
695 2194 945 2235 tusuirlcnrrosn
965 2195 1058 2236 sinui.

248 2335 303 2390 An
317 2333 406 2391 Fides
420 2353 471 2390 000
479 2336 615 2468 jusffcet
622 2335 747 2412 proprie
762 2345 788 2394 et
797 2355 853 2410 per
866 2355 905 2405 sc,
920 2339 973 2391 An
987 2346 1100 2393 mistum
1113 2333 1238 2401 relative,
1253 2343 1280 2388 et
1293 2331 1456 2406 organice?

329 2410 416 2468 Prius
430 2410 461 2468 N
463 2429 518 2484 eg,
557 2422 643 2470 oster.
659 2413 786 2483 Affirm,
799 2421 902 2470 contre
917 2412 1025 2484 Socin,
1041 2413 1202 2482 Remonst,
1217 2417 1247 2466 et
1261 2407 1370 2467 Pontis.

307 2623 312 2634 ,
373 2621 378 2634 ,
546 2566 571 2623 Ι.
595 2565 671 2625 Cum
691 2567 712 2624 J
716 2567 872 2625 ustificatio
893 2569 987 2642 possit
1007 2567 1141 2644 spectari,
1157 2567 1205 2624 vel
1219 2568 1308 2623 active
1328 2584 1347 2623 s
1368 2573 1452 2640 purte

245 2620 485 2725 'mfffflssss‘s'ffim
505 2645 563 2702 Dei
577 2646 629 2720 qui
647 2645 800 2722 justificet,
815 2647 864 2702 rel
876 2647 999 2721 passive,
1014 2666 1033 2704 a
1046 2653 1129 2722 parte
1142 2643 1271 2702 hominis
1293 2644 1346 2722 qui
1362 2645 1452 2717 justi-

338 2695 353 2738 p
503 2726 627 2792 ficetum
649 2723 769 2798 Duplex
783 2723 873 2780 etiam
887 2724 953 2798 ejus
973 2725 1110 2782 tractatio
1130 2721 1244 2779 institui
1259 2729 1374 2796 potest:
1391 2721 1452 2780 Vel

245 2809 382 2878 respectu
396 2801 488 2876 ipsius
502 2803 635 2858 beneficii
649 2821 667 2860 n
681 2802 746 2859 Deo
760 2803 845 2858 nobis
859 2802 979 2872 indulti,
995 2809 1025 2859 ct
1038 2802 1059 2859 J
1061 2801 1170 2859 ustitiae
1185 2798 1270 2856 nobis
1283 2801 1449 2874 imputate,

247 2881 306 2938 Vel
320 2889 456 2954 respectu
470 2881 646 2955 receptionis
660 2886 689 2937 et
703 2880 908 2955 applicationis
922 2881 987 2954 ejus
1001 2899 1068 2956 quae
1082 2880 1117 2936 fit
1139 2878 1304 2953 perfidem,
1321 2877 1367 2934 De
1387 2897 1449 2952 000

246 2963 338 3018 'ema
360 2957 445 3016 'mus

239 2981 253 3036 J
338 2975 369 3032 gl
543 3035 588 3094 II.
611 3036 671 3096 Hic
684 3044 785 3094 autem
799 3055 859 3094 non
874 3037 1115 3106 controvertitur,
1131 3039 1184 3092 An
1204 3035 1283 3112 ficies
1304 3035 1448 3114 justificet,

501 3114 551 3171 Itu
574 3115 653 3171 enim
677 3117 755 3172 clare
780 3115 933 3189 Scriptura
954 3117 1011 3172 hoc
1035 3114 1145 3183 asserit,
1167 3121 1202 3170 ut
1228 3131 1315 3169 nemo
1340 3131 1448 3187 negare

499 3194 617 3249 audent.
660 3193 718 3251 Sed
740 3193 942 3268 quaeriturde
963 3194 1129 3267 modoque
1152 3191 1304 3265 justificat,
1328 3189 1366 3247 Iu
1387 3209 1447 3266 qno

242 3270 435 3330 describendo
446 3268 522 3327 miro
535 3276 579 3327 est
593 3271 805 3328 sententiarum
819 3271 1024 3346 discrepantia.

540 3346 605 3405 ΙΙΙ.
628 3348 800 3405 Adversarii
821 3347 853 3404 in
873 3367 908 3405 eo
920 3349 1113 3424 ,conveniunt
1132 3365 1243 3417 omnes,
1265 3347 1448 3425 quodfides

494 3425 639 3499 justificet
663 3427 779 3500 proprie
799 3431 829 3482 ct
848 3445 900 3500 per
921 3445 960 3496 se,
982 3435 1071 3502 etque
1092 3426 1166 3482 adeo
1188 3425 1225 3481 sit
1243 3424 1309 3498 ipsu
1327 3425 1447 3497 justitie

498 3509 616 3572 nostrs;
639 3503 698 3561 Sed
712 3521 779 3560 cum
794 3503 896 3578 sliquo
905 3504 1081 3561 discrimine.
1124 3501 1273 3560 Socinisni
1287 3502 1367 3558 enim
1381 3521 1445 3576 per·

239 3578 369 3634 tendunt
387 3576 477 3632 fidem
491 3595 544 3632 seu
562 3586 662 3636 actum
679 3581 818 3636 credendi
832 3599 894 3637 esse
909 3601 1028 3639 oensem
1045 3579 1263 3655 justificationis
1277 3587 1395 3648 nostrae,
1410 3589 1446 3638 ut

240 3672 300 3712 non
315 3654 375 3710 alia
389 3651 427 3708 sit
440 3651 612 3711 immediato
625 3673 659 3711 00
673 3655 809 3713 formalis
827 3657 956 3730 justitie,
971 3677 1032 3734 qua
1047 3657 1123 3730 justi
1137 3675 1239 3713 sumus
1253 3675 1354 3713 corum
1369 3657 1444 3728 Deo,

240 3751 330 3808 quum
350 3731 423 3786 fides
444 3736 563 3801 nostrn;
586 3731 626 3787 Et
644 3731 817 3803 justificatio
838 3735 876 3792 sit
896 3735 1074 3792 universalis
1095 3734 1211 3792 affectio
1234 3734 1320 3804 fidci;
1343 3741 1361 3768 ⁴‘
1370 3733 1444 3792 Non

239 3811 322 3885 quod
332 3811 405 3866 fides
417 3808 557 3864 virtutem
567 3809 713 3865 efficiendi
722 3809 872 3882 justitiam
884 3820 914 3869 et
924 3814 1016 3869 vitam
1031 3813 1062 3869 in
1076 3831 1106 3868 se
1121 3812 1283 3881 contineat;
1298 3813 1350 3868 sed
1361 3814 1445 3887 quod

239 3895 394 3945 conseatur
407 3886 475 3944 talis
489 3905 541 3962 per
554 3887 714 3961 gratuitam
731 3887 787 3943 Dei
800 3890 1069 3964 acceptilationem;
1084 3907 1145 3964 quo
1155 3889 1252 3946 visum
1265 3889 1293 3945 ei
1306 3897 1444 3963 reputare

237 3969 327 4023 fidem
341 3984 395 4040 pro
409 3963 538 4040 perfecte
547 3963 675 4039 justitia,
687 3962 748 4021 sive
761 3985 816 4040 pro
831 3968 960 4040 perfecta
971 3968 1059 4041 Legis
1073 3966 1254 4041 impletione,
1263 3968 1344 4022 houd
1359 3985 1443 4025 secus

238 4062 329 4118 quum
341 4045 413 4100 olim
428 4043 484 4100 sub
499 4043 619 4100 Foedere
635 4041 747 4116 Legeli,
759 4044 889 4117 perfecte
903 4045 992 4119 Legis
1006 4045 1175 4102 obedientie
1188 4051 1252 4100 erat
1267 4043 1443 4101 universalis

237 4121 292 4178 ille
308 4121 437 4192 justitia,
458 4139 495 4176 ex
517 4139 577 4194 que
598 4122 747 4194 pendebat
768 4122 858 4179 vitn.'’
906 4123 950 4180 Ut
971 4123 1095 4180 Socinus
1115 4123 1152 4178 de
1177 4121 1309 4178 Servate.
1332 4123 1443 4194 possim

238 4197 381 4272 loquitur,
395 4197 540 4256 Smulzius
553 4199 584 4253 in
606 4197 723 4272 Disput.
739 4206 817 4255 cont.
833 4200 959 4270 Fronzi,
975 4200 1105 4257 Volkeli.
1120 4199 1170 4256 lib.
1186 4199 1224 4255 iv.
1240 4217 1303 4274 cap.
1319 4199 1345 4255 3.
1389 4199 1441 4256 Ad

238 4293 313 4350 quos
327 4275 375 4331 hic
389 4276 534 4332 accedunt
550 4275 800 4346 Remonstrentes,
815 4277 846 4332 in
863 4277 1053 4335 Confessione
1068 4293 1132 4347 000,
1147 4295 1171 4333 0.
1186 4274 1233 4333 21.

536 4351 594 4410 IV.
618 4351 764 4410 Pontificii
785 4357 892 4411 volunt
906 4355 994 4411 fidem
1009 4373 1070 4411 esse
1085 4371 1204 4410 censum
1224 4353 1439 4427 disponentem,

358 4493 370 4501 ᾖ
492 4436 521 4486 et
541 4428 604 4486 sinc
618 4447 677 4504 qus
691 4447 760 4500 non,
775 4450 841 4505 quae
856 4449 915 4487 000
931 4439 1048 4488 tantum
1062 4431 1202 4506 disponet
1223 4433 1261 4487 601
1279 4431 1438 4504 justitiam,

237 4507 288 4563 sed
309 4506 398 4563 etism
419 4505 512 4579 ipsam
530 4505 771 4578 justificationem
791 4508 909 4564 inchoet
927 4515 957 4565 et
977 4517 1134 4567 mereatur.
1178 4507 1289 4566 Concil.
1305 4507 1437 4566 'l‘rident

237 4583 311 4638 Sess.
326 4582 365 4638 vi.
381 4599 444 4654 cap.
461 4581 488 4650 6,
518 4583 581 4638 “Si
604 4584 671 4657 quis
695 4583 803 4640 dixerit
827 4585 891 4640 sols
914 4587 973 4642 lide
995 4587 1121 4660 impium
1143 4586 1308 4660 justificari,
1336 4585 1379 4641 ite
1402 4593 1438 4640 ut
1558 4627 1559 4654 ,

236 4655 394 4727 intelligat,
417 4657 492 4712 nibil
507 4658 590 4713 eliud
606 4659 725 4730 requiri,
740 4661 820 4732 quod
832 4661 868 4716 sd
879 4661 1101 4733 justificationis
1113 4663 1241 4736 gretiam
1255 4679 1436 4734 consequen·

273 3095 359 3166 Status
367 3094 450 3165 Ques·

322 3161 403 3198 00600.

243 3407 371 3452 Sententia
386 3405 478 3450 Soclnl·

303 3475 414 3507 snorum.

237 4405 271 4450 Et
279 4402 471 4448 Pontificiorum.
