3192 5206
113 372 230 422 cuasa.
246 349 304 432 rm]
524 372 563 410 nu
578 371 693 412 orricio
708 372 825 412 crrrnsrr
842 373 1034 416 aranrarouro.
1264 362 1334 418 367.

117 512 281 572 Ministerio
299 510 485 572 Sacerdotem
511 512 590 570 Deus
604 511 739 570 utebatur
758 511 795 570 ad
818 514 1044 573 conservandam
1064 514 1156 572 divini
1170 516 1265 575 cultus
1279 536 1323 574 ra·

117 593 244 668 tionem;
262 592 308 650 Ita
322 592 352 648 in
377 590 508 649 Ecclesia
523 591 688 649 Christiana
696 592 739 650 nti
753 591 818 651 vult
832 593 995 652 Miaisterio
1010 615 1099 669 sacro,
1109 615 1167 670 quo
1179 595 1272 654 Electi
1288 595 1325 652 ed

118 672 266 730 Christum
281 671 467 745 adducantur,
483 679 512 729 et
525 669 643 728 adducti
657 671 686 727 in
701 672 765 748 ejus
779 673 859 730 cultu
884 681 1048 732 consttmter
1066 684 1259 750 perseverent.
1277 675 1325 732 Sic

46 817 62 836 Ι
117 750 325 828 intelligendus
335 749 494 823 locus‚²Isa.
505 748 577 807 lxvi.
593 752 640 824 21,
651 750 702 808 ubi
715 750 756 809 ait
769 760 956 810 accumberem
967 755 1061 811 Deum
1075 773 1112 810 ex
1125 753 1257 812 (imatus
1270 755 1324 812 Sa·

117 833 245 888 cerdotee
258 840 285 888 et
297 831 418 904 Levitae,
433 827 529 903 idest,
555 828 705 887 Ministroe
727 848 842 905 sacros;
867 831 908 890 Ut
930 851 999 890 vero
1025 832 1136 890 Levitae
1151 833 1264 910 proprie
1278 833 1325 892 bic

117 929 179 967 non
192 917 260 968 sunt
286 907 477 985 intelligendi,
493 907 543 983 qui
567 908 625 967 sint
639 928 676 966 ex
701 909 792 967 Tribu
814 909 896 984 Levi,
919 910 967 968 Ita
988 931 1041 970 nco
1065 931 1126 969 vox
1155 912 1325 971 Sacerdotis

118 989 242 1064 proprie,
259 987 311 1047 sed
324 988 446 1064 mystice
461 986 650 1063 intelligenda
670 995 723 1046 est.

161 1067 291 1140 XXIX.
336 1067 367 1125 Si
381 1075 494 1124 veteres
510 1065 698 1124 Sacerdotum
712 1067 827 1125 nomine
844 1068 939 1127 solent
956 1067 1096 1145 insignire
1120 1088 1325 1146 nonnunquam

119 1146 275 1223 Evangelii
291 1146 461 1220 Ministros;
484 1145 550 1204 Non
570 1143 635 1204 ideo
656 1145 689 1204 fit
709 1145 747 1204 ab
767 1147 846 1223 ipsis,
868 1156 901 1205 ut
921 1147 1039 1224 aliquod
1059 1148 1135 1206 reale
1156 1157 1186 1208 et
1212 1149 1327 1226 proprie

118 1225 229 1284 dictum
244 1225 415 1286 sacrificium
430 1233 581 1284 externum
595 1233 700 1301 preater
713 1225 885 1284 sacrificium
904 1235 1054 1285 cruentum
1069 1227 1175 1287 Christi
1190 1229 1220 1286 in
1236 1230 1327 1288 Cruce

119 1305 248 1365 oblatum
268 1305 299 1364 in
314 1304 445 1363 Ecclesia
459 1303 522 1364 dari
536 1303 716 1380 significent3
739 1325 806 1364 nam
830 1324 865 1364 eo
887 1306 1002 1364 nomine
1016 1325 1074 1364 non
1101 1327 1165 1364 raro
1191 1308 1284 1366 solent
1298 1316 1328 1366 et

120 1384 221 1444 fideles
236 1385 315 1461 ipsos
329 1384 435 1460 saepius
449 1383 610 1459 designare.
654 1383 712 1442 Sed
727 1384 835 1460 duplici
845 1384 1026 1461 potissimum
1041 1386 1078 1444 de
1092 1407 1196 1446 causa:
1219 1387 1326 1460 Primo,

121 1464 190 1540 quia
204 1463 333 1523 Ministri
347 1483 410 1522 aeae
424 1471 594 1522 consecrent
607 1462 644 1522 ad
659 1483 731 1539 opus
743 1463 917 1539 Ministerii;
935 1464 1076 1540 Secundo,
1088 1466 1158 1542 qnia
1172 1467 1329 1542 Evangelii

121 1543 325 1620 predicatione
339 1542 538 1619 dehrngentaS‚
553 1542 692 1619 populum
707 1543 764 1602 Dei
776 1543 860 1621 quasi
878 1552 1013 1618 mactant,
1029 1553 1058 1603 et
1082 1543 1206 1604 offerunt
1221 1546 1284 1604 Deo
1298 1546 1329 1602 in

121 1623 245 1684 hostiam
260 1620 429 1703 rdrgteimor
449 1647 483 1698 ep
505 1626 570 1698 Θιᾷ,
586 1641 643 1698 quo
662 1622 779 1699 respicit
804 1622 921 1697 Paulus,
947 1623 1032 1681 Rom.
1054 1643 1105 1682 xv.
1122 1627 1168 1697 16,
1184 1643 1274 1700 quum
1288 1625 1329 1684 ait

124 1723 155 1761 se
182 1704 308 1783 ιἰςωςγιῒν
333 1707 356 1760 to
383 1701 534 1775 ricwinis,
563 1709 596 1760 ut
623 1701 724 1759 oblatio
738 1701 867 1760 Θεηιίῑιτη
886 1703 1330 1781 fiataccepta,eanct1ficatapcr

124 1783 271 1858 Spiritum.
286 1860 293 1874 ⁶
313 1782 355 1842 Ut
369 1781 409 1839 ita
422 1779 595 1874 sacrificium
610 1779 648 1839 sit
658 1779 784 1857 aliquod,
801 1779 852 1839 sed
876 1782 998 1858 mystice
1013 1789 1042 1840 et
1065 1780 1187 1857 figurate
1209 1783 1328 1856 dictum,

125 1860 624 1998 noXleXiullielihdtlidbdlilhtionis
639 1946 764 1997 cruenta
785 1947 814 1998 et
833 1938 989 1998 incruentae
1004 1949 1048 1998 est
1062 1938 1213 2002 talama.
1255 1939 1330 1998 Nam

128 2023 155 2078 1.
172 2020 203 2078 Si
218 2019 349 2077 Christus
358 2038 415 2076 non
424 2027 535 2078 tantum
547 2018 636 2076 semel
646 2025 773 2092 cruento,
784 2017 835 2076 sed
844 2017 992 2078 incruento
1003 2019 1089 2078 etiem
1100 2039 1162 2078 sese
1173 2019 1287 2094 obtulit,
1302 2027 1332 2078 et

126 2099 255 2177 quotidie
270 2096 387 2156 offertur
401 2097 557 2172 sacrificio;
580 2117 638 2155 non
651 2097 777 2171 unicum,
804 2096 855 2156 sed
878 2097 962 2173 plura
976 2098 1106 2175 ejusdem
1129 2099 1236 2158 Christi
1264 2105 1332 2156 sunt

126 2177 274 2253 sacrificia,
290 2185 390 2238 contra
400 2197 537 2255 expressa
549 2175 704 2253 Scripturas
713 2176 785 2251 loca,
798 2175 876 2234 Heb.
888 2175 928 2234 ix.
939 2179 986 2252 25,
1002 2185 1032 2237 et
1044 2198 1074 2236 x.
1092 2181 1138 2254 10,
1156 2180 1202 2238 lt.
1238 2183 1266 2236 2.
1284 2177 1332 2236 Sic

126 2259 204 2318 cadit
219 2257 355 2333 Apostoli
369 2263 570 2333 argumentum
585 2255 783 2315 concludentis
796 2255 942 2314 Christum
953 2257 1058 2334 saepius
1072 2277 1224 2334 passurum
1233 2257 1330 2331 fuisse,

128 2339 154 2396 ai
167 2337 273 2414 sapius
284 2355 315 2394 ae
329 2335 431 2394 offerre
453 2355 571 2394 necesse
590 2335 748 2393 habuisset.
771 2337 799 2393 3.
822 2334 978 2412 Repugnat
999 2336 1123 2396 Oracnlo
1138 2337 1261 2394 Paulino
1275 2345 1333 2395 tes·

128 2417 202 2476 tanti
217 2415 278 2474 sine
293 2415 441 2492 sanguinis
460 2415 599 2473 effirsione
613 2434 673 2472 non
696 2413 758 2474 dari
781 2414 981 2472 remissionem
1002 2416 1120 2492 peccati,
1138 2416 1214 2475 Heb.
1229 2416 1269 2473 ix.
1285 2419 1333 2473 22.

128 2495 216 2556 Unde
231 2514 296 2554 cum
318 2494 450 2554 sacrificii
463 2494 578 2570 propria
592 2493 717 2570 qualitas
731 2492 818 2551 suerit
827 2513 890 2552 esse
905 2502 1063 2570 cruentum,
1080 2495 1213 2572 quisquis
1238 2495 1333 2556 ineru-

128 2583 227 2635 entum
241 2573 359 2650 aliquod
373 2574 474 2636 statuit
488 2573 595 2632 Christi
610 2572 790 2648 sacrificium,
800 2592 835 2631 eo
849 2573 912 2650 ipso
926 2593 1028 2633 verum
1040 2574 1211 2634 sacrificinm
1226 2573 1335 2635 Christi

127 2675 164 2715 ne
205 2663 226 2714 t.

166 2675 301 2792 XXXI.
325 2730 465 2792 Sacrificii
483 2731 565 2808 jugis
579 2730 696 2806 ablatio,
712 2730 748 2788 de
762 2749 828 2807 qua,
845 2731 920 2790 Dan.
935 2731 997 2790 viii.
1015 2734 1061 2800 11,
1077 2732 1182 2808 agitur,
1198 2731 1335 2791 historice

129 2823 159 2873 et
179 2813 275 2890 quoad
289 2812 402 2871 literam
427 2811 465 2870 ad
478 2810 618 2870 Antiochi
631 2810 860 2887 persecutionem
881 2809 980 2868 referri
998 2810 1094 2885 debet,
1118 2811 1170 2886 qui
1197 2811 1335 2888 templum

129 2891 300 2970 profanavit,
316 2901 346 2950 et
359 2892 468 2951 cultum
482 2890 615 2967 legalem,
631 2895 661 2948 et
674 2888 814 2966 imprimis
829 2888 1001 2948 sacrificium
1024 2891 1097 2966 juge
1121 2908 1231 2948 cessam
1249 2889 1334 2965 fecit3

129 2973 251 3048 mystice
266 2990 343 3044 vero,
359 2970 385 3029 si
398 2971 436 3028 cd
447 2969 681 3028 Anti-Christum
694 2967 842 3043 referatur,
858 2968 1030 3026 sacrificium
1041 2970 1113 3044 juge
1124 2988 1182 3026 non
1193 2977 1289 3046 potest
1299 2969 1337 3026 ad

130 3052 251 3110 Missam
262 3051 412 3127 pertinere,
428 3049 497 3126 quia
510 3049 565 3108 fuit
578 3047 749 3107 sacrificium
760 3055 919 3120 cruentum,
935 3047 1013 3124 quod
1026 3047 1154 3123 quotidie
1166 3047 1211 3106 bis
1226 3048 1338 3106 solebat

130 3129 233 3204 offerri,
249 3139 279 3188 et
299 3129 330 3188 in
343 3148 401 3188 uno
426 3135 537 3187 tanturn
551 3128 624 3202 loco,
640 3126 718 3204 quod
740 3126 776 3186 de
792 3127 884 3186 Missa
898 3125 956 3184 dici
970 3127 1079 3203 nequit,
1104 3126 1163 3184 Sed
1184 3126 1222 3184 ad
1250 3127 1336 3185 sacri-

130 3210 226 3269 ficium
245 3209 339 3286 ipsum
355 3207 470 3280 Christi,
486 3206 564 3283 quod
585 3206 722 3266 continuo
736 3225 863 3282 praseae
887 3213 931 3264 est
953 3205 1016 3264 Deo
1037 3206 1075 3264 ad
1094 3205 1336 3284 propitiationem,

130 3297 159 3348 et
171 3287 307 3348 fidelibus
321 3287 358 3346 ad
372 3285 606 3361 consolationem,
624 3293 653 3344 et
671 3284 749 3360 quod
762 3303 814 3362 per
829 3283 1064 3343 Anti-Christum
1087 3304 1189 3344 revera
1210 3285 1338 3344 ablatum

130 3376 227 3446 potest
239 3367 305 3441 dicI,
320 3385 372 3444 per
386 3364 519 3424 sacrificii
540 3364 683 3424 Missatici
697 3384 761 3424 oum
777 3383 811 3422 eo
826 3363 974 3424 &mireo
997 3364 1217 3424 institutionem.

172 3447 320 3504 XXXII.
346 3447 455 3506 Oblatio
469 3447 583 3518 munda,
600 3444 636 3502 de
651 3463 709 3520 qua
723 3443 794 3502 Mal.
815 3443 953 3519 loquitur,
976 3463 1039 3522 cap.
1054 3444 1074 3502 i.
1102 3447 1148 3518 ll,
1164 3463 1223 3503 non
1245 3443 1339 3522 magis

131 3533 229 3605 potest
241 3525 279 3584 ad
304 3525 474 3584 sacdfioinm
488 3524 603 3600 proprie
617 3523 735 3598 dictum,
751 3521 830 3598 quod
844 3523 874 3580 in
889 3523 1035 3582 oblatione
1054 3523 1137 3599 penis
1152 3531 1181 3582 et
1195 3522 1257 3581 vini
1271 3543 1339 3582 oon-

134 3607 226 3681 aistat,
243 3603 350 3676 referri,
367 3624 454 3682 qnam
471 3604 586 3678 suffitia
602 3603 639 3662 de
661 3621 719 3678 qno
734 3601 843 3660 ibidem
868 3601 912 3660 fit.
925 3602 1043 3662 mentio.
1067 3603 1109 3662 Ut
1132 3622 1202 3661 vero
1227 3611 1341 3662 constat

131 3705 184 3764 per
198 3686 285 3745 istum
295 3684 421 3743 suffitum
430 3683 552 3776 mystice
561 3680 766 3773 intelligendas
780 3699 844 3740 esse
858 3700 958 3758 preces
972 3690 1002 3740 et
1010 3681 1112 3741 landes
1124 3681 1263 3774 fidelium,
1275 3703 1340 3759 qna

134 3763 279 3900 ”utu
294 3759 919 3917 tlthlutttiifttd..httt
933 3761 1340 3914 tiluthtttttttttt

135 3919 279 3997 praeconio
298 3920 453 3997 Evangelii
475 3919 679 3994 instituendus,
706 3937 837 3978 sermone
859 3919 951 3980 cultui
964 3918 1052 3996 legali
1066 3917 1291 3993 accommodate,
1308 3925 1341 3976 ut

135 3997 247 4076 passim
261 3997 339 4076 alibi,
355 3999 441 4058 Rom.
455 3999 507 4058 xii.
525 4002 551 4075 1,
567 4006 597 4060 et
610 4019 661 4059 xv.
679 3999 724 4073 16,
742 3999 758 4054 l
775 3997 838 4056 Pet.
853 3996 883 4056 ii.
899 3999 926 4073 5,
944 3997 1019 4056 Phil.
1035 3997 1074 4055 lv.
1091 3999 1138 4055 18.
