3192 5206
133 371 245 420 eumer.
262 349 320 431 va]
493 372 531 410 nn
546 371 680 442 reasons
695 373 732 413 ar
744 373 839 416 aranu
850 372 977 416 camera
1282 357 1341 416 ‘275

24 524 36 590 ,t
129 511 275 587 nataralia,
292 529 363 570 sano
378 530 465 570 sensu
475 511 695 591 intelligendum
707 523 759 590 est,
775 523 880 574 utnon
893 522 952 573 tam
966 515 1040 574 ratio
1054 513 1169 575 unionIs
1183 510 1337 593 spectetur,

129 611 212 668 quarn
226 591 343 650 unionis
358 600 495 668 extrema,
511 593 580 670 quia
593 603 723 653 extrema
736 596 817 654 unita
832 603 899 654 sunt
913 594 977 653 dnae
992 603 1110 654 naturae.

168 672 223 732 IV.
250 672 324 730 Unio
349 671 405 730 ista
429 673 551 749 spectari
565 681 668 750 potest,
685 675 732 733 vel
746 675 856 734 ratione
866 673 1012 751 principii,
1027 675 1075 733 vel
1090 675 1200 733 ratione
1215 675 1335 734 termini.

130 751 221 810 Priori
232 771 319 810 sensu
330 752 385 810 toti
396 751 530 812 Trinitati
541 753 684 828 tribuitur,
692 755 776 831 cujus
785 755 892 814 virtute
903 755 979 814 facta
990 763 1034 813 est
1044 755 1110 813 talis
1123 754 1211 831 Unio,
1224 754 1337 813 actione

128 832 236 890 scilicet
260 841 428 891 transeunte
445 833 507 908 Dei,
532 853 589 910 qua
613 834 707 894 univit
720 835 751 892 iu
764 855 887 912 persona
900 834 983 906 Λέγω
997 835 1204 894 humanitatem
1220 834 1336 894 Christi

129 911 284 970 Posteriori
296 912 351 970 soli
361 912 435 989 hipp
444 913 588 988 convenit,
596 913 664 990 quia
675 914 705 971 in
713 935 748 973 eo
757 916 934 975 terminatur.
959 914 1044 976 Unde
1053 915 1107 974 etsi
1118 915 1245 974 Persona
1255 915 1339 986 Ataeo

23 1049 24 1074 ,
127 991 198 1050 bene
224 992 373 1051 incarnata
386 991 506 1068 dicatur,
522 1013 580 1050 non
594 1003 691 1052 tamen
705 994 768 1072 ipsa
781 995 916 1070 Trinitas,
932 996 1001 1072 quia
1022 994 1187 1054 Incarnatio
1208 1015 1265 1053 non
1280 1002 1336 1054 ter-

23 1077 24 1132 .
128 1071 252 1130 minatur
266 1071 303 1128 ad
325 1073 465 1132 Naturam
479 1073 607 1131 divinam
629 1074 768 1151 absolute,
785 1075 837 1133 sed
860 1075 898 1134 ad
913 1077 1069 1134 Personam
1084 1102 1127 1134 πυ
1140 1075 1224 1146 Atym
1237 1076 1336 1136 relate.

23 1229 24 1232 Ἴ
166 1151 204 1210 V.
229 1151 286 1211 Per
300 1152 446 1211 Unionem
460 1172 530 1230 ergo
554 1153 640 1212 istem
664 1154 736 1212 nihil
761 1154 840 1214 aliud
855 1155 1031 1232 designatur,
1048 1176 1135 1234 quarn
1149 1156 1270 1214 duarum
1285 1175 1336 1214 na·

23 1235 24 1240 ’
128 1238 253 1290 turarum
280 1230 389 1290 divinae
411 1242 440 1292 et
464 1233 605 1308 humane,
629 1233 731 1292 intima
753 1244 782 1294 et
804 1244 943 1313 perpetua
965 1237 1130 1314 conjunctio
1144 1236 1175 1294 in
1195 1236 1336 1294 unitatem

130 1310 272 1385 Personae,
288 1331 339 1388 per
348 1332 434 1389 quam
448 1322 551 1372 natura
564 1313 698 1390 humana,
714 1335 779 1392 quae
789 1315 926 1375 destituta
939 1315 994 1374 fuit
1007 1316 1122 1393 propria
1133 1316 1336 1394 personalitate

129 1399 155 1448 et
168 1392 339 1457 everterem
367 1392 429 1469 fuit,
448 1394 516 1470 quia
530 1393 602 1451 alias
616 1413 739 1470 persona
752 1395 862 1472 luisset,
889 1394 942 1454 fuit
965 1405 1113 1474 assumpta
1126 1396 1164 1455 ad
1179 1397 1337 1455 Personam

128 1471 216 1547 Δι’γον,
233 1472 320 1531 atilli
344 1472 392 1530 vel
417 1474 571 1550 conjuncta
591 1473 640 1532 vel
663 1473 799 1551 adjuncta
821 1476 852 1533 iu
866 1476 1005 1536 unitatem
1021 1477 1164 1552 Personae,
1180 1485 1214 1536 ut
1223 1477 1285 1553 jam
1299 1477 1338 1535 sit

129 1553 543 1630 inexinar031ttyp,quatenus
564 1561 741 1614 sustentatur
755 1554 791 1614 ab
815 1556 887 1632 ipso,
904 1575 961 1613 non
976 1557 1184 1616 sustentatione
1199 1555 1336 1632 generali,

129 1653 183 1709 qua
197 1641 336 1692 creaturae
351 1653 450 1692 omnes
465 1654 482 1691 a
497 1635 560 1692 Deo
575 1641 779 1711 sustentantur,
792 1635 843 1693 sed
857 1635 974 1712 speciali
988 1643 1017 1694 et
1031 1635 1183 1712 personali,
1195 1643 1338 1712 quatenus

130 1713 157 1770 in
171 1733 259 1772 unam
273 1733 425 1790 personam
446 1733 511 1772 cum
526 1713 624 1772 Verbo
653 1714 767 1773 coaluit.
811 1715 894 1773 Licet
913 1735 983 1773 vero
997 1724 1100 1773 natura
1120 1716 1246 1773 humana
1260 1723 1337 1774 recte

130 1793 240 1852 dicatur
254 1792 423 1858 ’ereximus
438 1793 519 1870 hipp,
536 1793 604 1870 quia
628 1804 776 1871 assumpta
790 1802 834 1853 est
848 1795 878 1853 in
892 1795 1032 1853 unitatem
1048 1795 1191 1869 Personae,
1207 1803 1236 1852 et
1250 1794 1287 1852 ab
1302 1813 1337 1853 eo

130 1882 313 1949 sustentatur,
340 1874 435 1933 minus
459 1882 591 1933 accurate
612 1882 709 1932 tamen
734 1874 839 1933 dicitur
860 1875 1016 1933 subsistere
1031 1874 1217 1934 subsistentia
1243 1873 1336 1950 Atym,

130 1953 194 2029 quia
215 1963 285 2013 tunc
299 1961 402 2012 natura
415 1955 541 2012 humana
555 1961 630 2012 esset
645 1953 773 2012 Persona
786 1954 894 2014 divina.
1134 1971 1145 1984 “

169 2033 223 2092 VI.
247 2033 359 2092 Natura
380 2035 506 2092 humana
530 2034 560 2091 in
583 2035 730 2115 θιαιθςάπρ
744 2043 840 2112 potest
863 2034 921 2093 dici
935 2035 998 2112 ejus
1012 2041 1073 2092 turn
1088 2037 1259 2110 acly‘uuctum,
1275 2043 1336 2093 tum

126 2133 197 2188 para
208 2134 279 2172 sano
294 2133 389 2172 sensu.
433 2115 610 2190 Ach‘uuctum,
634 2135 692 2172 non
717 2114 795 2192 quod
817 2116 844 2174 ei
866 2114 1004 2191 adjuncta
1018 2115 1064 2189 sit,
1080 2124 1130 2175 aut
1144 2115 1290 2173 adhaereat
1304 2122 1337 2174 ut

130 2193 261 2252 accidens
273 2193 412 2271 subjecto,
424 2203 473 2253 aut
484 2194 574 2253 vestis
585 2195 705 2273 corpori,
718 2194 769 2254 sed
779 2196 847 2272 quia
858 2195 931 2271 aa.
950 2195 987 2252 ab
998 2203 1104 2253 aeterno
1119 2195 1256 2254 existenti
1270 2195 1336 2254 abs·

129 2293 182 2351 que
197 2294 292 2348 carne,
309 2275 464 2351 conjuncta
488 2282 532 2334 est
545 2274 577 2331 in
590 2283 718 2352 tempore
729 2276 758 2333 in
778 2275 888 2334 unitate
903 2294 1041 2353 personae.
1075 2277 1151 2335 Para
1166 2276 1253 2336 etiam
1268 2281 1341 2334 ana·¹

130 2352 230 2431 logica,
248 2363 278 2413 et
291 2355 393 2412 latiore
408 2373 503 2430 sensu,
519 2374 577 2412 non
590 2355 674 2432 qnasi
685 2374 808 2432 persona
829 2356 936 2414 Christi
950 2363 1145 2432 componatur,
1161 2364 1211 2415 aut
1225 2364 1339 2416 constet

130 2453 165 2490 ex
179 2434 295 2494 duabus
315 2434 425 2492 naturis
440 2434 629 2511 incompletIs,
645 2443 782 2512 tanquam
797 2437 927 2514 partibus
941 2436 1054 2513 proprie
1070 2435 1164 2510 dictis,
1187 2436 1266 2512 quod
1280 2437 1332 2494 im·

128 2513 334 2590 perfectionem
348 2523 477 2590 saperet3
501 2515 551 2573 sed
572 2514 651 2592 quod
673 2514 811 2574 subsistat
824 2536 882 2575 non
897 2516 927 2574 iu
941 2535 1007 2591 una,
1023 2515 1075 2574 sed
1089 2516 1202 2575 duabus
1216 2517 1335 2593 naturis,

128 2603 156 2652 et
169 2595 287 2670 utrique
307 2614 363 2652 non
387 2594 610 2672 accidentaliter,
626 2595 679 2654 scd
697 2596 889 2655 essentialiter
912 2596 1076 2655 conveniat.
1120 2595 1206 2656 Unde
1230 2595 1336 2655 dicitur

129 2673 232 2733 abacos
251 2675 349 2752 potius
370 2675 486 2750 numeri,
502 2695 589 2752 quam
608 2675 743 2750 partium,
766 2676 834 2752 quia
848 2676 878 2734 in
899 2696 934 2734 ea
955 2695 1001 2735 res
1025 2676 1122 2753 plures
1143 2694 1271 2749 numero,
1292 2676 1336 2733 vi·

129 2754 234 2814 delicet
262 2763 365 2812 natura
388 2754 522 2831 humana,
549 2765 578 2814 et
605 2755 704 2813 dirina
732 2755 869 2816 existunt.
914 2755 945 2814 Si
969 2758 1187 2814 lustramentum
1210 2753 1295 2826 Λέγω
1319 2775 1337 2814 a

128 2835 304 2910 quibusdam
326 2834 439 2910 dicitur,
465 2836 520 2894 hoc
534 2855 592 2894 non
614 2835 647 2893 fit
671 2835 781 2894 ratione
796 2835 965 2911 existentiae,
992 2834 1043 2893 sed
1070 2834 1252 2912 operationis,
1269 2835 1337 2912 quia

129 2915 267 2974 assumsit
280 2935 344 2973 eam
358 2923 475 2993 propter
488 2915 691 2993 operationem,
707 2923 736 2973 et
750 2924 884 2992 operatur
897 2935 948 2992 per
961 2934 1033 2974 eam.

168 2995 244 3054 VII.
287 2995 458 3072 Assumptio
479 3015 548 3072 ergo
569 2997 625 3055 ista
646 3015 704 3054 non
723 2995 798 3054 facta
822 2994 934 3054 suited
958 2996 1184 3070 complementum
1203 2993 1337 3052 Persona

128 3085 209 3148 Atym
224 3095 284 3153 qua
298 3074 364 3134 tahs
379 3076 586 3151 reduplicatiae,
602 3095 667 3152 quae
691 3074 898 3152 perfectissima
912 3073 966 3132 suit
986 3075 1016 3131 in
1040 3093 1071 3132 se
1091 3073 1128 3131 ab
1153 3081 1268 3148 aeterno,
1285 3073 1338 3132 sed

127 3158 263 3216 Per-coare
272 3155 434 3236 beusteten,
443 3175 494 3214 seu
505 3155 675 3214 Mediatoris
685 3155 873 3233 specificatae,
885 3173 942 3212 non
954 3152 991 3212 ad
1001 3152 1184 3230 perfectIonis
1193 3172 1276 3210 novae
1290 3172 1337 3211 ac·

128 3237 314 3313 quisitionem
323 3244 456 3313 respectu
471 3236 539 3294 Filii
555 3235 611 3293 Dei
629 3235 791 3308 intrinsece,
808 3234 859 3293 sed
880 3234 917 3292 ed
937 3233 1119 3312 perfectionis
1144 3232 1337 3292 communica·

128 3317 238 3376 tionem
253 3325 386 3393 respectu
406 3316 505 3392 nostri,
522 3323 551 3374 et
571 3315 609 3374 ad
630 3315 805 3392 operandum
820 3315 990 3390 extrinsece,
1005 3321 1038 3372 ut
1055 3333 1107 3390 per
1127 3333 1191 3372 eam
1205 3321 1338 3372 naturam

129 3404 323 3474 exequeretur
336 3415 401 3472 quae
421 3404 503 3455 erant
517 3395 679 3454 neccssaria
694 3394 732 3452 ad
746 3403 874 3454 nostram
887 3394 1122 3472 redemptionem.

168 3475 262 3535 VIII.
285 3475 380 3550 Quum
390 3477 517 3534 Peranna
526 3475 682 3556 &aregiam
692 3495 709 3532 a
721 3475 856 3534 Patribus
870 3485 991 3534 vocatur
1004 3475 1164 3550 compositu,
1179 3471 1201 3532 ἵν
1211 3472 1339 3556 agiam

129 3565 234 3616 nme„
251 3555 401 3622 badimor
412 3555 559 3636 iaoapoeu'av,
569 3583 613 3613 um
627 3558 769 3636 cirtensium
779 3559 879 3636 regaie,
895 3563 928 3614 ut
941 3555 1099 3632 loquuntur
1110 3555 1211 3614 Patres
1228 3555 1339 3632 synodi

131 3637 715 3712 AntiochenaecontraP.samosatenum,
738 3635 1338 3712 Nonintelligiturcompoaitiopropriedic·

130 3727 166 3792 ta,
174 3716 261 3795 quasi
269 3725 371 3775 natura
377 3716 511 3775 diviuaet
520 3717 645 3775 humana
654 3736 685 3775 se
695 3716 848 3775 habuerint
861 3715 899 3774 ad
913 3715 1030 3774 modum
1044 3717 1169 3793 partIum
1183 3715 1339 3793 incomple-

130 3805 223 3856 nrum
250 3796 289 3855 ad
312 3796 401 3856 totius
425 3797 677 3871 constitutionem
712 3796 770 3854 Sed
793 3794 957 3872 impropria,
982 3804 1125 3872 quatenus
1150 3796 1339 3872 compositum

131 3876 237 3936 dicitur
252 3875 283 3934 id
297 3875 375 3953 quod
389 3897 426 3934 ex
441 3875 640 3934 differentibus
653 3875 740 3934 rebus
756 3885 888 3949 constat;
911 3875 977 3933 Non
986 3877 1105 3951 physico
1124 3895 1160 3932 en
1180 3875 1229 3950 his,
1246 3875 1285 3932 icl.
1301 3894 1339 3932 ex

130 3957 262 4034 partibus
276 3956 488 4029 essentialibus
503 3965 535 4014 ut
549 3957 635 4014 horno
647 3976 684 4013 cx
698 3955 831 4014 animaet
845 3975 962 4032 corpore
975 3977 981 4030 ;
1005 3955 1070 4012 Non
1085 3955 1263 4012 accidentalis
1277 3973 1339 4011 curu

130 4038 178 4108 hia,
191 4037 231 4096 id.
242 4036 366 4114 subjecti
376 4045 405 4095 et
415 4035 581 4112 accidentis,
595 4035 653 4095 Sed
661 4037 864 4112 lapperplayeica
873 4033 1138 4094 etextraordiuaria
1144 4036 1221 4107 cujus
1230 4035 1271 4090 ad
1278 4034 1337 4108 hoc,

130 4116 168 4176 id.
191 4118 281 4196 hujus
295 4125 406 4174 naturae
420 4126 574 4194 assumptae
586 4116 688 4174 adhoc
703 4116 891 4192 suppositum,
904 4116 934 4172 in
945 4135 1002 4191 qua
1013 4113 1133 4171 alterum
1145 4120 1339 4170 extremorum

130 4199 257 4274 complet
271 4206 300 4255 et
321 4195 442 4272 perficit,
458 4196 580 4255 alterurn
605 4196 764 4272 completur
784 4205 813 4254 et
835 4195 989 4272 perficitur.
1032 4192 1093 4249 Nec
1114 4191 1269 4250 absurdum
1295 4199 1340 4253 est

128 4285 262 4338 naturam
278 4276 408 4334 divinam
428 4276 484 4334 hoc
504 4275 591 4334 modo
606 4277 704 4334 venire
725 4276 756 4332 in
777 4275 1011 4353 compositionem
1028 4291 1093 4329 cum
1114 4271 1179 4344 alio,
1196 4271 1264 4347 quia
1284 4271 1339 4330 hoo

128 4376 186 4415 non
200 4357 234 4416 fit
248 4377 301 4434 per
315 4356 433 4415 modum
446 4357 536 4434 partis
544 4356 659 4434 proprie
668 4356 761 4430 dicta,
774 4356 825 4414 sed
839 4374 890 4432 per
903 4352 1019 4411 modum
1034 4350 1206 4410 assumentis
1221 4350 1340 4408 alteram

128 4446 272 4514 naturam,
289 4445 321 4496 ut
337 4436 450 4495 dicatur
464 4456 634 4514 componere
648 4435 757 4512 aliquid
772 4455 837 4494 cum
851 4433 908 4492 alio
922 4452 981 4490 non
995 4430 1194 4504 essentialiter,
1210 4429 1261 4487 sed
1275 4448 1339 4506 pcr-

129 4519 278 4593 eonaliter,
293 4536 352 4576 non
366 4515 404 4574 ad
417 4517 620 4594 perfectionem
632 4516 815 4576 intrinsecam
830 4515 901 4593 ejus,
913 4511 965 4570 sed
976 4519 1087 4569 tanturn
1098 4509 1134 4568 ad
1156 4509 1219 4586 ejus
1239 4528 1339 4585 opara-

128 4597 238 4656 tionem
254 4597 456 4656 extrinsecam.

171 4678 232 4736 IX.
257 4676 340 4736 Licet
353 4677 384 4734 in
398 4676 513 4736 Christo
524 4675 667 4754 duplicem
680 4675 824 4734 Unionem
839 4689 1038 4750 agnoscamus,
1062 4689 1146 4764 unam
1161 4667 1341 4748 personalem
