3192 5206
133 373 242 420 armar.
260 353 341 437 vnn]
490 376 529 416 nn
544 375 677 416 russone
692 375 728 416 nr
744 375 838 416 erare
853 375 979 418 cunrsrr.
1262 360 1338 419 489

166 516 273 574 XXV.
298 516 393 591 Quum
406 517 562 593 plenitude
574 519 696 576 Deitatis
720 518 825 577 dicitur
846 518 973 577 babitare
996 519 1026 576 ia
1046 517 1157 578 Cbm'sto
1181 524 1336 594 σωματικῦς,

28 615 29 632 ¹
129 597 188 654 Col.
203 598 233 654 ii.
249 599 277 671 9,
294 617 353 654 non
366 605 463 673 potest
482 597 549 655 inde
564 598 662 656 inferri
677 598 897 656 communicatio
911 599 1116 675 proprietatum
1131 598 1161 656 in
1182 599 1335 660 abstracto.

129 679 155 734 l.
177 677 252 751 Quia
266 677 365 752 agitur
378 677 414 735 de
430 678 544 736 Christo
558 677 588 734 in
602 687 744 752 concreto,
760 697 818 736 non
839 677 875 736 de
896 687 999 737 natura
1012 677 1041 736 in
1056 679 1209 738 abstracte.
1251 683 1279 737 2.
1304 679 1336 738 si

127 765 261 832 ageretur
277 757 314 815 dc
329 765 433 815 natura
446 757 572 814 humana
591 767 728 833 tanquam
743 756 864 834 Templo
879 758 1012 831 Deitatis,
1038 758 1108 817 Joh.
1134 759 1162 816 ii.
1191 760 1237 834 19,
1263 759 1336 818 nihil

127 836 192 894 inde
206 835 360 894 eliceretur
374 855 424 912 pro
439 835 697 895 communicatione
716 838 940 915 proprietatum
964 837 1038 912 Quia
1051 838 1131 896 aliud
1145 846 1189 897 est
1208 840 1336 900 babitare

127 935 212 974 sensu
227 915 409 992 Apostolico,
425 917 504 974 aliud
518 917 728 975 communicare
743 937 828 976 sensu
840 917 1015 976 Lutherano.
1043 919 1184 977 Habitare
1198 939 1334 995 corpora-

127 997 189 1053 liter
197 995 343 1072 Apostolo
355 996 506 1071 significat,
522 1005 611 1053 totam
622 996 830 1072 plenitudinem
843 996 974 1071 Deitatis,
987 997 1026 1055 id.
1038 1000 1192 1057 essentiam
1207 999 1336 1058 divinam

26 1111 27 1116 κ
128 1095 191 1134 eum
202 1085 264 1133 tota
272 1074 451 1152 plenitudine
463 1076 670 1151 perfectionum
681 1096 796 1135 suarum
807 1077 916 1135 unitam
929 1097 992 1136 esse
1003 1088 1112 1136 naturae
1123 1079 1264 1152 humanae,
1276 1098 1336 1138 non

127 1155 294 1224 umbratice,
317 1154 365 1212 vel
386 1175 437 1230 per
457 1155 611 1213 efficaciam
626 1163 738 1214 tantum
759 1164 809 1214 aut
830 1157 1041 1230 assistentiam
1063 1167 1096 1215 ut
1110 1158 1140 1215 in
1154 1160 1232 1235 typis
1247 1159 1284 1218 V.
1300 1159 1334 1218 T.

127 1245 154 1293 et
167 1235 354 1308 infidelibus,
370 1253 404 1292 ac
418 1235 448 1292 in
462 1235 526 1292 aliis
540 1235 671 1293 obscuris
681 1254 715 1292 ac
729 1235 903 1312 imperfectis
917 1237 1150 1310 revelationibus,
1168 1238 1218 1296 sed
1228 1259 1293 1297 sere
1306 1248 1336 1299 et

121 1314 320 1390 personaliter,
327 1314 675 1390 quemadmodumcorpus
685 1316 790 1373 ambra
801 1316 961 1392 opponitur,
969 1333 1029 1373 ver.
1042 1321 1087 1391 17,
1100 1327 1129 1376 et
1140 1321 1213 1393 σόμι
1225 1319 1337 1378 Graecis

128 1415 202 1472 saepe
212 1415 369 1470 perreriam
388 1393 540 1471 siguificat.
585 1394 642 1452 Sed
656 1395 866 1453 communicare
882 1415 967 1454 sensu
982 1396 1147 1455 Lutherano
1162 1407 1251 1474 notat,
1267 1399 1336 1458 dare

128 1483 156 1533 et
169 1473 371 1532 transfundere
385 1475 500 1532 realiter
511 1475 540 1531 in
554 1474 760 1533 humanitatem
772 1483 861 1533 totam
877 1475 1001 1534 Deitatis
1015 1475 1223 1552 plenitudinem
1236 1500 1242 1550 ;
1258 1477 1337 1554 quod

128 1553 173 1612 hic
186 1554 284 1612 locum
299 1554 405 1612 habere
420 1574 478 1612 non
492 1573 577 1630 posse
591 1561 679 1631 patet,
695 1555 763 1630 quia
783 1575 849 1612 cum
865 1555 1015 1631 plenitudo
1031 1556 1155 1614 Deitatis
1170 1557 1242 1613 nihil
1256 1557 1336 1616 aliud

128 1634 164 1692 sit
177 1653 265 1710 quam
281 1634 344 1709 ipsa
360 1634 415 1691 Dei
429 1635 554 1692 essentia
567 1653 632 1692 enm
646 1634 780 1691 omnibus
795 1635 854 1692 suis
868 1634 1022 1706 attributis,
1035 1635 1060 1692 si
1069 1636 1279 1694 communicate
1293 1644 1337 1695 est

128 1712 276 1790 plenitudo
299 1713 424 1771 Deitatis
439 1713 533 1784 Carni,
557 1713 630 1772 Caro
645 1713 698 1770 erit
712 1713 774 1788 ipsa
798 1712 900 1770 Deitas
925 1722 954 1771 ct
975 1733 1074 1772 omncs
1094 1715 1283 1790 proprietates
1297 1735 1335 1788 ex

128 1813 209 1870 aequo
224 1793 268 1850 illi
284 1793 503 1851 communicata
517 1792 611 1852 forent
625 1801 725 1850 contra
739 1791 922 1869 hypothesim
937 1793 1072 1868 ipsorum.

167 1872 294 1930 XXVI.
318 1873 396 1931 Unio
410 1870 545 1953 ἀδιαίρετος
555 1881 584 1930 et
594 1870 747 1934 &sineret
758 1891 815 1930 non
830 1872 922 1947 exigit
936 1873 1042 1944 statim,
1056 1880 1090 1931 ut
1113 1872 1277 1949 ubicunque
1292 1882 1337 1932 est

127 1972 215 2010 unum
229 1952 385 2027 unitorum,
401 1952 441 2010 ibi
456 1955 493 2010 sit
505 1953 590 2010 etiam
602 1953 731 2026 alterum,
741 1953 797 2009 nisi
808 1951 857 2010 ubi
868 1952 964 2027 agitur
974 1950 1010 2008 de
1022 1952 1057 2009 iis
1068 1971 1132 2028 quse
1143 1952 1217 2010 inter
1228 1971 1258 2010 se
1271 1962 1338 2012 sunt

129 2033 257 2108 aqualia,
271 2042 301 2090 et
311 2051 432 2108 quorum
443 2051 531 2091 unum
541 2051 599 2089 non
610 2031 726 2090 excedit
736 2032 866 2104 alterum,
876 2031 954 2108 quod
963 2031 999 2089 de
1008 2031 1159 2090 divinitate
1168 2041 1197 2090 et
1205 2032 1337 2090 humani·

129 2121 184 2170 tate
200 2112 310 2170 Christi
324 2111 381 2169 dici
396 2131 453 2170 non
467 2119 572 2188 potest.
614 2112 661 2170 Ita
671 2111 749 2188 quod
760 2112 790 2168 in
801 2130 836 2169 eo
846 2120 907 2170 toto
919 2119 970 2186 est,
983 2111 1061 2187 quod
1072 2111 1178 2188 ubique
1187 2119 1240 2186 est,
1252 2112 1340 2171 debet

129 2192 243 2268 quidem
258 2211 322 2249 essa
337 2191 452 2267 ubique,
465 2193 489 2250 si
501 2199 546 2250 est
558 2191 589 2248 in
603 2192 677 2250 Toto
688 2191 906 2268 omnipraesente
918 2211 968 2267 per
978 2192 1215 2268 exaequationem,
1228 2192 1290 2250 sive
1301 2192 1339 2251 de

128 2273 231 2330 unione
247 2271 308 2344 tali,
324 2291 388 2346 quae
403 2279 447 2329 est
460 2291 555 2330 rerum
570 2271 676 2348 pariter
688 2270 873 2347 infinitarum,
888 2290 947 2330 non
961 2279 1057 2331 autem
1078 2271 1127 2330 ubi
1141 2279 1243 2330 natura
1256 2271 1339 2330 finita

130 2352 226 2410 unitur
240 2350 360 2408 infinitae
374 2359 485 2409 retenta
500 2370 552 2408 sus.
565 2349 725 2409 finitudiue.

168 2430 313 2488 XXVII.
338 2430 369 2486 Si
383 2429 463 2501 Atym
476 2430 584 2488 alicubi
602 2440 646 2488 est
668 2440 751 2490 extra
772 2431 980 2490 humanitatem
1000 2453 1053 2511 per
1075 2433 1290 2508 separationem,
1306 2441 1339 2492 ut

130 2510 165 2569 sit
180 2519 331 2586 separatus
345 2509 382 2567 ab
397 2531 439 2582 ea,
451 2529 519 2568 vere
534 2518 629 2586 potest
643 2510 709 2585 diei,
733 2511 811 2587 quod
831 2511 939 2571 alieubi
956 2531 1015 2570 non
1029 2522 1106 2571 esset
1119 2513 1225 2586 homo;
1248 2513 1299 2571 sed
1314 2513 1339 2570 si

130 2591 235 2649 alicubi
257 2597 302 2648 est
321 2598 405 2648 extra
427 2591 633 2649 humanitatem
656 2609 708 2666 per
728 2611 784 2648 aon
800 2591 986 2667 inclusionem,
1002 2612 1060 2650 non
1074 2592 1147 2650 bene
1161 2599 1258 2669 potest
1271 2592 1338 2666 dici,

129 2671 206 2746 quod
228 2668 337 2728 alicubi
358 2689 417 2727 non
439 2679 483 2728 est
506 2670 602 2744 homo,
618 2671 686 2746 quia
712 2670 805 2728 FiIIus
828 2670 884 2728 Dei
903 2679 948 2729 est
970 2672 1064 2744 homo,
1080 2691 1138 2729 non
1152 2690 1204 2747 per
1217 2672 1339 2729 localem

130 2750 349 2810 coexistentiam
364 2749 551 2808 humanitatis
565 2769 631 2807 cum
646 2749 807 2824 divinitate,
830 2749 881 2808 sed
895 2769 946 2825 per
962 2751 1104 2809 Unionem
1126 2750 1338 2825 hypostaticam

128 2829 262 2888 humanas
276 2837 386 2887 naturae
400 2829 505 2887 iactam
519 2848 577 2887 non
592 2849 657 2887 cum
671 2829 745 2902 loco,
761 2829 812 2887 sed
826 2849 892 2887 cum
906 2829 988 2905 hipp.
1031 2830 1102 2886 Ideo
1116 2830 1195 2900 Λόγος
1209 2830 1240 2886 in
1254 2830 1339 2888 terris

128 2909 257 2968 existens
270 2909 420 2966 verissime
435 2917 479 2967 e'st
493 2909 587 2983 homa,
610 2917 639 2966 et
659 2908 847 2984 personaliter
865 2927 899 2966 ac
923 2908 1143 2985 praesentissime
1159 2909 1214 2966 sibi
1227 2909 1338 2967 unitam

128 2989 216 3047 habet
229 2997 363 3046 naturam
377 2989 540 3061 humanam,
556 2989 611 3047 etsi
625 2987 703 3045 eain
717 2987 801 3046 terris
815 3005 940 3062 praseae
955 3007 1012 3045 non
1027 2996 1079 3045 est.
1123 2987 1183 3046 Ubi
1197 3007 1267 3064 ergo
1280 3005 1339 3046 non

128 3077 171 3127 cst
184 3068 351 3126 humanitas
366 3068 481 3143 Christi,
497 3069 538 3126 ibi
552 3077 647 3126 tamen
661 3067 735 3124 bene
751 3067 882 3124 Christus
895 3066 982 3124 homo
993 3066 1098 3124 dieitur
1108 3085 1180 3140 esse,
1196 3075 1339 3143 quatenus

127 3149 208 3220 tique
223 3148 264 3206 ibi
279 3148 416 3222 existens,
428 3154 570 3206 sustentat
580 3147 795 3217 humanitatem,
812 3146 866 3203 etsi
880 3165 938 3203 non
949 3147 998 3221 ibi,
1011 3145 1062 3204 sed
1073 3145 1142 3203 alibi
1156 3147 1338 3205 existentem.

168 3226 332 3286 XXVIII.
354 3230 469 3303 Nepote
482 3230 604 3285 Namrce
618 3229 747 3285 bueaaaoe
765 3226 931 3301 Ubiquitete,
948 3247 1003 3284 non
1016 3227 1109 3284 stetim
1123 3227 1338 3303 sequitureepa·

128 3309 211 3382 rotie,
226 3327 275 3364 sea
290 3307 388 3365 dietae
408 3309 530 3364 duarum
545 3316 715 3364 ceterarum
729 3306 758 3363 ia
774 3306 893 3364 Christo.
924 3305 1015 3364 Aliud
1030 3316 1074 3363 est
1087 3305 1167 3377 Atym
1181 3325 1244 3365 esse
1255 3315 1338 3366 extra

128 3407 243 3446 carnem
265 3405 395 3463 pernen
416 3387 613 3460 inclusionem,
639 3393 669 3444 et
689 3386 745 3444 hoc
769 3404 857 3443 sensu
876 3386 1051 3460 conceditur,
1074 3387 1143 3463 quia
1156 3396 1273 3446 nonest
1294 3386 1337 3445 iu-

128 3467 225 3526 elusas
236 3467 267 3524 in
278 3485 313 3524 ea
324 3474 423 3543 utpote
431 3465 569 3524 infinitus.
613 3465 704 3524 Aliud
715 3485 777 3523 esse
788 3474 871 3524 extra
884 3485 947 3524 eam
961 3485 1014 3543 per
1027 3467 1244 3544 separationem,
1260 3468 1339 3546 quod

129 3555 259 3624 negatur,
270 3546 398 3622 quiaetsi
408 3565 466 3604 non
476 3546 514 3603 sit
522 3546 650 3604 inclusus
656 3564 799 3622 nusquam
805 3554 902 3604 tamen
912 3555 983 3604 esta
993 3565 1078 3605 came
1089 3555 1248 3624 separatus.
1268 3549 1338 3609 Pro-

127 3627 232 3702 positio
247 3627 303 3684 ista
324 3627 440 3684 Verbum
455 3626 558 3683 alieubi
575 3646 632 3684 aon
652 3635 693 3683 eat
711 3627 800 3699 bomo,
816 3625 960 3702 duplicem
975 3645 1090 3685 sensum
1104 3627 1211 3686 habere
1225 3637 1338 3705 potest:

128 3714 176 3765 aut
185 3705 332 3782 significat
346 3707 464 3764 Verbum
475 3705 626 3763 deseruisse
636 3705 738 3763 alieubi
747 3714 880 3762 naturam
894 3707 1054 3779 humanam,
1067 3715 1096 3766 et
1106 3707 1161 3765 hoc
1171 3725 1257 3767 seusu
1267 3709 1340 3768 falsa

129 3795 180 3859 est,
196 3786 265 3862 quia
278 3785 357 3862 quod
372 3785 501 3844 Verbum
523 3785 612 3842 semel
632 3784 800 3864 assumpsit,
818 3803 965 3860 nunqnam
979 3786 1107 3861 dimisit3
1130 3795 1180 3845 aut
1194 3787 1339 3864 significat

135 3865 253 3924 Verbum
267 3885 324 3924 esse
338 3866 441 3923 alhubi
452 3865 500 3922 abi
512 3885 568 3922 aon
586 3865 622 3922 sit
634 3883 703 3922 earo
723 3864 813 3922 Verbi.
856 3864 895 3922 Et
909 3866 950 3924 ita
963 3883 1033 3923 vera
1046 3873 1090 3923 est
1099 3867 1187 3942 juxte
1207 3865 1338 3925 Verbum

130 3943 244 4018 Christi,
260 3965 304 4004 me
317 3965 373 4002 non
386 3963 496 4020 semper
509 3944 646 4017 babebitis,
662 3943 701 4000 id.
717 3942 876 4000 secundum
889 3943 1105 4018 humanitatem,
1120 3953 1150 4002 et
1162 3952 1259 4002 tamen
1268 3946 1338 4004 alibi

128 4042 176 4082 ero
189 4024 335 4099 vobiscum,
357 4023 460 4101 inquit,
482 4043 568 4100 taque
581 4026 623 4081 od
634 4023 895 4082 consummationem
907 4027 1071 4098 seminam,
1089 4023 1158 4080 nim.
1179 4024 1337 4084 secundum

128 4102 318 4163 divinitatem.

169 4183 299 4242 XXIX.
323 4183 405 4242 Licet
420 4183 551 4242 Christus
565 4181 664 4241 sedeat
678 4181 715 4240 cd
729 4181 860 4240 dextram
882 4182 938 4239 Dei
952 4199 1016 4258 quae
1031 4188 1075 4238 est
1087 4180 1204 4316 ubippe,
1219 4201 1277 4240 non
1293 4201 1336 4242 se·

129 4262 226 4338 quitur
241 4262 387 4322 Christum
402 4262 560 4322 meandum
579 4272 694 4320 carnem
709 4279 772 4319 esse
785 4260 903 4337 ubique.
947 4264 972 4318 l.
995 4259 1070 4334 Quia
1083 4260 1142 4317 aliu
1176 4268 1221 4318 est
1235 4260 1338 4321 dextra

131 4341 194 4418 Dei,
210 4342 290 4402 aliud
305 4342 396 4401 sessio
407 4342 444 4401 ad
455 4341 596 4401 denham.
640 4340 695 4398 Illa
706 4348 750 4399 est
760 4341 816 4398 Dei
826 4339 1033 4416 omnipotentia
1046 4347 1076 4397 et
1089 4339 1233 4415 majestas.
1277 4341 1339 4401 Ista

129 4439 198 4482 vero
208 4422 340 4482 Officium
356 4422 481 4498 Regium
497 4419 682 4496 Mediatoris;
698 4439 755 4478 non
769 4419 847 4478 illico
862 4419 920 4478 diei
933 4426 1028 4496 potest
1041 4417 1078 4477 de
1092 4437 1126 4476 eo
1140 4417 1190 4494 qui
1204 4417 1286 4478 sedet
1300 4420 1338 4479 ad

22 4527 23 4552 z
129 4501 269 4576 dextram,
285 4501 424 4578 quiequid
438 4500 543 4558 dieitur
553 4499 588 4558 de
600 4499 719 4573 dextra;
741 4499 821 4575 alias,
837 4507 869 4558 ut
883 4499 986 4558 dextra
997 4499 1053 4556 Dei
1064 4507 1108 4557 cst
1122 4509 1228 4555 aterna
1241 4506 1270 4556 et
1284 4499 1336 4556 im-

130 4601 237 4658 mensa,
260 4582 302 4642 ita
322 4581 372 4658 qui
394 4581 475 4640 sedet
489 4579 526 4638 ad
540 4579 672 4638 dextram
685 4578 804 4638 deberet
817 4597 881 4637 esse
894 4579 970 4652 talis,
986 4586 1015 4637 et
1029 4578 1092 4656 ipsa
1116 4577 1255 4650 Ecclesia,
1273 4594 1338 4655 quas

129 4662 230 4723 sedere
239 4659 526 4722 dicimraddextram
543 4659 648 4736 Sponei
662 4658 716 4731 sni,
729 4657 806 4717 Psal.
818 4657 879 4717 xlv.
895 4659 923 4733 9,
934 4658 990 4717 hoc
1000 4667 1099 4734 posset
1109 4657 1164 4718 sibi
1174 4657 1337 4718 vendicare.

1159 4755 1177 4792 r
