3192 5206
601 341 692 382 socos
706 341 836 382 necinus
850 341 984 384 suerrus.
1181 323 1309 405 [curras.
1325 341 1389 382 xrx.

625 561 821 636 Qumsmo
843 561 938 621 xrx.

465 740 503 780 DE
525 739 661 780 SESSIONE
682 739 800 780 CHRISTI
822 739 863 780 AD
883 740 1029 780 Dextram
1050 741 1111 781 nm.

186 881 265 949 Quid
272 883 308 941 eit
320 883 412 942 Sessio
435 882 541 942 Christi
558 883 600 939 ad
612 883 756 940 Dextram
770 881 835 956 Dei,
855 882 1012 940 &madum
1027 901 1113 958 priam
1126 890 1261 940 astaram
1277 881 1390 941 Ohm‘sto

363 963 514 1037 renormat,
525 963 568 1020 Et
579 982 618 1019 aa
632 963 674 1020 od
685 959 752 1020 sitm
766 961 904 1020 rationem
912 962 1078 1038 pertineat!
1120 961 1195 1038 Neg.

224 1119 249 1180 Ι.
271 1120 400 1194 Quaestio
423 1121 480 1182 ista
502 1120 664 1181 neccssaria
687 1129 732 1179 est
755 1127 872 1198 propter
895 1119 1085 1196 Lutheranos,
1103 1119 1199 1198 quiut
1213 1129 1322 1180 naturae
1336 1121 1389 1180 hu·

182 1219 275 1260 mane
290 1200 397 1260 Christi
411 1200 671 1278 omnipraesentiam
685 1208 715 1258 et
728 1200 966 1278 omnipotentiam
979 1201 1111 1277 probent,
1128 1198 1273 1260 Christum
1288 1221 1389 1259 secun·

182 1276 251 1338 dum
275 1280 431 1340 humanam
457 1289 589 1340 naturam
613 1279 651 1338 ad
677 1279 810 1339 dextram
838 1279 895 1338 Dei
919 1279 1018 1339 sedere
1059 1279 1221 1339 ertendunt.
1265 1281 1306 1340 Ut
1319 1301 1389 1339 vero

183 1357 296 1418 facilius
310 1360 497 1438 intelligatur,
522 1360 614 1436 primo
635 1359 671 1417 ds
692 1358 755 1435 ipsa
777 1359 912 1420 Sessione
925 1360 1026 1437 paucis
1038 1300 1204 1435 dicendum,
1219 1360 1295 1420 unde
1309 1360 1390 1419 nullo

183 1439 300 1515 negotio
314 1440 476 1517 colligetur,
491 1438 635 1516 quomodo
650 1438 765 1498 Christo
780 1447 932 1516 competat.

488 1519 531 1577 II.
553 1519 643 1577 Sessio
657 1521 699 1576 acl
711 1520 843 1576 dextram
863 1519 923 1577 Dei
943 1538 1001 1577 non
1015 1517 1129 1598 proprie
1143 1526 1173 1578 et
1182 1518 1332 1578 literaliter
1344 1519 1388 1577 in-

183 1583 427 1689 Ἢῖξξῃάξζξῗξ
447 1598 541 1676 telligi
554 1606 658 1675 potest,
672 1617 738 1656 cum
748 1597 829 1656 Deus
842 1617 896 1658 nec
909 1597 1043 1657 dextram
1051 1617 1104 1658 nec
1119 1597 1264 1657 sinistram
1273 1599 1389 1674 habeat,

213 1703 347 1760 alliganda
373 1704 428 1748 ltca-
449 1678 500 1738 sed
513 1678 637 1755 figurate
651 1687 680 1736 et
693 1677 887 1754 metaphorice
901 1677 939 1736 ad
953 1697 1093 1736 summam
1108 1678 1279 1756 dignitatem
1294 1686 1323 1736 et
1336 1678 1388 1736 im-

212 1761 356 1815 ratramus
366 1760 429 1820 sssu-
448 1759 559 1837 perium
580 1757 688 1817 Christi
707 1756 927 1834 designandum,
950 1758 1118 1834 metaphora
1142 1757 1228 1817 ducta
1242 1777 1260 1815 a
1275 1758 1389 1834 Regum

212 1823 271 1864 rate.
449 1847 478 1898 et
493 1839 664 1914 Magnetum
678 1837 894 1912 cousuetudine,
905 1835 1141 1914 quiaddextram
1155 1857 1236 1896 suam
1249 1837 1390 1896 collocare

183 1915 285 1992 solent,
301 1918 407 1995 quibus
421 1918 584 1996 proximum
599 1936 617 1975 a
631 1937 661 1976 so
675 1924 737 1976 turn
751 1917 877 1992 honoris,
887 1924 950 1976 tum
959 1917 1094 1994 potentia
1108 1917 1229 1994 gradum
1244 1917 1273 1974 in
1285 1917 1389 1994 guber-

182 1997 298 2056 natione
313 1998 483 2058 concedunt.
526 1997 571 2055 De
581 1995 717 2073 proximo
736 1997 851 2056 hanone
871 1998 967 2074 prata
988 1995 1161 2072 intelligitur
1183 1997 1246 2054 haec
1267 1997 1390 2073 phrasin,

185 2079 200 2132 l
218 2076 292 2154 Reg.
307 2077 337 2136 ii.
354 2079 400 2152 19,
416 2077 466 2136 ubi
482 2077 618 2136 Salomon
632 2083 752 2134 matrem
778 2096 858 2135 suam
884 2075 1024 2152 singulari
1043 2076 1152 2135 honore
1174 2075 1328 2135 effecturus
1351 2076 1390 2134 ad

183 2154 315 2215 dextram
330 2175 411 2216 susm
436 2156 567 2215 collocat.
583 2155 622 2214 Et
636 2155 714 2213 Psal.
736 2155 797 2214 xlv.
813 2158 841 2231 9,
870 2155 987 2233 Conjux
1002 2154 1101 2232 Regis,
1117 2155 1157 2213 id.
1172 2155 1304 2214 Ecclesia
1318 2155 1389 2213 dici-

183 2242 231 2292 tur
241 2242 316 2293 stare
328 2236 457 2296 adextra
468 2235 594 2309 Messiae,
604 2233 642 2292 id.
654 2235 786 2311 proximo
798 2235 906 2311 abipso
916 2233 1068 2312 dignitatis
1078 2234 1180 2312 gradu.
1209 2235 1253 2294 Dc
1264 2237 1391 2312 Imperio

182 2331 253 2372 vero
262 2333 313 2372 seu
323 2316 407 2391 regni
417 2313 663 2374 administratione
674 2322 836 2390 usurpatru,
850 2313 955 2372 Matth.
967 2334 1018 2372 xx.
1033 2317 1081 2389 21,
1097 2315 1147 2374 ubi
1161 2324 1253 2374 meter
1265 2315 1390 2373 filiorum

183 2393 319 2452 Zebedaei
332 2395 413 2470 petit,
428 2403 461 2454 ut
474 2393 527 2451 filii
541 2393 660 2452 sedeant
678 2393 716 2451 ad
730 2392 862 2452 dextram
876 2401 905 2452 et
919 2392 1063 2452 sinistram
1079 2394 1186 2454 Christi
1200 2395 1229 2451 in
1244 2415 1333 2472 regno
1347 2396 1391 2472 ip-

184 2473 253 2547 sius,
269 2472 308 2531 id.
323 2474 458 2550 primaria
472 2474 570 2531 munia
580 2472 693 2530 obeant.

225 2551 285 2611 III.
309 2552 387 2612 Hinc
401 2562 504 2614 natura
520 2551 663 2612 Sessionis
688 2551 796 2610 Christi
815 2551 854 2610 ad
877 2552 1009 2611 dextram
1024 2551 1119 2612 Patris
1133 2551 1216 2612 facile
1231 2553 1389 2632 deprehen-

183 2631 270 2691 ditur.
313 2633 379 2694 Duo
393 2634 470 2692 cuim
483 2633 531 2690 hic
545 2631 687 2709 precipue
701 2631 908 2708 designentur:
932 2635 958 2692 l.
973 2633 1089 2691 Summa
1103 2636 1234 2709 majestas
1248 2643 1274 2692 et
1284 2634 1388 2710 gloria,

183 2731 235 2790 per
249 2731 336 2789 quem
350 2733 460 2773 summe
475 2711 620 2771 exaltatus
629 2719 673 2770 est
683 2731 701 2770 a
713 2711 784 2787 Deo,
797 2719 827 2772 et
836 2731 942 2772 nomen
957 2731 1043 2790 supra
1056 2732 1140 2771 omne
1154 2733 1258 2772 nomen
1270 2714 1389 2790 accepit,

185 2791 261 2850 Phil.
277 2793 306 2852 ii.
322 2797 349 2868 9,
367 2798 414 2868 10,
437 2793 514 2852 Heb.
535 2793 555 2850 i.
579 2794 607 2852 3.
649 2795 678 2849 2.
699 2791 842 2850 Summum
858 2792 1014 2870 imperium,
1029 2791 1108 2870 quod
1121 2801 1254 2869 potenter
1274 2801 1390 2852 exercet

183 2871 214 2929 in
228 2892 328 2932 omncs
343 2873 503 2945 Creaturas,
529 2880 558 2931 ct
581 2870 660 2948 quod
684 2872 811 2931 ostendit
829 2871 969 2950 imprimis
982 2871 1013 2930 in
1027 2871 1234 2948 gubernatione
1249 2882 1277 2932 et
1292 2872 1389 2931 defen-

184 2951 264 3010 sione
288 2953 435 3029 Ecclesiae,
461 2951 605 3028 quomodo
622 2950 784 3027 explicatur
804 2973 821 3010 a
843 2951 943 3026 Paulo,
970 2951 1066 3010 lCor.
1082 2971 1132 3010 xv.
1154 2955 1202 3026 25,
1224 2952 1274 3010 ubi
1292 2978 1321 3010 u
1345 2973 1389 3010 se-

184 3029 251 3090 dere
266 3032 304 3091 ad
317 3032 458 3108 dcxmam,
475 3032 552 3090 Psal.
567 3052 613 3091 cx.
631 3034 657 3104 l,
673 3031 793 3108 exponit
805 3051 857 3110 per
869 3029 1005 3098 surreiae
1018 3051 1148 3107 regnare,
1166 3033 1183 3064 “
1198 3033 1315 3107 Oportet
1327 3053 1389 3090 eum

183 3131 305 3186 regnare
326 3115 412 3172 donec
430 3113 556 3187 posteris
576 3111 728 3184 inimicos,'’
749 3109 803 3170 &a
847 3111 896 3170 Sic
917 3111 992 3188 Eph.
1013 3110 1032 3170 i.
1054 3115 1102 3184 22,
1120 3110 1216 3170 Sessio
1231 3111 1287 3170 ista
1301 3131 1386 3188 expo·

183 3189 261 3248 nitur
274 3211 326 3268 per
340 3192 547 3268 subjectionem
561 3189 689 3249 omnium
703 3191 766 3268 ejus
786 3189 917 3267 pedibus,
929 3199 967 3266 et,
992 3194 1006 3248 l
1029 3191 1091 3248 Pet.
1107 3189 1147 3250 iii.
1163 3195 1210 3265 22,
1228 3193 1245 3224 “
1257 3191 1312 3266 Qui
1323 3211 1389 3268 pro·

183 3267 275 3326 fectus
287 3271 315 3326 iu
330 3272 444 3345 coelum,
460 3277 504 3328 est
518 3269 555 3328 ad
569 3270 701 3328 dextram
716 3270 781 3346 Dei,
793 3269 932 3348 subjectis
941 3269 996 3348 ipsi
1011 3268 1137 3347 Angelis
1151 3279 1181 3330 ct
1195 3270 1390 3330 Potestntibus

184 3367 217 3406 ac
232 3347 427 3410 Virtutibus.”

185 3465 426 3580 seiiioiliidddii
448 3513 492 3565 est
506 3506 652 3582 colligere,
664 3507 816 3582 Quomodo
830 3508 944 3566 Christo
959 3515 1111 3584 competat,
1128 3527 1179 3567 seu
1192 3507 1337 3586 quodnam
1352 3507 1390 3566 sit

215 3583 383 3638 sonpersouae.
448 3586 581 3644 sessionis
602 3586 679 3645 istius
698 3589 855 3662 subjectam.
893 3585 942 3644 An
956 3596 1059 3646 natura
1072 3587 1198 3646 humana
1212 3587 1388 3664 simpliciter,

184 3667 218 3718 ut
233 3660 391 3720 Lutherani
400 3665 517 3739 vellent,
529 3665 683 3742 hypothesi
693 3687 751 3726 suae
762 3667 982 3744 deranageva'p
991 3666 1092 3724 Carnis
1107 3667 1214 3727 Christi
1228 3667 1388 3745 patrocine-

185 3739 262 3798 turi?
271 3740 320 3798 Au
331 3761 400 3801 vero
409 3753 511 3804 natura
521 3745 640 3804 divina?
649 3755 680 3804 ut
691 3746 750 3804 alii.
766 3747 815 3804 An
823 3766 893 3804 vero
903 3747 1049 3806 Persona?
1060 3767 1124 3823 quae
1135 3756 1250 3824 recepta
1259 3755 1302 3805 cst
1313 3745 1390 3823 apud

186 3819 371 3880 Orthodoxos
379 3825 520 3884 sententia
529 3845 614 3901 quam
627 3827 781 3902 sequimur,
792 3835 950 3886 statuentes
961 3825 1124 3885 Sessionem
1132 3827 1245 3903 proprie
1257 3825 1390 3884 Persona

187 3900 294 3958 Christi
305 3911 466 3981 competere
481 3905 638 3963 secundum
651 3914 802 3982 utramque
815 3915 955 3979 naturam,
969 3906 1020 3964 sed
1031 3926 1096 3964 oum
1110 3905 1207 3982 aliquo
1216 3905 1390 3964 discrimino.

227 3980 265 4038 V.
282 3981 367 4040 Ratio
382 3993 434 4058 cst,
451 3984 525 4058 Quia
541 3985 638 4043 Sessio
652 3984 689 4041 ad
703 3983 835 4044 dextram
849 3995 963 4044 nonest
977 3985 1135 4062 proprietas
1149 3992 1267 4059 natura,
1283 3984 1331 4042 vel
1347 3985 1389 4042 di-

186 4058 272 4132 vinae,
287 4061 335 4118 vel
362 4063 503 4137 humanae,
526 4063 578 4122 sed
605 4064 726 4139 dignitas
749 4066 899 4140 Persona,
925 4073 1017 4123 status
1038 4073 1108 4141 puta
1128 4063 1271 4140 gloriosus
1286 4063 1390 4122 Perso-

188 4157 233 4196 nas
261 4140 376 4214 Christi,
400 4151 429 4200 st
454 4143 547 4201 Officii
567 4143 731 4201 Mediatorii
754 4143 973 4218 administratio,
994 4145 1076 4221 cujus
1096 4143 1298 4219 α’ποπλέσμιτα
1322 4153 1389 4202 suut

188 4219 350 4276 communia
374 4221 427 4280 toti
442 4222 585 4296 Persona,
601 4231 733 4299 respectu
751 4223 900 4300 utriusque
914 4231 1033 4280 naturae.
1077 4224 1162 4283 Unde
1176 4221 1258 4294 aaa
1272 4241 1330 4280 non
1345 4223 1388 4280 di-

188 4298 228 4355 cit
242 4298 336 4373 Carni,
355 4299 429 4358 Sede
450 4301 488 4358 ad
502 4302 633 4360 dextram
648 4320 763 4376 meam,
788 4301 839 4360 eed
855 4301 941 4359 Pater
955 4302 1032 4359 Filio
1046 4302 1083 4361 ad
1098 4303 1229 4362 Officium
1246 4302 1387 4360 Mediato-

188 4377 262 4434 rium
271 4387 383 4437 roceto.
427 4379 524 4457 Atque
539 4381 585 4439 hic
592 4389 725 4458 potestas,
737 4381 774 4438 ab
785 4381 917 4438 acerdtio
927 4381 991 4456 ejus
1002 4380 1207 4459 distinguenda
1217 4390 1270 4440 est.
1292 4381 1388 4440 Potes·

188 4457 253 4513 tatis
267 4457 343 4514 euim
358 4458 520 4535 subjectum
531 4468 575 4518 est
589 4461 725 4533 Persona,
738 4478 789 4517 seu
804 4458 934 4518 Christus
944 4460 1096 4540 &drogum
1110 4463 1140 4519 in
1154 4481 1240 4520 came
1253 4460 1387 4518 manifes-

187 4540 273 4607 tatus,
290 4555 347 4594 non
362 4557 431 4596 vero
445 4547 553 4596 naturae
568 4537 743 4614 simpliciter,
758 4539 865 4616 quippe
878 4539 957 4615 quod
980 4539 1031 4597 illa
1050 4549 1178 4616 potestas
1192 4561 1250 4598 nou
1265 4539 1302 4598 sit
1315 4537 1387 4595 acci-

188 4611 260 4670 dens
282 4614 453 4688 absolutum,
469 4617 547 4692 quod
570 4617 731 4674 necessario
746 4615 814 4677 iusi-t
828 4617 946 4692 naturis,
962 4619 1013 4676 sed
1028 4619 1151 4697 simplex
1166 4620 1276 4694 relatio,
1292 4623 1322 4674 ut
1336 4635 1386 4692 po-

487 3427 542 3485 IV.
572 3427 618 3484 Ex
633 3429 688 3487 hac
698 3448 767 3487 vero
778 3427 922 3487 Sessionis
933 3427 1039 3486 Christi
1050 3427 1251 3504 declaratione,
1261 3426 1389 3506 proclive
