3146 5210
247 273 307 333 380
653 286 745 327 rocus
759 287 889 328 arctans
903 287 1048 336 cataros.
1278 267 1416 348 [eumer.
1432 292 1472 330 rr.

246 431 317 491 toris
332 427 568 502 substituebatur,
581 426 619 486 ad
632 427 780 487 serendam
801 449 917 508 poenam
930 429 1032 488 mortis
1056 426 1112 504 ipsi
1125 425 1268 504 debitam,
1287 431 1376 507 quod
1399 434 1469 490 riuis

245 511 427 587 impositionis
441 529 582 583 mannam,
598 516 627 566 et
641 510 818 582 confessionis
828 519 1009 586 peccatorum
1025 526 1111 583 super
1124 517 1212 584 ceput
1228 510 1368 568 victimer
1384 513 1423 570 ad
1438 535 1467 570 cs

245 591 387 668 portanda
401 589 517 648 evincit.
540 591 568 646 3.
597 589 645 645 Ex
673 589 780 665 triplici
806 589 910 648 effectu
947 587 1094 661 Sacrificii,
1119 588 1271 664 Respecto
1309 593 1382 667 Dei,
1420 614 1466 670 per

244 673 350 746 innupti
371 691 422 728 scu
445 671 636 744 placationem
660 669 724 745 ejus
753 669 811 744 irae,
835 671 982 748 Respectu
997 668 1115 744 peccati,
1152 688 1203 744 per
1238 678 1406 751 misgirpa
1440 688 1464 730 et

243 754 370 827 ἁγνισμὸν,
415 750 602 824 expiationem
646 758 676 807 et
718 749 892 808 ablationem
935 758 1040 823 reatus,
1063 749 1209 823 Respectu
1245 751 1384 826 hominia
1417 773 1465 829 per

243 830 337 908 ipsas,
351 851 401 890 seu
413 831 600 887 remissionem
611 849 675 905 quse
686 847 724 886 ex
733 830 935 906 propitiatione
947 830 1002 887 Dei
1013 837 1042 887 et
1052 829 1216 904 expiatione
1228 832 1351 906 peccati
1362 853 1462 908 seque-

242 912 337 972 batur.
381 912 442 968 Nec
457 911 534 966 euim
546 927 670 985 persona
683 910 777 985 potuit
790 909 907 967 liberari
921 917 950 967 et
971 909 1085 966 veniam
1095 908 1234 984 obtinere,
1251 910 1318 969 sine
1333 913 1463 970 victims

245 992 458 1068 subrogatione,
474 1010 527 1047 nec
554 989 634 1046 Deus
654 988 763 1064 placari
789 989 850 1048 sine
865 988 1015 1066 sanguinis
1030 987 1150 1062 fusione,
1166 1007 1220 1046 nec
1235 1001 1399 1066 peccatum
1415 1013 1463 1050 ex-

244 1073 317 1148 piari
339 1073 399 1128 sine
414 1089 507 1146 poenee
517 1068 710 1145 perpessione.

285 1151 357 1208 XV.
381 1150 578 1225 Nequicquam
594 1149 641 1206 hic
669 1147 836 1208 obtenditur
849 1169 866 1206 a
880 1147 1018 1206 Volkelio
1047 1156 1075 1205 et
1103 1147 1188 1206 aliis:
1218 1152 1244 1206 1.
1268 1151 1341 1210 Non
1366 1154 1463 1210 omnia

241 1231 382 1308 conficio
396 1231 524 1286 lilastica
545 1229 721 1307 Sacrificium
737 1229 844 1287 Christi
850 1230 1033 1287 adumbrasse
1040 1252 1052 1300 ;
1061 1229 1112 1285 scd
1121 1230 1232 1286 solenne
1247 1238 1275 1286 el
1288 1232 1461 1290 anniuersa-

243 1312 326 1384 riam,
342 1312 419 1386 qttod
431 1310 475 1366 die
489 1309 681 1383 expiationum
696 1309 796 1382 efferri
807 1311 918 1384 solebat,
935 1309 1006 1367 Lev.
1029 1307 1090 1364 xvi.
1110 1310 1187 1383 qaod
1194 1311 1306 1368 nullom
1321 1314 1463 1369 communit

242 1390 458 1464 satisfactionem
467 1413 478 1460 ;
500 1397 592 1463 utpote
606 1408 668 1464 qnae
682 1409 731 1446 nec
745 1390 780 1446 ab
797 1389 920 1464 ipsismet
932 1388 1055 1460 victimis,
1070 1408 1120 1445 nee
1133 1408 1153 1444 a
1166 1389 1313 1466 Pontifices
1328 1411 1461 1466 per-serm

243 1491 363 1528 manare
371 1469 505 1546 potuerit.
548 1469 622 1542 Quia
637 1468 745 1526 Paulus
759 1488 817 1526 non
837 1489 927 1526 unum
941 1467 1059 1544 aliquod
1075 1467 1253 1526 Sacrificium
1275 1470 1460 1543 hilasticum,
1526 1504 1530 1537 ;

243 1551 295 1608 sed
309 1551 405 1608 omnia
419 1548 538 1627 opponit
554 1548 700 1607 Sacrificio
716 1548 831 1624 Christi,
847 1557 877 1606 et
890 1549 1004 1606 illorum
1019 1567 1057 1605 ax
1068 1547 1124 1606 isto
1139 1546 1363 1624 abrogationem
1377 1552 1460 1610 colli·
1524 1552 1530 1605 .'

243 1631 294 1707 git,
309 1631 385 1688 Heb.
395 1631 444 1687 vii.
461 1633 508 1703 27,
531 1638 560 1687 et
571 1649 600 1686 x.
611 1631 638 1702 4,
652 1632 679 1703 5,
697 1632 744 1686 ll.
787 1629 847 1687 Nec
857 1629 914 1686 alio
925 1628 1065 1705 respicere
1076 1628 1169 1703 potuit
1184 1629 1362 1688 sacrificium
1373 1633 1458 1709 juga,

242 1712 320 1788 quod
334 1711 463 1787 quotidie
485 1708 665 1783 offerebatur,
691 1709 739 1767 vel
761 1708 818 1766 alia
841 1708 980 1766 sacrificia
1001 1709 1126 1766 inmari
1151 1707 1315 1784 Agrorum,
1343 1731 1414 1788 quae
1430 1715 1459 1770 in

241 1811 325 1850 usum
340 1792 517 1868 privatorum
531 1789 680 1863 cedebant,
696 1807 783 1865 quam
803 1789 841 1846 ad
855 1789 1080 1846 adumbrandarn
1104 1787 1279 1847 oblationem
1298 1809 1354 1865 pro
1370 1793 1459 1850 nobis
1524 1812 1529 1821 ·

242 1871 324 1946 Agni
339 1871 395 1928 Dei
409 1869 592 1928 immaculati.
636 1869 697 1927 Nec
712 1869 815 1943 obstat,
841 1868 920 1945 quod
933 1887 985 1945 pro
1009 1867 1143 1926 omnibus
1157 1868 1187 1924 in
1214 1887 1371 1928 commune
1400 1893 1457 1930 non

241 1950 417 2024 offerrentur,
434 1950 485 2007 sed
496 1969 547 2026 pro
562 1949 685 2024 singulis
699 1949 730 2006 in
743 1949 917 2025 particulari.
960 1948 1034 2006 Nam
1049 1956 1081 2006 ut
1097 1947 1251 2022 Sacrificio,
1267 1969 1334 2024 quae
1344 1951 1458 2010 fiebant

241 2050 293 2107 pro
308 2031 441 2088 omnibus
455 2029 485 2086 iu
499 2029 652 2103 communi,
669 2028 814 2088 Christum
829 2029 957 2086 omnium
971 2047 1088 2086 suorum
1110 2027 1346 2104 propitiationem
1360 2030 1456 2090 factu·

241 2129 306 2167 rum
321 2108 541 2186 significabant:
564 2109 605 2166 sic
614 2129 678 2184 quse
692 2108 800 2167 fiebant
818 2128 870 2185 pro
885 2108 1007 2185 singulis
1022 2107 1052 2165 in
1065 2107 1241 2184 particulari,
1257 2108 1457 2185 designabant

241 2189 372 2264 singulos
383 2189 493 2263 peccati
504 2207 589 2245 onere
600 2207 714 2264 pressos
724 2189 955 2265 propitiationem
964 2187 1069 2246 debere
1084 2207 1219 2263 quarere,
1233 2197 1262 2246 et
1272 2192 1417 2266 consequi
1427 2192 1456 2249 in

242 2265 389 2326 Sacrificio
405 2267 520 2324 Christi.
564 2267 646 2325 Licet
661 2287 729 2325 vcro
744 2267 891 2326 Sacrificia
908 2268 965 2326 ista
975 2267 1088 2344 proprie
1103 2266 1208 2325 dictam
1221 2267 1453 2329 satisfactionem

241 2366 337 2403 coram
350 2347 412 2403 Dee
428 2365 485 2403 non
500 2345 701 2419 continuerint,
717 2367 782 2404 cum
796 2349 892 2405 anima
906 2347 1030 2406 hominis
1052 2349 1144 2405 canor
1172 2347 1217 2422 sit,
1233 2367 1321 2423 quam
1335 2359 1370 2408 ut
1385 2370 1454 2408 sau·

241 2426 328 2502 guina
339 2426 461 2502 pecuina
475 2424 577 2482 redimi
588 2426 695 2502 possit;
711 2427 836 2502 typicam
848 2435 943 2486 tamen
956 2437 984 2486 ct
995 2427 1220 2486 caeremonialcm
1232 2428 1328 2504 quoad
1339 2431 1453 2506 purita-

240 2515 298 2564 tem
313 2507 408 2563 carnis
422 2504 571 2579 dederunt,
588 2505 665 2564 ch.
680 2506 720 2562 ix.
738 2509 783 2580 13,
796 2526 860 2582 quse
871 2527 924 2565 nec
935 2507 1060 2565 victimae
1070 2507 1173 2566 oblatae
1185 2507 1313 2582 seorsim,
1329 2529 1385 2568 nec
1398 2511 1453 2568 Sa·

240 2585 349 2644 cerdati
361 2585 491 2644 offerenti
497 2585 687 2643 adscribenda
696 2595 747 2660 est,
761 2586 930 2664 sedutrique
940 2588 1116 2664 conjunctim
1125 2607 1162 2644 ex
1175 2587 1230 2644 Dei
1239 2586 1453 2664 ipsiusordine.

282 2667 372 2725 XVI.
395 2671 422 2725 2.
446 2667 519 2724 Exc.
547 2666 751 2744 Expiationem
779 2669 948 2725 cirritanus
971 2687 1035 2740 esse,
1065 2687 1150 2742 qaam
1175 2667 1368 2726 liberationem
1384 2674 1453 2745 plen

238 2769 306 2807 nam
323 2769 342 2806 a
352 2747 464 2824 peccati
489 2756 585 2820 morte,
609 2767 672 2822 qaoe
692 2767 747 2806 non
769 2748 910 2806 meritorie
934 2748 1080 2806 tribuenda
1106 2748 1143 2804 eit
1156 2749 1247 2823 morti,
1262 2751 1314 2806 sed
1339 2759 1452 2808 tantuna

239 2829 439 2904 exemplariter
461 2836 488 2885 et
511 2828 689 2886 declarativa
732 2827 791 2886 Sed
811 2829 858 2886 hic
879 2826 1063 2886 confunditur
1084 2847 1171 2884 causa
1191 2847 1257 2885 cum
1281 2827 1393 2905 effecto,
1422 2843 1451 2890 ct
1530 2873 1531 2888 t

239 2908 318 2985 quod
345 2918 389 2967 est
416 2907 532 2968 Judicis
560 2907 709 2967 liberantis
731 2927 796 2966 cum
820 2927 854 2966 ee
882 2906 960 2983 quod
987 2915 1031 2965 est
1057 2907 1210 2982 Sponsoris
1233 2929 1285 2984 pro
1311 2909 1375 2967 Rae
1391 2912 1448 2968 scl-

239 2989 356 3065 vcntis;
389 2989 602 3047 Liberationem
626 2989 702 3046 enim
735 2988 836 3048 Judex
863 2987 940 3062 facit,
973 2986 1024 3043 sed
1052 2986 1246 3063 expiationem
1275 2989 1364 3062 Reus,
1400 2991 1448 3050 vel

238 3069 312 3126 alius
327 3070 392 3146 quis
419 3069 483 3144 ejus
510 3069 633 3126 nominc.
691 3068 776 3127 Unde
801 3067 930 3144 sequitur
954 3067 1086 3144 purgatio
1110 3087 1203 3142 noxae,
1219 3075 1249 3126 et
1276 3078 1374 3127 reatus
1396 3071 1446 3128 ab·

238 3148 308 3206 latio
337 3169 388 3224 per
414 3168 507 3224 poenae
540 3149 588 3206 vel
616 3148 739 3224 proprias
771 3148 817 3205 vel
851 3147 952 3205 alienes
984 3147 1130 3204 lationem.
1164 3147 1276 3206 Deinde
1310 3149 1335 3206 si
1369 3169 1447 3208 mors

239 3227 414 3284 declarativa
445 3236 556 3284 tentum
593 3247 623 3284 se
651 3226 752 3284 habuit
783 3226 820 3284 ed
844 3227 1037 3303 expiationem
1065 3227 1176 3302 peceati
1203 3227 1373 3303 faciendam,
1402 3232 1445 3287 ni·

238 3305 387 3380 hilmegis
412 3305 589 3378 contulisset,
605 3325 691 3380 quarn
706 3304 840 3363 victims
865 3307 983 3382 legales,
1004 3325 1068 3382 quae
1092 3315 1120 3364 ct
1135 3306 1211 3365 idem
1236 3309 1336 3366 testari
1362 3319 1444 3385 pote-

238 3393 311 3448 rant,
328 3385 432 3459 quihus
460 3383 566 3440 diserte
580 3392 669 3459 negat
683 3385 792 3441 Paulus
806 3385 916 3461 expiari
931 3387 1058 3462 potuisse
1069 3393 1195 3462 peccata.
1240 3387 1288 3446 Sic
1302 3407 1444 3448 resurrec-

237 3464 311 3522 tioni
325 3463 414 3539 ipsius
425 3481 483 3518 non
494 3463 589 3520 minus
603 3482 636 3520 ac
651 3464 735 3520 morti
747 3462 937 3523 adscribenda
947 3474 1024 3524 esset
1037 3466 1092 3524 ista
1103 3467 1239 3543 expiatio,
1255 3467 1334 3543 quod
1348 3478 1444 3528 tamen

237 3561 384 3618 nunquam
400 3541 468 3599 facit
485 3541 639 3617 Scriptura.
683 3542 769 3600 Adde
784 3543 862 3617 quod
877 3544 1032 3604 declaratio
1043 3545 1159 3622 respicit
1174 3546 1312 3622 homiues,
1336 3549 1379 3607 At
1393 3569 1442 3607 cx-

237 3621 326 3698 piatio
344 3621 446 3678 Deum.
490 3620 546 3677 Illa
557 3620 594 3678 ad
608 3619 740 3680 Officium
756 3621 958 3698 Propheticum
973 3625 1069 3701 potius
1091 3626 1223 3702 pertinet,
1247 3627 1309 3684 Ista
1322 3648 1393 3686 vcro
1407 3630 1442 3687 ad

238 3700 431 3760 Sacerdotula.
474 3699 571 3758 Nessi
585 3700 712 3777 expiatio
733 3702 888 3778 aliquando
904 3705 967 3762 Deo
987 3705 1044 3781 ipsi
1064 3706 1199 3764 tribuitur
1224 3716 1256 3765 ut
1278 3707 1365 3766 Deut.
1380 3711 1440 3768 xxi.

238 3786 265 3858 8,
282 3790 310 3839 et
326 3781 402 3839 Psal.
418 3780 448 3838 li.
465 3783 492 3854 9,
516 3781 567 3856 qui
589 3789 685 3839 tamen
706 3802 763 3839 non
787 3783 934 3859 satisfacit,
950 3784 1050 3843 eadem
1076 3787 1172 3845 statim
1188 3786 1274 3846 debet
1292 3790 1440 3847 asseratis

237 3862 419 3940 expiationis,
435 3881 500 3938 quse
515 3861 629 3920 Christe
646 3871 679 3920 ut
693 3863 828 3922 Victima
849 3865 993 3924 tribuitur.
1036 3864 1110 3939 Quia
1123 3885 1175 3943 pro
1186 3867 1295 3924 ratione
1311 3868 1438 3945 subjecti,

237 3943 284 4002 cui
298 3943 425 4020 expiatio
439 3942 583 4017 tribuitur,
603 3942 796 4002 diversimode
820 3944 1009 4022 intelligenda
1023 3953 1075 4002 est.
1099 3945 1173 4003 Nam
1197 3955 1330 4022 respectu
1344 3947 1401 4006 Dei
1414 3949 1439 4006 ri

236 4024 354 4099 capiare
369 4031 412 4080 est
423 4022 617 4099 expiationem
645 4043 662 4080 a
678 4022 833 4083 Sacerdote
848 4024 953 4084 factam
967 4025 1127 4100 admittere,
1143 4045 1194 4101 per
1207 4027 1398 4103 placationem
1412 4038 1439 4086 et

235 4103 347 4180 peccati
362 4103 568 4160 remissionem.
613 4103 671 4161 Sed
682 4105 711 4162 in
739 4104 903 4179 Sacerdote,
930 4112 959 4162 et
981 4104 1117 4179 Victima,
1144 4113 1188 4163 est
1210 4126 1273 4164 eam
1287 4125 1437 4183 procurare

235 4184 380 4241 meritorie
394 4203 445 4258 per
460 4183 609 4259 sanguinis
622 4183 773 4258 fusionem,
789 4193 818 4241 ct
832 4203 925 4260 peenas
939 4183 1054 4242 vicariae
1068 4185 1290 4261 perpessionem.

278 4263 385 4322 XVII.
409 4263 481 4320 Exn.
505 4266 534 4322 3.
556 4265 704 4344 Sacm'ficia
722 4283 778 4338 pro
799 4264 945 4321 levioribus
966 4273 1073 4322 tantam
1093 4266 1225 4341 peccatis
1251 4285 1313 4342 qnos
1326 4269 1371 4324 acl
1384 4285 1438 4342 per

236 4343 453 4418 incopitantiam,
479 4346 523 4401 ael
530 4363 587 4418 per
607 4363 734 4401 errorem
754 4343 988 4402 committerentur
1007 4345 1100 4402 oblato
1107 4345 1205 4418 finisse,
1228 4367 1282 4404 non
1296 4367 1363 4404 aero
1381 4365 1437 4420 prro

233 4423 412 4500 pravioribus
440 4432 467 4480 et
479 4424 620 4497 ultroneis,
633 4442 690 4497 pro
718 4421 814 4497 quibas
842 4425 949 4480 nnllam
975 4425 1142 4502 sacrificium
1162 4425 1313 4484 institutam
1326 4431 1436 4500 sacrat.

235 4505 276 4560 At
289 4512 404 4560 mortem
420 4503 526 4561 Christi
533 4521 590 4576 pro
605 4502 728 4560 omaibsss
737 4503 860 4576 peccatis
870 4503 929 4562 sine
951 4504 1117 4578 discrimine,
1133 4507 1222 4562 latam
1237 4504 1338 4579 suase.
1381 4505 1435 4564 Sed

236 4583 291 4640 hoc
314 4582 483 4659 supponitur
507 4581 605 4656 gratis,
621 4599 679 4638 non
693 4581 847 4657 probatur:
866 4581 924 4641 ime
939 4601 1074 4660 expresse
1087 4584 1117 4641 in
1140 4585 1336 4644 anniversarie
1352 4586 1437 4644 Sacro
