3150 5206
269 347 326 407 208
709 359 801 403 nocua
816 359 1015 404 nnonscrnus.
1268 341 1396 426 [ornan.
1411 367 1469 409 1111.

267 513 330 568 tum
350 506 380 564 in
400 504 494 584 primo
514 501 613 582 lapsus
633 509 762 580 tempore
784 522 850 562 oum
869 501 1005 562 fidelibus
1028 500 1164 563 Patribus
1184 501 1297 582 initum,
1314 509 1472 568 substantia

268 587 332 665 ipsa
345 585 423 645 idam
437 587 475 644 sit
488 601 554 644 cum
568 584 754 643 Testamento
769 583 854 642 Novo
862 582 895 642 ?”
931 582 1016 659 Quod
1031 583 1146 643 anobis
1156 585 1255 662 asseri,
1271 587 1309 645 ab
1323 588 1396 665 ipsis
1408 609 1470 649 vero

269 685 306 726 ne
345 665 434 725 risit.

307 686 399 806 11111.
422 745 465 806 Ut
473 763 542 804 vero
552 743 637 802 facile
646 742 787 820 largimur
800 742 871 819 ipsis
882 743 921 802 V.
936 743 1016 802 Test.
1031 751 1060 802 et
1075 743 1184 803 Foedus
1199 745 1363 806 Mosaicum
1383 749 1471 808 stride

269 833 424 904 sumptum,
440 832 469 884 et
482 824 601 903 praecise
616 823 713 902 quoad
726 822 809 900 σχίσιν
823 822 955 900 legalem,
966 829 1028 882 tota
1042 821 1203 882 substantia
1217 845 1234 882 a
1249 825 1335 885 Novo
1349 825 1469 904 differre,

267 906 344 966 unde
366 907 429 965 Lex
444 905 561 981 Gratiae,
586 913 615 963 et
638 903 738 962 Moses
761 903 875 962 Christo
898 911 1113 980 opponuntura
1133 905 1278 982 iohanne,
1301 907 1320 965 i.
1345 911 1393 982 17,
1409 917 1471 966 eta

268 987 360 1046 Paulo
375 987 474 1045 Litera
488 993 517 1044 et
533 985 665 1062 Spiritus,
689 983 884 1042 Ministerium
899 981 1154 1042 condemnationis
1175 991 1204 1043 et
1217 986 1357 1064 institiae,
1375 993 1394 1045 2
1410 989 1469 1046 Cor.

266 1065 403 1145 111.6,7;
439 1066 485 1124 Ita
498 1063 696 1143 pertendimus
710 1065 766 1121 late
783 1069 929 1139 sumptum
944 1069 973 1120 11
994 1081 1059 1120 cunr
1080 1063 1171 1122 altera
1186 1064 1266 1140 σχίηι
1284 1065 1470 1146 Evangelica,

266 1148 404 1207 vestitum
425 1153 495 1222 puta
515 1141 737 1203 circumstantiis
759 1143 819 1202 suia
839 1141 1036 1220 paedagogicis
1053 1143 1220 1203 oeeonomiae
1241 1145 1393 1223 Moesicae,
1416 1167 1470 1205 non

265 1225 414 1286 diversum
428 1225 516 1283 fuisse
531 1222 627 1301 quoad
641 1223 841 1297 substantiam,
860 1221 912 1281 sed
926 1230 1038 1281 tantum
1053 1222 1149 1300 quoad
1163 1224 1391 1302 dispensationis
1414 1247 1469 1286 nro·

265 1306 344 1365 dum.
1010 1321 1013 1328 ·

306 1385 367 1454 IX.
390 1383 489 1443 Gratis
509 1403 579 1441 vero
601 1388 766 1459 supponunt
782 1381 877 1441 Vetus
899 1381 1008 1440 Foedus
1029 1381 1194 1442 Mosaicnm
1214 1384 1256 1444 its
1276 1387 1416 1464 restringi
1435 1386 1469 1444 ad

266 1463 376 1540 Legem
390 1462 528 1520 moralem
543 1469 572 1520 et
586 1462 650 1538 ejus
671 1462 856 1553 caeremonias
870 1471 900 1520 et
920 1461 1058 1539 politiam,
1081 1471 1114 1555 ut
1128 1464 1279 1540 promissio
1287 1467 1399 1548 gratim
1420 1485 1469 1560 nec

265 1542 1160 1698 111111111111111..1111111111
1182 1552 1468 1702 tristitiis

264 1711 317 1780 est,
332 1711 365 1763 nt
379 1703 551 1780 conjunctus
565 1722 631 1761 cum
651 1702 758 1780 populo
772 1721 824 1780 per
837 1701 931 1760 foedus
945 1699 1182 1777 Abrabamicum,
1198 1711 1227 1762 et
1241 1704 1359 1781 quidem
1381 1725 1467 1783 agens

265 1803 304 1843 ex
324 1783 451 1862 gratuita
472 1781 625 1861 adoptione
647 1790 675 1840 11
696 1781 851 1841 dilectione
879 1780 988 1858 populi,
1013 1780 1100 1840 Dent.
1121 1782 1162 1841 iv.
1185 1785 1212 1858 6,
1229 1787 1257 1858 7,
1273 1785 1300 1860 8,
1324 1794 1353 1844 11
1375 1786 1427 1844 vii.
1442 1787 1466 1858 6,

264 1867 292 1940 7,
308 1866 335 1940 8,
352 1883 416 1941 quse
430 1883 489 1921 non
503 1871 549 1922 111
561 1861 677 1920 foederis
691 1861 804 1940 legalis,
820 1861 872 1920 sed
887 1861 1077 1937 Evangeliei3
1103 1865 1132 1919 2.
1152 1861 1201 1919 Ex
1212 1865 1334 1922 materia
1355 1866 1465 1944 11111111,

263 1951 325 2003 tum
343 1961 442 2017 praere
456 1943 598 2019 doctrinm
621 1941 699 2020 quod
712 1941 753 2000 ita
774 1940 829 2000 fuit
850 1940 958 2018 Legale
973 1941 1003 1998 in
1020 1940 1172 2019 preceptis
1193 1961 1313 2018 morum,
1336 1953 1370 2004 nt
1385 1945 1467 2005 fuerit

263 2024 351 2082 etiam
374 2022 583 2099 Evangelioum
606 2022 636 2079 in
657 2020 897 2099 promissionibus
919 2019 955 2078 de
978 2019 1092 2080 Christo
1115 2029 1144 2080 et
1166 2023 1260 2099 gratia
1281 2024 1384 2102 ipsius,
1409 2035 1465 2084 tum

254 2106 358 2178 sorana
372 2105 467 2178 11111111,
484 2102 534 2180 qui
547 2110 626 2161 totus
640 2101 802 2160 umbratilis
816 2099 870 2159 fuit
884 2107 913 2159 et
927 2100 1041 2176 typicus
1055 2102 1163 2160 relatus
1177 2103 1215 2160 ad
1230 2103 1387 2180 Christum,
1408 2113 1465 2164 tum

262 2184 345 2241 modo
361 2183 477 2258 politica,
494 2201 558 2259 quae
573 2190 602 2241 ct
616 2181 754 2240 doctrinae
768 2187 798 2239 et
812 2180 901 2238 cultui
921 2178 976 2240 fuit
997 2180 1191 2258 subordinate,
1207 2191 1350 2259 qnatenus
1365 2185 1465 2244 distin·

262 2281 351 2340 gnere
365 2261 467 2321 debuit
479 2261 627 2340 populum,
642 2281 679 2319 ex
694 2281 752 2339 qno
767 2260 899 2318 Christus
914 2267 975 2318 erat
989 2259 1136 2334 oriundus,
1153 2269 1182 2320 et
1195 2262 1273 2339 apud
1287 2283 1374 2340 quem
1396 2285 1464 2342 prae·

263 2341 411 2400 dicaturus
422 2349 451 2401 et
466 2361 604 2420 passurus
618 2348 697 2416 erat;
721 2343 749 2399 3.
765 2339 793 2397 A
801 2341 903 2414 forma
917 2344 975 2416 11111
989 2341 1101 2416 duplici,
1117 2341 1259 2416 Externa,
1277 2361 1343 2419 quae
1357 2343 1414 2404 fuit
1427 2345 1465 2402 le·

261 2421 337 2500 galis
351 2421 499 2500 obligatio,
516 2428 577 2480 tum
589 2420 690 2498 populi
704 2419 741 2478 ad
755 2419 927 2478 servandam
947 2419 1064 2496 Legem,
1085 2428 1147 2480 tum
1162 2421 1218 2480 Dei
1238 2421 1382 2483 advitam
1397 2425 1463 2484 dan-

261 2501 328 2560 dam
343 2501 368 2559 si
383 2502 447 2560 Lex
461 2509 631 2574 servaretur,
654 2507 683 2558 et
697 2501 823 2575 laterna,
846 2499 877 2555 in
898 2500 1025 2576 gratuita
1038 2500 1237 2578 promissione,
1260 2521 1298 2561 ex
1311 2522 1370 2579 qua
1386 2505 1464 2563 Deus

260 2581 368 2659 populo
382 2579 496 2640 futurus
510 2589 572 2640 erat
585 2579 615 2637 in
627 2579 730 2654 Deum,
743 2587 772 2637 et
785 2578 910 2655 populus
920 2579 1049 2638 vicissim
1063 2579 1177 2639 futurus
1188 2589 1250 2640 erat
1263 2582 1319 2659 ipsi
1333 2583 1364 2641 in
1373 2603 1463 2663 popu·

260 2661 329 2736 lum,
354 2661 449 2720 Lavit.
464 2659 547 2718 xxvi.
571 2661 616 2734 11,
635 2661 680 2734 12,
704 2661 721 2716 2
738 2659 802 2717 Cor.
818 2658 857 2716 vi.
875 2661 931 2735 163
964 2661 992 2716 4.
1014 2658 1065 2728 Ab
1082 2662 1192 2736 rffctr‘a,
1214 2681 1279 2738 quse
1300 2664 1357 2721 tria
1377 2673 1462 2738 sunt;

263 2744 288 2802 1.
312 2741 488 2819 Praeparatio
508 2739 667 2818 peccatoris
687 2738 725 2796 ad
745 2738 932 2815 quarendum
947 2737 1093 2798 Christum
1113 2759 1165 2818 per
1187 2741 1294 2818 Legem
1316 2743 1461 2817 moralem,

261 2820 346 2880 Rom.
359 2841 388 2879 x.
403 2824 431 2897 4,
448 2819 514 2879 Gal.
529 2819 569 2877 iii.
585 2822 638 2894 243
660 2823 689 2877 2.
704 2819 768 2897 ejus
781 2818 951 2877 monstratio
964 2837 1017 2896 per
1030 2819 1267 2898 coeremonialem,
1281 2821 1358 2881 Heb.
1372 2843 1404 2882 x.
1418 2827 1460 2897 12,

261 2901 322 2960 Col.
334 2901 364 2960 ii.
381 2900 427 2977 16,
442 2904 488 2978 17,
504 2908 533 2960 11
548 2903 575 2958 3.
590 2899 720 2977 ejusdem
735 2898 843 2958 oblatio
857 2917 909 2976 per
921 2897 1141 2976 promissionem
1155 2900 1257 2978 gratiae
1271 2902 1386 2980 utrique
1398 2923 1462 2964 eon·

261 2981 396 3041 'unctam

254 3001 267 3058 J
300 3061 343 3121 X.
366 3062 427 3120 Nee
441 3059 499 3138 ipsi
512 3061 568 3120 hoe
582 3079 688 3139 negare
702 3067 833 3138 possunt,
850 3059 875 3118 si
889 3057 945 3118 sibi
959 3065 1090 3118 constare
1105 3059 1215 3134 volunt,
1228 3061 1297 3138 quia
1309 3063 1461 3122 1111111111-

258 3161 381 3200 mannus
395 3140 503 3200 ibidem
517 3140 631 3216 fatetur,
654 3148 816 3218 agnoscunt
832 3147 898 3198 ante
913 3138 1075 3198 exhibitum
1090 3137 1236 3200 Christum
1250 3141 1281 3198 in
1302 3161 1396 3218 earne,
1418 3143 1460 3200 vi·

258 3221 357 3298 gnisse
369 3221 430 3298 jam
445 3219 476 3277 in
490 3220 623 3279 Ecclesia
637 3219 693 3278 Dei
707 3219 868 3278 doctrinam
882 3218 918 3276 de
931 3219 1054 3294 Christo,
1071 3227 1100 3278 et
1113 3219 1240 3297 gratuita
1252 3241 1305 3298 per
1316 3221 1460 3281 Christum

258 3298 500 3372 reconciliatione,
515 3317 569 3357 neo
584 3299 686 3357 Patres
695 3297 812 3356 Veteris
821 3298 900 3356 Test.
915 3297 1039 3375 aliavie,
1050 3319 1137 3375 quam
1147 3300 1240 3376 gratia
1254 3299 1345 3360 solius
1355 3299 1459 3361 Christi

259 3385 389 3436 servatos
404 3395 485 3450 esse;
509 3377 575 3436 Non
595 3383 704 3452 negant
721 3376 807 3433 etiam
821 3384 975 3452 utrumque
988 3377 1083 3437 foedns
1098 3380 1152 3438 sub
1166 3379 1205 3439 V.
1220 3388 1250 3438 et
1264 3379 1300 3440 N.
1316 3382 1410 3458 egisse
1425 3381 1458 3440 de

259 3456 373 3515 Christo
383 3455 546 3534 murteam
564 3454 622 3514 Sed
633 3455 736 3512 volunt
746 3454 853 3530 dispari
867 3455 953 3513 modo
964 3455 1000 3514 de
1012 3476 1046 3516 eo
1060 3458 1165 3536 egisse.
1195 3459 1261 3518 Hoc
1272 3479 1343 3520 vero
1356 3462 1458 3538 posito,

278 3535 323 3594 uis
336 3555 395 3592 non
409 3534 490 3593 videt
504 3533 658 3591 discrimen
672 3551 736 3592 esse
757 3541 868 3592 tantum
883 3534 913 3591 in
926 3533 1013 3594 modo
1027 3537 1259 3618 dispensationis,
1281 3559 1339 3599 non
1353 3541 1384 3598 in
1399 3541 1459 3618 ipsa

255 3556 393 3674 doetrinae
408 3612 593 3673 substantia?
1545 3615 1546 3668 ἶ

298 3693 359 3752 XI.
382 3694 503 3752 Frustra
513 3713 583 3753 vero
594 3692 676 3753 addit
687 3693 804 3754 Autbor
814 3693 930 3769 ibidem,
948 3695 1097 3756 “Tantam
1109 3717 1172 3758 esse
1184 3697 1376 3759 differentiam
1387 3701 1459 3760 inter
1545 3743 1546 3770 2

256 3775 384 3853 priscum
397 3773 491 3833 foedus
507 3773 624 3850 Gratia,
641 3782 670 3834 11
687 3775 723 3834 N.
739 3777 818 3834 Test.
833 3783 941 3853 quante
954 3784 1000 3836 111
1013 3777 1088 3836 inter
1107 3778 1335 3856 promissionem,
1351 3790 1381 3840 et
1394 3799 1456 3859 pro·

256 3855 337 3914 missi
351 3854 573 3933 praestationem,
589 3856 664 3914 inter
678 3855 919 3934 significationem
932 3864 961 3915 et
975 3857 1192 3935 exhibitionem,
1208 3858 1283 3919 inter
1296 3861 1420 3938 figuram
1430 3867 1459 3918 et

256 3935 351 4014 ipsum
372 3953 484 4015 corpus,
500 3935 575 3996 inter
588 3937 744 4014 imaginem
759 3946 788 3996 et
801 3956 861 3996 rem
876 3936 1002 4014 imagine
1017 3937 1197 4016 designatam
1210 3961 1217 4014 ς
1239 3939 1334 4000 Vetus
1348 3941 1458 4000 scilieet

256 4017 371 4074 nonnisi
391 4017 421 4074 in
442 4015 631 4094 promissione
652 4026 682 4076 et
702 4017 780 4096 typis
798 4017 887 4076 variis
908 4015 1074 4076 exhibuisse
1089 4017 1254 4096 Christum
1278 4018 1321 4080 At
1342 4021 1456 4080 Novum

257 4095 368 4174 Corpus
382 4095 485 4175 ipsum,
499 4106 528 4157 et
541 4117 601 4157 rem
614 4097 750 4156 Patribus
759 4097 938 4174 promissam,
949 4104 979 4156 11
987 4097 1065 4174 typis
1076 4096 1275 4180 adumbratam
1290 4101 1455 4160 exhibere.''

257 4175 331 4250 Quia
349 4175 418 4236 licet
438 4177 630 4236 concedamus
648 4176 703 4234 hoc
722 4176 819 4235 locum
837 4177 943 4234 babere
962 4183 1095 4253 respectu
1114 4177 1318 4257 complementi
1335 4180 1454 4258 promis-

256 4256 353 4331 sionis,
369 4276 434 4334 quae
455 4256 626 4335 respiciebat
646 4253 854 4314 exhibitionem
870 4253 977 4314 Christi
991 4254 1021 4314 in
1042 4276 1136 4333 carne,
1158 4266 1188 4318 et
1201 4259 1344 4319 actualem
1359 4259 1454 4338 expia·

254 4337 362 4395 tionem
376 4337 496 4414 peceati,
512 4345 542 4395 11
554 4334 773 4413 acquisitionem
788 4333 897 4410 salutis,
909 4353 975 4412 quae
990 4333 1090 4396 debuit
1103 4343 1216 4398 tantum
1229 4338 1292 4398 fieri
1306 4339 1361 4400 sub
1372 4340 1455 4399 Novo

255 4415 459 4492 Testament03
482 4415 631 4494 Negamus
645 4413 703 4473 dici
717 4433 801 4492 posse
820 4423 952 4491 respectu
966 4415 1167 4494 applicationis
1181 4417 1284 4479 salutis
1298 4427 1327 4480 et
1340 4418 1453 4498 partici-

252 4495 377 4572 pationis
390 4495 594 4556 beneficiorum
610 4493 725 4570 Christi,
747 4501 776 4552 et
790 4492 900 4553 fructus
919 4495 1021 4555 mortis
1034 4504 1064 4556 et
1084 4497 1287 4559 satisfactionis
1304 4499 1454 4579 ejusque

255 4575 390 4634 Patribus
403 4595 462 4635 non
476 4583 544 4634 sunt
558 4573 718 4651 denegata3
741 4592 799 4650 quo
813 4593 900 4634 sensu
920 4583 997 4636 recte
1011 4575 1147 4638 dicuntur
1159 4578 1296 4639 habuisse
1316 4598 1377 4640 rem
1397 4581 1453 4656 sig·

251 4653 397 4714 nificatam
411 4663 440 4714 et
453 4655 632 4732 promissam,
655 4660 685 4712 et
705 4671 808 4732 eorpus
829 4655 923 4732 ipsum
945 4676 978 4715 ao
991 4657 1090 4718 vivam
1111 4657 1267 4736 imaginem
1288 4660 1451 4719 umbrarum
