3202 5194
168 413 285 471 unser.
300 399 402 484 isnin]
662 419 701 461 na
716 418 792 462 nasa
807 419 867 461 oar.
1312 397 1369 456 133

167 562 357 640 posteriorem
381 571 443 622 erat
463 561 557 640 figura
578 560 791 621 substitutionis
814 559 985 619 Mediatoris
1007 559 1154 616 inlocum
1177 562 1316 630 nostrum,
1341 562 1371 613 et

168 651 268 702 reatus
287 643 318 700 in
339 643 434 720 ipsum
457 641 598 716 translati,
621 649 708 718 atque
730 641 803 700 adeo
824 640 1003 699 liberationis
1024 658 1075 715 per
1096 656 1161 696 eum
1184 633 1367 713 accipiendas,

167 722 239 800 quin
254 731 283 780 et
296 723 473 781 remissionis
484 723 547 800 jam
561 728 686 798 aceeptus
700 721 731 779 in
743 722 850 781 virtute
865 719 997 779 sacrificii
1007 717 1095 777 futuri
1108 739 1115 792 ;
1139 716 1217 774 Hine
1231 713 1368 791 estquod

170 801 279 862 Paulus
293 822 352 860 non
366 803 437 861 dicit
451 802 619 880 simpliciter
633 801 855 879 chirographum
870 800 943 859 illud
957 818 1020 858 esse
1035 797 1119 857 nobis
1133 798 1238 871 inaniis,
1255 804 1366 855 conmu-

168 883 252 958 rium,
268 883 319 941 sed
334 884 476 958 ὑπεναντίοι,
491 881 723 957 subcontrarium,
739 881 778 942 id.
793 878 1005 960 quodammodo
1020 878 1210 952 eontrarium,
1233 875 1368 934 nimirum

168 962 238 1039 quia
260 962 285 1020 si
305 961 361 1021 fuit
384 962 607 1040 chirographum
631 961 743 1038 peccati
766 970 796 1020 et
816 969 913 1020 reatus
933 967 1049 1037 propter
1069 958 1142 1016 illud
1163 957 1310 1030 contracti,
1333 974 1368 1014 ac

166 1061 259 1120 poenae
280 1043 462 1118 commeritae,
484 1051 572 1120 atque
592 1043 633 1100 ita
652 1041 807 1100 adversum
829 1041 964 1099 Patribus
985 1040 1039 1100 sub
1060 1039 1111 1096 illa
1125 1040 1205 1114 νχίσιι
1219 1036 1316 1114 legali,
1339 1045 1369 1094 et

163 1131 308 1199 quatenus
321 1133 404 1182 erant
416 1131 599 1201 peccatores,
622 1119 665 1180 At
679 1131 821 1199 quatenus
834 1129 917 1180 erant
930 1119 1039 1194 fideles,
1054 1118 1225 1177 favorabilia
1239 1116 1367 1174 continc-

164 1201 236 1261 bant
250 1202 382 1279 symbola
396 1211 425 1261 et
439 1202 536 1280 sigilla
546 1201 646 1277 gratiae
660 1201 731 1278 ipsis
741 1201 802 1278 jam
812 1211 875 1260 tum
889 1201 1061 1278 dispensate
1072 1200 1160 1277 juxta
1173 1197 1256 1274 σχίσιν
1270 1196 1366 1254 Evan-

166 1281 297 1359 gelicam,
313 1301 378 1358 quae
392 1281 447 1341 fuit
466 1281 634 1360 principalis
648 1290 677 1339 et
691 1281 831 1357 ultimate,
854 1290 883 1340 et
902 1300 1055 1358 perquam
1075 1279 1154 1357 prior
1167 1276 1368 1336 emolliebatur

164 1361 203 1420 ad
217 1360 346 1420 fidelium
357 1362 499 1436 solatium,
515 1381 551 1420 ne
563 1369 748 1420 censerentur
757 1361 851 1420 adhuc
862 1380 926 1420 esse
940 1360 994 1418 sub
1009 1368 1098 1434 reatu,
1113 1359 1165 1435 qui
1178 1357 1209 1416 in
1220 1355 1367 1416 Christum

164 1442 271 1500 virtute
286 1442 449 1520 sponsionis
463 1442 546 1500 factae
561 1449 591 1499 ct
605 1440 757 1500 solutionis
770 1440 875 1500 futnrae
889 1449 951 1500 erat
964 1440 1129 1499 translatus.

205 1521 296 1580 XVI.
319 1522 409 1581 Porro
423 1521 578 1581 multitudo
592 1522 826 1580 caeremoniarum
839 1530 868 1581 et
882 1521 1048 1598 figurarum,
1072 1518 1296 1598 imperfectionis
1309 1536 1367 1596 qua

163 1599 334 1661 laborabant
357 1612 419 1661 erat
442 1609 661 1680 argumentum
694 1601 837 1678 simulque
862 1620 1003 1660 summam
1028 1601 1135 1660 Christi
1161 1599 1366 1677 perfectionem

162 1681 267 1740 animis
281 1681 430 1759 oculisque
443 1681 602 1760 ingerebat,
621 1681 659 1739 ad
679 1701 766 1758 quam
779 1690 926 1762 utcunque
939 1679 1165 1739 adumbrandam
1179 1687 1260 1739 tanta
1274 1677 1366 1736 varie·

163 1769 223 1820 tate
245 1782 317 1839 opus
338 1771 408 1837 erat,
430 1770 463 1821 ut
483 1761 563 1838 qnod
581 1781 640 1820 una
660 1761 768 1820 tabella
788 1761 873 1838 plene
894 1760 1093 1839 repraesentari
1112 1779 1171 1818 non
1190 1759 1293 1836 potuit,
1316 1777 1368 1834 per

162 1840 268 1918 plures,
284 1862 348 1919 qua
369 1841 446 1900 idem
460 1841 606 1919 objectum
621 1841 675 1900 sub
689 1842 770 1900 varia
783 1840 864 1918 σχίσει
878 1839 1088 1899 consideratum
1107 1838 1268 1913 redderent,
1284 1837 1366 1896 exhi·

162 1919 255 1980 betur.
292 1921 375 1980 Idem
390 1921 523 1980 Christus
536 1920 723 1980 adumbratus
736 1921 791 1980 fuit
804 1923 835 1978 in
850 1920 989 1998 Regibus,
1006 1919 1166 1996 Prophetis,
1182 1927 1212 1978 et
1227 1917 1366 1978 Sacerdo-

162 2000 249 2077 tibus,
262 2002 372 2060 ratione
386 2001 508 2080 triplicis
521 2000 647 2059 muneris
662 2001 723 2077 sui,
746 2001 776 2058 in
789 2000 943 2060 Sacerdote
957 1999 1102 2075 offerente,
1115 1999 1224 2058 ratione
1241 1999 1366 2075 Spiritus

161 2081 264 2139 aeterni
291 2101 342 2140 ssu
367 2081 547 2156 Divinitatis,
573 2081 604 2139 in
623 2080 743 2139 victima
763 2081 869 2155 oblate,
898 2080 1008 2139 ratione
1032 2088 1142 2138 naturae
1166 2079 1307 2152 humanae,
1333 2078 1365 2136 in

161 2160 245 2218 altari
267 2161 509 2236 holocaustorum,
535 2161 646 2220 ratione
670 2159 884 2236 satisfactionis,
913 2161 945 2218 in
969 2160 1053 2218 altari
1075 2159 1230 2234 suffituum,
1253 2159 1364 2222 ratione

161 2239 384 2316 intercessionis,
405 2239 460 2300 dre.
503 2240 586 2299 Idem
610 2240 734 2318 Spiritus
754 2261 805 2318 per
828 2260 934 2317 aquam
955 2239 1170 2317 purificationis,
1195 2239 1364 2316 pereleum

162 2318 317 2395 unctionis,
332 2341 382 2397 per
396 2321 492 2398 ignem
507 2339 629 2396 saemm,
642 2321 822 2398 significatus
833 2321 896 2396 fuit,
907 2321 1018 2378 ratione
1029 2320 1173 2378 variarum
1187 2319 1250 2396 ejus
1264 2338 1363 2397 opera-

163 2398 286 2456 tionum.
328 2399 406 2457 Hinc
420 2400 461 2471 fit,
475 2411 508 2459 ut
520 2421 586 2478 quae
600 2400 695 2458 divisa
709 2409 776 2460 sunt
796 2401 827 2458 in
841 2399 928 2478 typis,
944 2401 1158 2476 conjungantur
1178 2399 1208 2456 in
1222 2399 1363 2476 antitypo,

163 2476 201 2534 de
213 2495 270 2552 quo
283 2497 341 2536 non
355 2499 393 2536 ex
406 2499 464 2537 uno
478 2479 526 2538 vel
538 2481 629 2540 altero
641 2481 769 2556 seorsim,
786 2479 837 2539 sed
848 2501 886 2539 en
896 2480 1029 2538 omnibus
1040 2479 1216 2556 conjunctim
1228 2479 1364 2555 spectatis

156 2554 301 2633 judicium
313 2556 399 2617 debet
409 2557 478 2633 fieri,
489 2560 556 2636 quia
564 2561 662 2620 nullus
671 2560 757 2620 datur
764 2569 852 2638 typus
861 2560 1037 2638 adaequatus,
1048 2559 1098 2640 qui
1108 2559 1192 2638 plene
1201 2559 1364 2637 antitypum

160 2634 274 2709 referat,
291 2637 341 2696 sed
353 2658 455 2696 omncs
470 2649 537 2698 sunt
550 2641 687 2718 partiales
701 2650 730 2700 et
743 2640 927 2719 inadequati.

202 2715 310 2776 XVII.
333 2718 375 2779 Ut
388 2739 457 2778 vero
479 2719 555 2778 idem
569 2720 739 2796 mysterium
760 2721 814 2780 sub
829 2721 917 2779 variis
937 2721 1039 2799 figuris
1053 2730 1082 2781 et
1095 2722 1273 2781 caeremoniis
1287 2741 1364 2799 sape

159 2805 417 2872 repraesentantur:
440 2799 487 2858 Ita
507 2799 609 2858 eadem
630 2800 724 2876 figura
746 2821 822 2878 saepe
844 2801 967 2860 diversis
989 2803 1135 2879 mysteriis
1157 2801 1363 2860 adumbrandis

159 2875 320 2952 adhibetur,
342 2879 469 2937 maxime
483 2899 572 2955 quum
593 2880 731 2956 mysteria
751 2881 807 2939 ista
821 2891 888 2940 sunt
902 2881 1097 2956 subordinate,
1112 2889 1141 2940 et
1154 2881 1237 2958 extro
1256 2881 1363 2940 habent

159 2955 346 3016 adinvicem.
390 2959 438 3017 Sic
455 2960 678 3018 Tabernaculum
692 2958 746 3019 fuit
760 2969 848 3038 typus
864 2962 978 3037 Christi,
992 2961 1062 3020 Job.
1077 2962 1096 3019 i.
1114 2965 1160 3037 14,
1175 2962 1317 3034 Ecclesia,
1333 2969 1363 3020 et

159 3033 296 3112 fidelium,
323 3038 398 3114 Eph.
413 3039 443 3096 ii.
459 3041 507 3113 20,
523 3048 552 3097 et
568 3039 644 3114 Ceti,
661 3038 755 3118 Apoc.
771 3041 810 3100 xI.
828 3045 854 3115 1,
870 3045 908 3117 23
933 3040 1087 3113 SacrIficia,
1110 3039 1210 3117 figuras
1229 3039 1363 3098 sacrificii

157 3117 312 3193 expiatorii
327 3117 443 3192 Christi,
460 3118 537 3177 Heb.
553 3139 582 3178 x.
598 3121 625 3194 5,
642 3121 669 3195 6,
686 3128 715 3179 et
730 3121 933 3181 sacrificiorum
957 3120 1148 3198 spiritualium
1162 3129 1192 3179 et
1206 3119 1361 3178 Eucharis-

158 3195 282 3254 ticorum
296 3195 434 3272 fidelium,
452 3201 468 3254 l
485 3198 548 3256 Pet.
563 3199 593 3257 ii.
609 3203 636 3258 5.
681 3201 859 3276 Sacerdotes,
883 3201 1028 3260 Christum
1043 3199 1295 3278 repraesentabant,
1311 3199 1362 3277 qui

158 3293 288 3334 summus
312 3286 356 3335 est
371 3276 508 3336 Pontifex
523 3277 600 3337 Novi
614 3279 703 3355 Test,
721 3281 797 3340 lleb.
813 3281 852 3339 ix.
868 3290 897 3340 et
911 3301 950 3356 x.,
967 3281 1117 3340 Ministros
1133 3280 1295 3357 Evangelii,
1311 3279 1362 3357 qni

158 3353 265 3415 debent
279 3363 423 3438 retrove-fui
440 3357 511 3432 Deo,
528 3359 582 3418 Ro.
598 3379 647 3419 xv.
666 3363 712 3435 16,
728 3369 757 3420 et
770 3360 879 3436 fideles,
892 3362 943 3439 qui
956 3361 1025 3420 facti
1039 3369 1107 3420 sunt
1120 3364 1216 3437 repete
1228 3363 1360 3420 sacerdo-

159 3435 234 3510 tium,
252 3438 267 3493 1
284 3437 348 3495 Pet.
363 3439 393 3496 ii.
408 3441 444 3514 5;
467 3437 589 3515 Apocal.
604 3439 624 3497 i.
640 3442 668 3499 6.
712 3439 824 3498 Pascha
837 3441 892 3500 fuit
905 3461 962 3499 non
977 3449 1089 3500 tanturn
1103 3441 1268 3500 memoriale
1283 3450 1360 3500 tran·

160 3514 232 3572 situs
251 3515 362 3593 Angeli
381 3537 433 3594 per
454 3517 629 3596 AEgyptum,
651 3528 681 3577 et
701 3520 878 3580 liberationis
898 3521 938 3578 ab
957 3521 1100 3598 AEgypto,
1122 3521 1174 3580 sed
1198 3521 1363 3599 symbolum

158 3593 364 3672 redemptionis
384 3618 435 3674 per
449 3597 595 3657 Christum
610 3597 713 3658 futuras
727 3619 744 3656 a
758 3601 896 3659 servitute
913 3601 1029 3660 Diaboli
1043 3609 1072 3661 et
1091 3602 1210 3678 peccati,
1226 3611 1255 3660 et
1269 3602 1363 3679 figura

158 3675 296 3733 transitus
310 3675 440 3735 fidelium
454 3697 471 3734 a
485 3677 624 3736 servitute
639 3678 676 3736 ad
689 3678 861 3755 libertatem,
876 3700 894 3738 a
907 3689 998 3739 morte
1013 3680 1051 3739 ad
1063 3681 1162 3756 vitam,
1180 3681 1272 3740 lCor.
1287 3702 1316 3739 r.
1332 3686 1359 3746 7.

176 3792 381 3842 ceremoniarum
459 3755 585 3816 XVIII.
607 3757 706 3834 Atque
727 3758 795 3817 hinc
816 3779 875 3818 non
894 3760 1016 3819 obscure
1030 3761 1178 3836 colligitur
1191 3770 1291 3819 contra
1304 3761 1359 3821 Ju-

194 3852 382 3971 pppplcisnpm
418 3834 855 3977 gpgpzppplmetetspppppfipaetgis
869 3840 1075 3977 caerplmonialis
1089 3860 1147 3898 non
1166 3840 1255 3978 {uisse
1272 3841 1362 3994 jppsti,

843 3940 861 3976 n
1248 3941 1255 3962 Q

195 3971 256 4080 tupi.
421 3997 439 4026 “
451 3995 515 4054 Lex
533 3995 607 4053 nihil
628 3997 764 4070 huisbruc,
780 3939 1254 4075 perpepitpssoctppppmffipppt'oglgi,
1270 3939 1360 4062 insili

155 4065 256 4127 ductio
269 4071 395 4130 melioris
414 4076 477 4152 spei
496 4095 653 4152 perquam
674 4077 837 4137 accedimus
858 4078 896 4137 ad
917 4079 1041 4154 Deum,'.’
1064 4078 1141 4138 Heb.
1157 4079 1207 4138 vii.
1225 4081 1270 4153 19,
1293 4099 1360 4141 cunr

154 4158 343 4226 occuparetur
355 4160 467 4213 tantum
482 4153 558 4213 circa
578 4155 745 4214 mandatum
765 4156 878 4216 carnale
897 4167 927 4216 et
946 4177 993 4218 res
1013 4167 1141 4217 terrenas
1155 4167 1185 4217 et
1199 4179 1358 4236 corporeas,

153 4246 219 4304 quae
232 4249 288 4288 non
296 4244 417 4306 possunt
429 4235 623 4292 conscientium
636 4239 770 4310 naahas,
784 4237 861 4296 Heb.
876 4237 917 4297 ix.
933 4240 960 4312 9,
973 4237 1025 4296 ssd
1039 4257 1097 4296 non
1110 4236 1232 4298 ulterius
1245 4249 1359 4316 perten-

151 4305 268 4382 debant,
279 4330 366 4386 quam
381 4316 424 4371 ad
431 4314 585 4390 puritatem
598 4317 701 4390 cornu,
713 4335 788 4375 vers.
803 4319 848 4392 13,
864 4316 904 4376 id.
915 4327 1064 4376 externam
1078 4326 1108 4376 et
1122 4319 1358 4395 eaeremorrialem,

152 4387 232 4463 quod
245 4388 407 4464 Apostolus
427 4393 490 4452 fuse
505 4394 691 4470 demonstrat,
708 4395 785 4454 Heb.
800 4417 831 4455 x.
848 4399 873 4472 1,
889 4402 917 4473 2,
933 4401 960 4472 3,
976 4401 1006 4456 4.
1047 4397 1087 4455 Et
1107 4396 1191 4455 facile
1211 4397 1358 4474 probatur,

151 4466 246 4544 primo
261 4471 442 4547 generaliter,
465 4493 482 4531 u
499 4483 606 4532 natura
625 4475 702 4532 iatius
715 4476 807 4552 Lcyr'a,
823 4496 885 4552 quur
898 4479 1026 4536 umbram
1039 4477 1265 4534 hebetatarum
1275 4479 1357 4550 futu·

151 4566 263 4621 rurum,
287 4567 316 4605 v.
333 4551 360 4624 1,
381 4569 440 4608 non
460 4572 530 4611 vero
561 4573 728 4632 expressam
759 4574 855 4614 rerum
879 4556 1043 4634 imaginem,
1068 4553 1135 4612 ideo
1166 4574 1224 4612 non
1246 4565 1359 4631 poterat

152 4626 325 4686 accedentes
345 4628 490 4705 perficere.
519 4637 547 4691 2.
562 4633 740 4710 Specialiter,
756 4635 793 4692 ab
807 4635 1021 4714 imperfectione
1035 4634 1277 4710 ceremoniarum,
1293 4655 1359 4712 qua

152 4707 259 4766 nullcsm
277 4709 492 4786 proportionem
506 4712 660 4788 habebant,
676 4713 734 4772 Vel
754 4733 820 4774 cum
836 4717 968 4792 peccatu,
983 4735 1057 4794 quaa,
1071 4724 1105 4773 ut
1119 4715 1211 4794 eulpae
1225 4716 1358 4797 morales,
