<?xml version="1.0" encoding="UTF-8"?>
<!DOCTYPE html PUBLIC "-//W3C//DTD XHTML 1.0 Transitional//EN"
    "http://www.w3.org/TR/xhtml1/DTD/xhtml1-transitional.dtd">
<html xmlns="http://www.w3.org/1999/xhtml" xml:lang="en" lang="en">
 <head>
  <title>
</title>
<meta http-equiv="Content-Type" content="text/html;charset=utf-8" />
  <meta name='ocr-system' content='tesseract 3.04.00' />
  <meta name='ocr-capabilities' content='ocr_page ocr_carea ocr_par ocr_line ocrx_word'/>
</head>
<body>
  <div class='ocr_page' id='page_1' title='image "./francisciturret00pictgoog_0573.png"; bbox 0 0 3186 5210; ppageno 0'>
   <div class='ocr_carea' id='block_1_1' title="bbox 264 329 1472 400">
    <p class='ocr_par' dir='ltr' id='par_1_1' title="bbox 264 329 1472 400">
     <span class='ocr_line' id='line_1_1' title="bbox 264 329 1472 400; baseline -0.004 -10"><span class='ocrx_word' id='word_1_1' title='bbox 264 333 322 390; x_wconf 76' lang='grc'>542</span> <span class='ocrx_word' id='word_1_2' title='bbox 662 347 752 388; x_wconf 76' lang='lat' dir='ltr'>cocus</span> <span class='ocrx_word' id='word_1_3' title='bbox 774 345 903 387; x_wconf 80' lang='lat' dir='ltr'>necinus</span> <span class='ocrx_word' id='word_1_4' title='bbox 925 343 1060 393; x_wconf 75' lang='lat' dir='ltr'>curares.</span> <span class='ocrx_word' id='word_1_5' title='bbox 1245 329 1372 400; x_wconf 72' lang='lat' dir='ltr'>[auser.</span> <span class='ocrx_word' id='word_1_6' title='bbox 1397 345 1472 386; x_wconf 79' lang='lat' dir='ltr'>xvir.</span> 
     </span>
    </p>
   </div>
   <div class='ocr_carea' id='block_1_2' title="bbox 258 483 1473 1608">
    <p class='ocr_par' dir='ltr' id='par_1_2' title="bbox 258 483 1473 1287">
     <span class='ocr_line' id='line_1_2' title="bbox 261 483 1470 566; baseline -0.003 -16"><span class='ocrx_word' id='word_1_7' title='bbox 261 491 327 563; x_wconf 90' lang='lat' dir='ltr'>sint,</span> <span class='ocrx_word' id='word_1_8' title='bbox 342 496 371 550; x_wconf 88' lang='lat' dir='ltr'>et</span> <span class='ocrx_word' id='word_1_9' title='bbox 385 507 461 566; x_wconf 82' lang='lat' dir='ltr'>saepe</span> <span class='ocrx_word' id='word_1_10' title='bbox 476 487 595 564; x_wconf 78' lang='lat' dir='ltr'>soleant,</span> <span class='ocrx_word' id='word_1_11' title='bbox 611 497 644 549; x_wconf 90' lang='lat' dir='ltr'>ut</span> <span class='ocrx_word' id='word_1_12' title='bbox 659 491 795 548; x_wconf 84' lang='lat' dir='ltr'>Bellarm.</span> <span class='ocrx_word' id='word_1_13' title='bbox 820 486 920 546; x_wconf 86' lang='lat' dir='ltr'>statuit</span> <span class='ocrx_word' id='word_1_14' title='bbox 944 485 993 543; x_wconf 92' lang='lat' dir='ltr'>lib.</span> <span class='ocrx_word' id='word_1_15' title='bbox 1017 484 1058 544; x_wconf 89' lang='lat' dir='ltr'>iii.</span> <span class='ocrx_word' id='word_1_16' title='bbox 1081 484 1117 544; x_wconf 90' lang='lat' dir='ltr'>de</span> <span class='ocrx_word' id='word_1_17' title='bbox 1131 484 1152 544; x_wconf 92' lang='lat' dir='ltr'>J</span> <span class='ocrx_word' id='word_1_18' title='bbox 1156 483 1241 542; x_wconf 83' lang='lat' dir='ltr'>uetiti.</span> <span class='ocrx_word' id='word_1_19' title='bbox 1257 505 1320 563; x_wconf 90' lang='lat' dir='ltr'>cap.</span> <span class='ocrx_word' id='word_1_20' title='bbox 1336 489 1365 560; x_wconf 86' lang='lat'>6,</span> <span class='ocrx_word' id='word_1_21' title='bbox 1387 493 1417 545; x_wconf 91' lang='lat' dir='ltr'>et</span> <span class='ocrx_word' id='word_1_22' title='bbox 1442 489 1470 562; x_wconf 86' lang='lat'>8,</span> 
     </span>
     <span class='ocr_line' id='line_1_3' title="bbox 258 564 1471 648; baseline -0.003 -20"><span class='ocrx_word' id='word_1_23' title='bbox 258 571 309 629; x_wconf 88' lang='lat' dir='ltr'>ubi</span> <span class='ocrx_word' id='word_1_24' title='bbox 320 577 443 648; x_wconf 89' lang='lat' dir='ltr'>quatuor</span> <span class='ocrx_word' id='word_1_25' title='bbox 457 569 511 628; x_wconf 89' lang='lat' dir='ltr'>ista</span> <span class='ocrx_word' id='word_1_26' title='bbox 522 569 670 646; x_wconf 86' lang='lat' dir='ltr'>probanda</span> <span class='ocrx_word' id='word_1_27' title='bbox 692 569 746 628; x_wconf 84' lang='lat' dir='ltr'>sibi</span> <span class='ocrx_word' id='word_1_28' title='bbox 762 568 903 646; x_wconf 85' lang='lat' dir='ltr'>proponit.</span> <span class='ocrx_word' id='word_1_29' title='bbox 952 569 979 625; x_wconf 89' lang='lat'>1.</span> <span class='ocrx_word' id='word_1_30' title='bbox 1002 565 1068 623; x_wconf 88' lang='lat' dir='ltr'>Non</span> <span class='ocrx_word' id='word_1_31' title='bbox 1088 584 1173 641; x_wconf 88' lang='lat' dir='ltr'>posse</span> <span class='ocrx_word' id='word_1_32' title='bbox 1194 564 1295 622; x_wconf 87' lang='lat' dir='ltr'>haberi</span> <span class='ocrx_word' id='word_1_33' title='bbox 1320 567 1471 626; x_wconf 90' lang='lat' dir='ltr'>certitudi-</span> 
     </span>
     <span class='ocr_line' id='line_1_4' title="bbox 261 643 1471 726; baseline -0.002 -18"><span class='ocrx_word' id='word_1_34' title='bbox 261 671 327 708; x_wconf 90' lang='lat' dir='ltr'>nem</span> <span class='ocrx_word' id='word_1_35' title='bbox 349 649 416 706; x_wconf 86' lang='lat' dir='ltr'>fidei</span> <span class='ocrx_word' id='word_1_36' title='bbox 437 646 473 706; x_wconf 92' lang='lat' dir='ltr'>de</span> <span class='ocrx_word' id='word_1_37' title='bbox 494 650 609 726; x_wconf 87' lang='lat' dir='ltr'>propria</span> <span class='ocrx_word' id='word_1_38' title='bbox 625 649 748 726; x_wconf 88' lang='lat' dir='ltr'>justitia.</span> <span class='ocrx_word' id='word_1_39' title='bbox 791 653 819 706; x_wconf 80' lang='lat'>2.</span> <span class='ocrx_word' id='word_1_40' title='bbox 842 647 992 706; x_wconf 77' lang='lat' dir='ltr'><strong>Neminem</strong></span> <span class='ocrx_word' id='word_1_41' title='bbox 1017 645 1109 705; x_wconf 88' lang='lat' dir='ltr'>teneri</span> <span class='ocrx_word' id='word_1_42' title='bbox 1131 643 1166 702; x_wconf 88' lang='lat' dir='ltr'>ad</span> <span class='ocrx_word' id='word_1_43' title='bbox 1192 644 1271 702; x_wconf 89' lang='lat' dir='ltr'>illam</span> <span class='ocrx_word' id='word_1_44' title='bbox 1295 645 1471 722; x_wconf 87' lang='lat' dir='ltr'>habendam,</span> 
     </span>
     <span class='ocr_line' id='line_1_5' title="bbox 262 725 1471 807; baseline -0.002 -19"><span class='ocrx_word' id='word_1_45' title='bbox 262 731 318 789; x_wconf 84' lang='lat' dir='ltr'>etsi</span> <span class='ocrx_word' id='word_1_46' title='bbox 348 730 421 788; x_wconf 89' lang='lat' dir='ltr'>forte</span> <span class='ocrx_word' id='word_1_47' title='bbox 441 739 540 807; x_wconf 89' lang='lat' dir='ltr'>posset</span> <span class='ocrx_word' id='word_1_48' title='bbox 560 729 668 788; x_wconf 85' lang='lat' dir='ltr'>haberi.</span> <span class='ocrx_word' id='word_1_49' title='bbox 711 733 739 788; x_wconf 87' lang='lat'>3.</span> <span class='ocrx_word' id='word_1_50' title='bbox 762 729 829 787; x_wconf 86' lang='lat' dir='ltr'>Non</span> <span class='ocrx_word' id='word_1_51' title='bbox 857 727 1002 804; x_wconf 86' lang='lat' dir='ltr'>expedire,</span> <span class='ocrx_word' id='word_1_52' title='bbox 1031 735 1065 784; x_wconf 90' lang='lat' dir='ltr'>ut</span> <span class='ocrx_word' id='word_1_53' title='bbox 1085 725 1228 784; x_wconf 88' lang='lat' dir='ltr'>ordinarie</span> <span class='ocrx_word' id='word_1_54' title='bbox 1247 725 1401 786; x_wconf 86' lang='lat' dir='ltr'>habeatur.</span> <span class='ocrx_word' id='word_1_55' title='bbox 1444 732 1471 786; x_wconf 79' lang='lat' dir='ltr'>t.</span> 
     </span>
     <span class='ocr_line' id='line_1_6' title="bbox 263 805 1473 887; baseline -0.002 -19"><span class='ocrx_word' id='word_1_56' title='bbox 263 809 372 887; x_wconf 91' lang='lat' dir='ltr'>Reipsa</span> <span class='ocrx_word' id='word_1_57' title='bbox 392 829 451 867; x_wconf 92' lang='lat' dir='ltr'>non</span> <span class='ocrx_word' id='word_1_58' title='bbox 472 809 579 884; x_wconf 88' lang='lat' dir='ltr'>baberi,</span> <span class='ocrx_word' id='word_1_59' title='bbox 602 809 658 867; x_wconf 91' lang='lat' dir='ltr'>nisi</span> <span class='ocrx_word' id='word_1_60' title='bbox 679 829 696 866; x_wconf 93' lang='lat' dir='ltr'>a</span> <span class='ocrx_word' id='word_1_61' title='bbox 717 809 825 886; x_wconf 78' lang='lat' dir='ltr'>paucis,</span> <span class='ocrx_word' id='word_1_62' title='bbox 847 807 952 885; x_wconf 88' lang='lat' dir='ltr'>quibus</span> <span class='ocrx_word' id='word_1_63' title='bbox 983 827 1001 863; x_wconf 93' lang='lat' dir='ltr'>a</span> <span class='ocrx_word' id='word_1_64' title='bbox 1028 806 1090 863; x_wconf 87' lang='lat' dir='ltr'>Deo</span> <span class='ocrx_word' id='word_1_65' title='bbox 1112 805 1276 882; x_wconf 74' lang='lat' dir='ltr'>specialiter</span> <span class='ocrx_word' id='word_1_66' title='bbox 1299 807 1473 882; x_wconf 87' lang='lat' dir='ltr'>justificatio</span> 
     </span>
     <span class='ocr_line' id='line_1_7' title="bbox 262 885 1472 967; baseline 0 -20"><span class='ocrx_word' id='word_1_67' title='bbox 262 891 378 967; x_wconf 86' lang='lat' dir='ltr'>propria</span> <span class='ocrx_word' id='word_1_68' title='bbox 398 890 551 950; x_wconf 88' lang='lat' dir='ltr'>revelatur.</span> <span class='ocrx_word' id='word_1_69' title='bbox 594 889 695 963; x_wconf 82' lang='lat' dir='ltr'>Quoad</span> <span class='ocrx_word' id='word_1_70' title='bbox 717 888 916 948; x_wconf 83' lang='lat' dir='ltr'>certitudinem</span> <span class='ocrx_word' id='word_1_71' title='bbox 939 887 1048 946; x_wconf 76' lang='lat' dir='ltr'>Gratias</span> <span class='ocrx_word' id='word_1_72' title='bbox 1063 885 1172 945; x_wconf 88' lang='lat' dir='ltr'>Concil.</span> <span class='ocrx_word' id='word_1_73' title='bbox 1194 885 1325 944; x_wconf 87' lang='lat' dir='ltr'>Trident.</span> <span class='ocrx_word' id='word_1_74' title='bbox 1349 887 1430 947; x_wconf 66' lang='lat' dir='ltr'>Sem.</span> <span class='ocrx_word' id='word_1_75' title='bbox 1446 892 1472 948; x_wconf 85' lang='grc'>6.</span> 
     </span>
     <span class='ocr_line' id='line_1_8' title="bbox 263 966 1473 1047; baseline -0.002 -17"><span class='ocrx_word' id='word_1_76' title='bbox 263 991 325 1047; x_wconf 88' lang='lat' dir='ltr'>cap.</span> <span class='ocrx_word' id='word_1_77' title='bbox 348 972 375 1046; x_wconf 83' lang='lat'>9,</span> <span class='ocrx_word' id='word_1_78' title='bbox 398 978 427 1030; x_wconf 91' lang='lat' dir='ltr'>et</span> <span class='ocrx_word' id='word_1_79' title='bbox 448 969 517 1028; x_wconf 83' lang='lat' dir='ltr'>Can.</span> <span class='ocrx_word' id='word_1_80' title='bbox 542 971 588 1042; x_wconf 86' lang='lat'>13,</span> <span class='ocrx_word' id='word_1_81' title='bbox 611 976 640 1027; x_wconf 92' lang='lat' dir='ltr'>et</span> <span class='ocrx_word' id='word_1_82' title='bbox 671 972 716 1044; x_wconf 83' lang='lat'>14,</span> <span class='ocrx_word' id='word_1_83' title='bbox 739 977 827 1046; x_wconf 90' lang='lat' dir='ltr'>negat</span> <span class='ocrx_word' id='word_1_84' title='bbox 859 970 1061 1045; x_wconf 87' lang='lat' dir='ltr'>“quemquem</span> <span class='ocrx_word' id='word_1_85' title='bbox 1091 966 1163 1024; x_wconf 90' lang='lat' dir='ltr'>scire</span> <span class='ocrx_word' id='word_1_86' title='bbox 1192 985 1277 1042; x_wconf 91' lang='lat' dir='ltr'>posse</span> <span class='ocrx_word' id='word_1_87' title='bbox 1299 968 1473 1027; x_wconf 89' lang='lat' dir='ltr'>certitudine</span> 
     </span>
     <span class='ocr_line' id='line_1_9' title="bbox 262 1046 1472 1126; baseline 0.001 -19"><span class='ocrx_word' id='word_1_88' title='bbox 262 1050 339 1125; x_wconf 89' lang='lat' dir='ltr'>fidei,</span> <span class='ocrx_word' id='word_1_89' title='bbox 362 1049 408 1110; x_wconf 90' lang='lat' dir='ltr'>cui</span> <span class='ocrx_word' id='word_1_90' title='bbox 429 1069 487 1107; x_wconf 92' lang='lat' dir='ltr'>non</span> <span class='ocrx_word' id='word_1_91' title='bbox 507 1049 599 1126; x_wconf 85' lang='lat' dir='ltr'>possit</span> <span class='ocrx_word' id='word_1_92' title='bbox 620 1050 739 1108; x_wconf 80' lang='lat' dir='ltr'>subesse</span> <span class='ocrx_word' id='word_1_93' title='bbox 759 1048 872 1120; x_wconf 86' lang='lat' dir='ltr'>falsum,</span> <span class='ocrx_word' id='word_1_94' title='bbox 895 1067 925 1107; x_wconf 90' lang='lat' dir='ltr'>se</span> <span class='ocrx_word' id='word_1_95' title='bbox 947 1047 1069 1126; x_wconf 85' lang='lat' dir='ltr'>gretiam</span> <span class='ocrx_word' id='word_1_96' title='bbox 1092 1046 1147 1104; x_wconf 92' lang='lat' dir='ltr'>Dei</span> <span class='ocrx_word' id='word_1_97' title='bbox 1168 1065 1231 1104; x_wconf 84' lang='lat' dir='ltr'>esse</span> <span class='ocrx_word' id='word_1_98' title='bbox 1252 1050 1472 1108; x_wconf 83' lang='lat' dir='ltr'>consecutum.⁷’</span> 
     </span>
     <span class='ocr_line' id='line_1_10' title="bbox 263 1126 1468 1206; baseline 0 -19"><span class='ocrx_word' id='word_1_99' title='bbox 263 1131 359 1206; x_wconf 88' lang='lat' dir='ltr'>Negat</span> <span class='ocrx_word' id='word_1_100' title='bbox 380 1139 510 1206; x_wconf 84' lang='lat' dir='ltr'>oportere</span> <span class='ocrx_word' id='word_1_101' title='bbox 534 1131 551 1161; x_wconf 87' lang='grc'>“</span> <span class='ocrx_word' id='word_1_102' title='bbox 563 1148 612 1188; x_wconf 90' lang='lat' dir='ltr'>eos</span> <span class='ocrx_word' id='word_1_103' title='bbox 633 1129 684 1206; x_wconf 92' lang='lat' dir='ltr'>qui</span> <span class='ocrx_word' id='word_1_104' title='bbox 703 1149 771 1189; x_wconf 85' lang='lat' dir='ltr'>vere</span> <span class='ocrx_word' id='word_1_105' title='bbox 788 1127 941 1206; x_wconf 87' lang='lat' dir='ltr'>justificati</span> <span class='ocrx_word' id='word_1_106' title='bbox 962 1135 1036 1198; x_wconf 89' lang='lat' dir='ltr'>sunt,</span> <span class='ocrx_word' id='word_1_107' title='bbox 1059 1127 1168 1204; x_wconf 89' lang='lat' dir='ltr'>absque</span> <span class='ocrx_word' id='word_1_108' title='bbox 1192 1126 1253 1185; x_wconf 87' lang='lat' dir='ltr'>ulla</span> <span class='ocrx_word' id='word_1_109' title='bbox 1274 1127 1393 1186; x_wconf 92' lang='lat' dir='ltr'>omnino</span> <span class='ocrx_word' id='word_1_110' title='bbox 1415 1129 1468 1188; x_wconf 92' lang='lat' dir='ltr'>du·</span> 
     </span>
     <span class='ocr_line' id='line_1_11' title="bbox 263 1207 1034 1287; baseline -0.001 -20"><span class='ocrx_word' id='word_1_111' title='bbox 263 1209 402 1268; x_wconf 84' lang='lat' dir='ltr'>bitatione</span> <span class='ocrx_word' id='word_1_112' title='bbox 417 1209 494 1286; x_wconf 93' lang='lat' dir='ltr'>apud</span> <span class='ocrx_word' id='word_1_113' title='bbox 509 1229 539 1267; x_wconf 89' lang='lat' dir='ltr'>se</span> <span class='ocrx_word' id='word_1_114' title='bbox 554 1217 688 1284; x_wconf 86' lang='lat' dir='ltr'>statuere,</span> <span class='ocrx_word' id='word_1_115' title='bbox 705 1229 735 1268; x_wconf 89' lang='lat' dir='ltr'>se</span> <span class='ocrx_word' id='word_1_116' title='bbox 749 1229 813 1268; x_wconf 92' lang='lat' dir='ltr'>esse</span> <span class='ocrx_word' id='word_1_117' title='bbox 829 1207 1034 1287; x_wconf 87' lang='lat' dir='ltr'>justificatos.”</span> 
     </span>
    </p>

    <p class='ocr_par' dir='ltr' id='par_1_3' title="bbox 262 1285 1470 1608">
     <span class='ocr_line' id='line_1_12' title="bbox 304 1285 1470 1366; baseline 0.002 -20"><span class='ocrx_word' id='word_1_118' title='bbox 304 1289 364 1348; x_wconf 90' lang='grc' dir='ltr'><strong>ΙΙΙ.</strong></span> <span class='ocrx_word' id='word_1_119' title='bbox 387 1289 470 1348; x_wconf 83' lang='lat' dir='ltr'>Licet</span> <span class='ocrx_word' id='word_1_120' title='bbox 491 1310 561 1356; x_wconf 86' lang='lat' dir='ltr'>vero</span> <span class='ocrx_word' id='word_1_121' title='bbox 575 1289 611 1350; x_wconf 92' lang='lat' dir='ltr'>dc</span> <span class='ocrx_word' id='word_1_122' title='bbox 638 1289 787 1349; x_wconf 81' lang='lat' dir='ltr'>Sententia</span> <span class='ocrx_word' id='word_1_123' title='bbox 809 1289 926 1348; x_wconf 81' lang='lat' dir='ltr'>Decreti</span> <span class='ocrx_word' id='word_1_124' title='bbox 949 1286 1086 1365; x_wconf 84' lang='lat' dir='ltr'>Synodici</span> <span class='ocrx_word' id='word_1_125' title='bbox 1108 1285 1270 1364; x_wconf 84' lang='lat' dir='ltr'>disceptent</span> <span class='ocrx_word' id='word_1_126' title='bbox 1288 1287 1470 1366; x_wconf 82' lang='lat' dir='ltr'>Adversarii,</span> 
     </span>
     <span class='ocr_line' id='line_1_13' title="bbox 262 1366 1469 1447; baseline 0.002 -19"><span class='ocrx_word' id='word_1_127' title='bbox 262 1378 384 1446; x_wconf 88' lang='lat' dir='ltr'>utraque</span> <span class='ocrx_word' id='word_1_128' title='bbox 405 1369 640 1429; x_wconf 80' lang='lat' dir='ltr'>contendentium</span> <span class='ocrx_word' id='word_1_129' title='bbox 661 1379 750 1447; x_wconf 86' lang='lat' dir='ltr'>parte,</span> <span class='ocrx_word' id='word_1_130' title='bbox 772 1377 831 1428; x_wconf 88' lang='lat' dir='ltr'>tam</span> <span class='ocrx_word' id='word_1_131' title='bbox 852 1388 952 1428; x_wconf 89' lang='lat' dir='ltr'>eorum</span> <span class='ocrx_word' id='word_1_132' title='bbox 972 1369 1023 1444; x_wconf 90' lang='lat' dir='ltr'>qui</span> <span class='ocrx_word' id='word_1_133' title='bbox 1036 1387 1088 1445; x_wconf 92' lang='lat' dir='ltr'>pro</span> <span class='ocrx_word' id='word_1_134' title='bbox 1103 1366 1274 1426; x_wconf 89' lang='lat' dir='ltr'>certitudine</span> <span class='ocrx_word' id='word_1_135' title='bbox 1288 1369 1469 1444; x_wconf 82' lang='lat' dir='ltr'>pugnabant,</span> 
     </span>
     <span class='ocr_line' id='line_1_14' title="bbox 262 1447 1470 1527; baseline 0 -19"><span class='ocrx_word' id='word_1_136' title='bbox 262 1450 363 1527; x_wconf 90' lang='lat' dir='ltr'>quales</span> <span class='ocrx_word' id='word_1_137' title='bbox 385 1458 466 1508; x_wconf 90' lang='lat' dir='ltr'>erant</span> <span class='ocrx_word' id='word_1_138' title='bbox 489 1451 644 1510; x_wconf 74' lang='lat' dir='ltr'>Catara&#39;nus</span> <span class='ocrx_word' id='word_1_139' title='bbox 665 1459 694 1508; x_wconf 88' lang='lat' dir='ltr'>et</span> <span class='ocrx_word' id='word_1_140' title='bbox 714 1451 892 1524; x_wconf 83' lang='lat' dir='ltr'>Marinarus,</span> <span class='ocrx_word' id='word_1_141' title='bbox 915 1468 1002 1526; x_wconf 88' lang='lat' dir='ltr'>quam</span> <span class='ocrx_word' id='word_1_142' title='bbox 1023 1467 1121 1507; x_wconf 91' lang='lat' dir='ltr'>eorum</span> <span class='ocrx_word' id='word_1_143' title='bbox 1143 1447 1193 1524; x_wconf 90' lang='lat' dir='ltr'>qui</span> <span class='ocrx_word' id='word_1_144' title='bbox 1213 1447 1406 1508; x_wconf 86' lang='lat' dir='ltr'>intolerabilis</span> <span class='ocrx_word' id='word_1_145' title='bbox 1426 1470 1470 1508; x_wconf 85' lang='lat' dir='ltr'>ar·</span> 
     </span>
     <span class='ocr_line' id='line_1_15' title="bbox 262 1527 1469 1608; baseline 0.001 -21"><span class='ocrx_word' id='word_1_146' title='bbox 262 1531 402 1608; x_wconf 75' lang='lat' dir='ltr'>rogantia.</span> <span class='ocrx_word' id='word_1_147' title='bbox 411 1531 570 1608; x_wconf 77' lang='lat' dir='ltr'>arguebant</span> <span class='ocrx_word' id='word_1_148' title='bbox 580 1538 783 1607; x_wconf 68' lang='lat' dir='ltr'>presumptum</span> <span class='ocrx_word' id='word_1_149' title='bbox 795 1528 830 1588; x_wconf 90' lang='lat' dir='ltr'>de</span> <span class='ocrx_word' id='word_1_150' title='bbox 845 1528 1016 1588; x_wconf 85' lang='lat' dir='ltr'>certitudine</span> <span class='ocrx_word' id='word_1_151' title='bbox 1031 1528 1132 1606; x_wconf 80' lang='lat' dir='ltr'>gratiae</span> <span class='ocrx_word' id='word_1_152' title='bbox 1143 1527 1315 1604; x_wconf 85' lang='lat' dir='ltr'>opinionem,</span> <span class='ocrx_word' id='word_1_153' title='bbox 1338 1529 1377 1586; x_wconf 91' lang='lat' dir='ltr'>ad</span> <span class='ocrx_word' id='word_1_154' title='bbox 1390 1549 1469 1588; x_wconf 92' lang='lat' dir='ltr'>men-</span> 
     </span>
    </p>
   </div>
   <div class='ocr_carea' id='block_1_3' title="bbox 263 1607 1562 1768">
    <p class='ocr_par' dir='ltr' id='par_1_4' title="bbox 263 1607 1562 1768">
     <span class='ocr_line' id='line_1_16' title="bbox 263 1607 1562 1686; baseline -0.003 -16"><span class='ocrx_word' id='word_1_155' title='bbox 263 1620 321 1670; x_wconf 89' lang='lat' dir='ltr'>tem</span> <span class='ocrx_word' id='word_1_156' title='bbox 343 1631 424 1670; x_wconf 86' lang='lat' dir='ltr'>suam</span> <span class='ocrx_word' id='word_1_157' title='bbox 445 1631 561 1670; x_wconf 88' lang='lat' dir='ltr'>sensnm</span> <span class='ocrx_word' id='word_1_158' title='bbox 583 1610 703 1670; x_wconf 77' lang='lat' dir='ltr'>Concilii</span> <span class='ocrx_word' id='word_1_159' title='bbox 717 1609 883 1669; x_wconf 85' lang='lat' dir='ltr'>versatilem</span> <span class='ocrx_word' id='word_1_160' title='bbox 897 1608 1037 1683; x_wconf 86' lang='lat' dir='ltr'>trahente,</span> <span class='ocrx_word' id='word_1_161' title='bbox 1053 1607 1205 1667; x_wconf 83' lang='lat' dir='ltr'>attactum</span> <span class='ocrx_word' id='word_1_162' title='bbox 1221 1609 1319 1667; x_wconf 67' lang='lat' dir='ltr'>asoto</span> <span class='ocrx_word' id='word_1_163' title='bbox 1335 1619 1364 1668; x_wconf 89' lang='lat' dir='ltr'>et</span> <span class='ocrx_word' id='word_1_164' title='bbox 1383 1611 1467 1686; x_wconf 75' lang='lat' dir='ltr'>Vepa,</span> <span class='ocrx_word' id='word_1_165' title='bbox 1561 1653 1562 1672; x_wconf 74' lang='lat'>,</span> 
     </span>
     <span class='ocr_line' id='line_1_17' title="bbox 263 1688 1562 1768; baseline -0.002 -18"><span class='ocrx_word' id='word_1_166' title='bbox 263 1691 314 1768; x_wconf 91' lang='lat' dir='ltr'>qui</span> <span class='ocrx_word' id='word_1_167' title='bbox 335 1700 455 1768; x_wconf 89' lang='lat' dir='ltr'>uterque</span> <span class='ocrx_word' id='word_1_168' title='bbox 478 1691 597 1768; x_wconf 85' lang='lat' dir='ltr'>Synodo</span> <span class='ocrx_word' id='word_1_169' title='bbox 617 1689 755 1766; x_wconf 86' lang='lat' dir='ltr'>interfuit,</span> <span class='ocrx_word' id='word_1_170' title='bbox 778 1699 807 1750; x_wconf 89' lang='lat' dir='ltr'>et</span> <span class='ocrx_word' id='word_1_171' title='bbox 827 1689 878 1767; x_wconf 90' lang='lat' dir='ltr'>qui</span> <span class='ocrx_word' id='word_1_172' title='bbox 898 1688 1094 1768; x_wconf 86' lang='lat' dir='ltr'>discrepantes</span> <span class='ocrx_word' id='word_1_173' title='bbox 1109 1688 1266 1747; x_wconf 89' lang='lat' dir='ltr'>sententias</span> <span class='ocrx_word' id='word_1_174' title='bbox 1287 1707 1325 1747; x_wconf 85' lang='lat' dir='ltr'>ex</span> <span class='ocrx_word' id='word_1_175' title='bbox 1341 1689 1468 1748; x_wconf 88' lang='lat' dir='ltr'>Concilio</span> <span class='ocrx_word' id='word_1_176' title='bbox 1561 1757 1562 1760; x_wconf 8' lang='grc' dir='ltr'><strong>Ἴ</strong></span> 
     </span>
    </p>
   </div>
   <div class='ocr_carea' id='block_1_4' title="bbox 222 1768 1467 2406">
    <p class='ocr_par' dir='ltr' id='par_1_5' title="bbox 222 1768 1467 2406">
     <span class='ocr_line' id='line_1_18' title="bbox 261 1768 1467 1847; baseline 0 -19"><span class='ocrx_word' id='word_1_177' title='bbox 261 1771 382 1847; x_wconf 89' lang='lat' dir='ltr'>probare</span> <span class='ocrx_word' id='word_1_178' title='bbox 398 1771 522 1847; x_wconf 78' lang='lat' dir='ltr'>satagit3</span> <span class='ocrx_word' id='word_1_179' title='bbox 546 1771 662 1830; x_wconf 87' lang='lat' dir='ltr'>Certum</span> <span class='ocrx_word' id='word_1_180' title='bbox 684 1779 781 1830; x_wconf 89' lang='lat' dir='ltr'>tamen</span> <span class='ocrx_word' id='word_1_181' title='bbox 803 1769 1026 1830; x_wconf 79' lang='lat' dir='ltr'>communiorem</span> <span class='ocrx_word' id='word_1_182' title='bbox 1046 1770 1122 1828; x_wconf 89' lang='lat' dir='ltr'>inter</span> <span class='ocrx_word' id='word_1_183' title='bbox 1144 1768 1311 1828; x_wconf 86' lang='lat' dir='ltr'>Pontificios</span> <span class='ocrx_word' id='word_1_184' title='bbox 1326 1789 1389 1828; x_wconf 85' lang='lat' dir='ltr'>esse</span> <span class='ocrx_word' id='word_1_185' title='bbox 1404 1789 1467 1828; x_wconf 89' lang='lat' dir='ltr'>sen·</span> 
     </span>
     <span class='ocr_line' id='line_1_19' title="bbox 264 1848 1466 1928; baseline -0.001 -19"><span class='ocrx_word' id='word_1_186' title='bbox 264 1851 384 1909; x_wconf 90' lang='lat' dir='ltr'>tentiam</span> <span class='ocrx_word' id='word_1_187' title='bbox 405 1851 441 1909; x_wconf 91' lang='lat' dir='ltr'>de</span> <span class='ocrx_word' id='word_1_188' title='bbox 462 1850 673 1926; x_wconf 88' lang='lat' dir='ltr'>incertitudine,</span> <span class='ocrx_word' id='word_1_189' title='bbox 689 1851 832 1928; x_wconf 85' lang='lat' dir='ltr'>praecipuc</span> <span class='ocrx_word' id='word_1_190' title='bbox 853 1869 923 1908; x_wconf 84' lang='lat' dir='ltr'>vero</span> <span class='ocrx_word' id='word_1_191' title='bbox 944 1849 1019 1908; x_wconf 88' lang='lat' dir='ltr'>inter</span> <span class='ocrx_word' id='word_1_192' title='bbox 1039 1848 1178 1924; x_wconf 88' lang='lat' dir='ltr'>Jesuitas,</span> <span class='ocrx_word' id='word_1_193' title='bbox 1194 1849 1242 1924; x_wconf 87' lang='lat' dir='ltr'>qui</span> <span class='ocrx_word' id='word_1_194' title='bbox 1258 1848 1364 1908; x_wconf 90' lang='lat' dir='ltr'>docent</span> <span class='ocrx_word' id='word_1_195' title='bbox 1379 1851 1466 1908; x_wconf 91' lang='lat' dir='ltr'>nemi·</span> 
     </span>
     <span class='ocr_line' id='line_1_20' title="bbox 222 1929 1466 2008; baseline 0 -20"><span class='ocrx_word' id='word_1_196' title='bbox 222 1999 226 2008; x_wconf 40' lang='grc' dir='ltr'>Ι</span> <span class='ocrx_word' id='word_1_197' title='bbox 262 1950 329 1988; x_wconf 83' lang='grc' dir='ltr'>ιιειιι</span> <span class='ocrx_word' id='word_1_198' title='bbox 351 1931 412 1989; x_wconf 87' lang='lat' dir='ltr'>sine</span> <span class='ocrx_word' id='word_1_199' title='bbox 434 1931 553 2008; x_wconf 88' lang='lat' dir='ltr'>speciali</span> <span class='ocrx_word' id='word_1_200' title='bbox 573 1931 749 1990; x_wconf 87' lang='lat' dir='ltr'>revelatione</span> <span class='ocrx_word' id='word_1_201' title='bbox 769 1949 854 2008; x_wconf 86' lang='lat' dir='ltr'>posse</span> <span class='ocrx_word' id='word_1_202' title='bbox 875 1937 985 1989; x_wconf 84' lang='lat' dir='ltr'>certum</span> <span class='ocrx_word' id='word_1_203' title='bbox 1006 1949 1069 1987; x_wconf 88' lang='lat' dir='ltr'>esse</span> <span class='ocrx_word' id='word_1_204' title='bbox 1084 1929 1254 1987; x_wconf 89' lang='lat' dir='ltr'>certitudine</span> <span class='ocrx_word' id='word_1_205' title='bbox 1269 1929 1338 1987; x_wconf 90' lang='lat' dir='ltr'>fidei</span> <span class='ocrx_word' id='word_1_206' title='bbox 1352 1929 1466 2001; x_wconf 75' lang='lat' dir='ltr'>divinae,</span> 
     </span>
     <span class='ocr_line' id='line_1_21' title="bbox 261 2009 1465 2088; baseline 0 -20"><span class='ocrx_word' id='word_1_207' title='bbox 261 2011 317 2069; x_wconf 92' lang='lat' dir='ltr'>sibi</span> <span class='ocrx_word' id='word_1_208' title='bbox 337 2010 458 2070; x_wconf 88' lang='lat' dir='ltr'>remissa</span> <span class='ocrx_word' id='word_1_209' title='bbox 478 2029 541 2070; x_wconf 89' lang='lat' dir='ltr'>esse</span> <span class='ocrx_word' id='word_1_210' title='bbox 572 2019 698 2088; x_wconf 89' lang='lat' dir='ltr'>peccata,</span> <span class='ocrx_word' id='word_1_211' title='bbox 721 2011 790 2088; x_wconf 89' lang='lat' dir='ltr'>quia</span> <span class='ocrx_word' id='word_1_212' title='bbox 810 2018 948 2088; x_wconf 90' lang='lat' dir='ltr'>perpetuo</span> <span class='ocrx_word' id='word_1_213' title='bbox 978 2017 1143 2086; x_wconf 90' lang='lat' dir='ltr'>supponunt</span> <span class='ocrx_word' id='word_1_214' title='bbox 1163 2009 1366 2068; x_wconf 87' lang='lat' dir='ltr'>certitudinem</span> <span class='ocrx_word' id='word_1_215' title='bbox 1393 2011 1465 2068; x_wconf 88' lang='lat' dir='ltr'>hanc</span> 
     </span>
     <span class='ocr_line' id='line_1_22' title="bbox 261 2089 1464 2168; baseline 0.002 -22"><span class='ocrx_word' id='word_1_216' title='bbox 261 2090 315 2149; x_wconf 90' lang='lat' dir='ltr'>niti</span> <span class='ocrx_word' id='word_1_217' title='bbox 336 2091 451 2167; x_wconf 86' lang='lat' dir='ltr'>propria</span> <span class='ocrx_word' id='word_1_218' title='bbox 471 2091 668 2168; x_wconf 86' lang='lat' dir='ltr'>dispositione,</span> <span class='ocrx_word' id='word_1_219' title='bbox 692 2111 743 2150; x_wconf 85' lang='lat' dir='ltr'>seu</span> <span class='ocrx_word' id='word_1_220' title='bbox 763 2100 796 2151; x_wconf 92' lang='lat' dir='ltr'>ut</span> <span class='ocrx_word' id='word_1_221' title='bbox 816 2091 945 2168; x_wconf 90' lang='lat' dir='ltr'>loquitur</span> <span class='ocrx_word' id='word_1_222' title='bbox 969 2089 1138 2164; x_wconf 87' lang='lat' dir='ltr'>Concilium,</span> <span class='ocrx_word' id='word_1_223' title='bbox 1165 2089 1280 2166; x_wconf 88' lang='lat' dir='ltr'>propria</span> <span class='ocrx_word' id='word_1_224' title='bbox 1300 2090 1464 2149; x_wconf 87' lang='lat' dir='ltr'>infirmitate</span> 
     </span>
     <span class='ocr_line' id='line_1_23' title="bbox 260 2169 1465 2247; baseline 0.001 -19"><span class='ocrx_word' id='word_1_225' title='bbox 260 2180 289 2230; x_wconf 91' lang='grc' dir='ltr'>ει</span> <span class='ocrx_word' id='word_1_226' title='bbox 310 2171 537 2247; x_wconf 89' lang='lat' dir='ltr'>indispositione.</span> <span class='ocrx_word' id='word_1_227' title='bbox 582 2171 667 2231; x_wconf 90' lang='lat' dir='ltr'>Unde</span> <span class='ocrx_word' id='word_1_228' title='bbox 697 2170 872 2230; x_wconf 89' lang='lat' dir='ltr'>concludunt</span> <span class='ocrx_word' id='word_1_229' title='bbox 893 2169 1093 2228; x_wconf 87' lang='lat' dir='ltr'>certitudinem</span> <span class='ocrx_word' id='word_1_230' title='bbox 1118 2169 1335 2246; x_wconf 88' lang='lat' dir='ltr'>justificationis</span> <span class='ocrx_word' id='word_1_231' title='bbox 1356 2179 1465 2229; x_wconf 86' lang='lat' dir='ltr'>tanturn</span> 
     </span>
     <span class='ocr_line' id='line_1_24' title="bbox 260 2249 1464 2328; baseline 0.002 -22"><span class='ocrx_word' id='word_1_232' title='bbox 260 2269 323 2308; x_wconf 86' lang='lat' dir='ltr'>csse</span> <span class='ocrx_word' id='word_1_233' title='bbox 338 2251 569 2326; x_wconf 89' lang='lat' dir='ltr'>conjecturalem,</span> <span class='ocrx_word' id='word_1_234' title='bbox 586 2252 768 2328; x_wconf 89' lang='lat' dir='ltr'>opinabilem,</span> <span class='ocrx_word' id='word_1_235' title='bbox 792 2251 932 2325; x_wconf 83' lang='lat' dir='ltr'>fallacem,</span> <span class='ocrx_word' id='word_1_236' title='bbox 953 2251 1008 2308; x_wconf 92' lang='lat' dir='ltr'>hoc</span> <span class='ocrx_word' id='word_1_237' title='bbox 1030 2259 1074 2308; x_wconf 88' lang='lat' dir='ltr'>est</span> <span class='ocrx_word' id='word_1_238' title='bbox 1095 2269 1196 2308; x_wconf 84' lang='lat' dir='ltr'>revera</span> <span class='ocrx_word' id='word_1_239' title='bbox 1216 2249 1336 2310; x_wconf 87' lang='lat' dir='ltr'>nullam.</span> <span class='ocrx_word' id='word_1_240' title='bbox 1375 2250 1464 2308; x_wconf 84' lang='lat' dir='ltr'>Nimi-</span> 
     </span>
     <span class='ocr_line' id='line_1_25' title="bbox 261 2329 1465 2406; baseline 0.003 -22"><span class='ocrx_word' id='word_1_241' title='bbox 261 2347 324 2385; x_wconf 89' lang='lat' dir='ltr'>rum</span> <span class='ocrx_word' id='word_1_242' title='bbox 344 2329 529 2404; x_wconf 89' lang='lat' dir='ltr'>distinguunt</span> <span class='ocrx_word' id='word_1_243' title='bbox 544 2330 745 2390; x_wconf 87' lang='lat' dir='ltr'>certitudinem</span> <span class='ocrx_word' id='word_1_244' title='bbox 759 2331 836 2406; x_wconf 90' lang='lat' dir='ltr'>fidei,</span> <span class='ocrx_word' id='word_1_245' title='bbox 853 2339 882 2390; x_wconf 91' lang='lat' dir='ltr'>et</span> <span class='ocrx_word' id='word_1_246' title='bbox 896 2329 1096 2390; x_wconf 89' lang='lat' dir='ltr'>certitudinem</span> <span class='ocrx_word' id='word_1_247' title='bbox 1112 2329 1173 2406; x_wconf 91' lang='lat' dir='ltr'>spei</span> <span class='ocrx_word' id='word_1_248' title='bbox 1187 2350 1238 2388; x_wconf 93' lang='lat' dir='ltr'>seu</span> <span class='ocrx_word' id='word_1_249' title='bbox 1252 2329 1375 2388; x_wconf 83' lang='lat' dir='ltr'>fiducias.</span> <span class='ocrx_word' id='word_1_250' title='bbox 1398 2331 1465 2390; x_wconf 80' lang='lat' dir='ltr'>Cer·</span> 
     </span>
    </p>
   </div>
   <div class='ocr_carea' id='block_1_5' title="bbox 261 2407 1563 2487">
    <p class='ocr_par' dir='ltr' id='par_1_6' title="bbox 261 2407 1563 2487">
     <span class='ocr_line' id='line_1_26' title="bbox 261 2407 1563 2487; baseline 0.004 -23"><span class='ocrx_word' id='word_1_251' title='bbox 261 2407 349 2464; x_wconf 82' lang='lat' dir='ltr'>titudo</span> <span class='ocrx_word' id='word_1_252' title='bbox 361 2408 436 2485; x_wconf 81' lang='lat' dir='ltr'>fidei</span> <span class='ocrx_word' id='word_1_253' title='bbox 454 2408 513 2465; x_wconf 91' lang='lat' dir='ltr'>illis</span> <span class='ocrx_word' id='word_1_254' title='bbox 534 2409 647 2484; x_wconf 89' lang='lat' dir='ltr'>dicitur,</span> <span class='ocrx_word' id='word_1_255' title='bbox 670 2429 735 2487; x_wconf 87' lang='lat' dir='ltr'>quae</span> <span class='ocrx_word' id='word_1_256' title='bbox 756 2431 774 2467; x_wconf 90' lang='lat' dir='ltr'>a</span> <span class='ocrx_word' id='word_1_257' title='bbox 795 2410 856 2468; x_wconf 87' lang='lat' dir='ltr'>sola</span> <span class='ocrx_word' id='word_1_258' title='bbox 879 2411 936 2470; x_wconf 90' lang='lat' dir='ltr'>Dei</span> <span class='ocrx_word' id='word_1_259' title='bbox 950 2410 1057 2486; x_wconf 89' lang='lat' dir='ltr'>Verbo,</span> <span class='ocrx_word' id='word_1_260' title='bbox 1080 2417 1109 2469; x_wconf 90' lang='lat' dir='ltr'>et</span> <span class='ocrx_word' id='word_1_261' title='bbox 1130 2410 1192 2468; x_wconf 89' lang='lat' dir='ltr'>sola</span> <span class='ocrx_word' id='word_1_262' title='bbox 1206 2410 1262 2468; x_wconf 90' lang='lat' dir='ltr'>Dei</span> <span class='ocrx_word' id='word_1_263' title='bbox 1276 2411 1465 2486; x_wconf 87' lang='lat' dir='ltr'>promissione</span> <span class='ocrx_word' id='word_1_264' title='bbox 1562 2427 1563 2484; x_wconf 76' lang='grc' dir='ltr'>ι</span> 
     </span>
    </p>
   </div>
   <div class='ocr_carea' id='block_1_6' title="bbox 259 2485 1464 2567">
    <p class='ocr_par' dir='ltr' id='par_1_7' title="bbox 259 2485 1464 2567">
     <span class='ocr_line' id='line_1_27' title="bbox 259 2485 1464 2567; baseline 0.006 -24"><span class='ocrx_word' id='word_1_265' title='bbox 259 2485 373 2562; x_wconf 91' lang='lat' dir='ltr'>pendet,</span> <span class='ocrx_word' id='word_1_266' title='bbox 402 2507 455 2546; x_wconf 91' lang='lat' dir='ltr'>nce</span> <span class='ocrx_word' id='word_1_267' title='bbox 475 2486 535 2545; x_wconf 92' lang='lat' dir='ltr'>ullo</span> <span class='ocrx_word' id='word_1_268' title='bbox 549 2488 607 2546; x_wconf 88' lang='lat' dir='ltr'>alio</span> <span class='ocrx_word' id='word_1_269' title='bbox 621 2488 808 2548; x_wconf 89' lang='lat' dir='ltr'>fundamento</span> <span class='ocrx_word' id='word_1_270' title='bbox 828 2490 937 2549; x_wconf 91' lang='lat' dir='ltr'>nititur.</span> <span class='ocrx_word' id='word_1_271' title='bbox 982 2489 1109 2567; x_wconf 89' lang='lat' dir='ltr'>Ideoque</span> <span class='ocrx_word' id='word_1_272' title='bbox 1131 2509 1168 2548; x_wconf 85' lang='lat' dir='ltr'>cx</span> <span class='ocrx_word' id='word_1_273' title='bbox 1189 2510 1241 2548; x_wconf 90' lang='lat' dir='ltr'>suo</span> <span class='ocrx_word' id='word_1_274' title='bbox 1262 2511 1369 2566; x_wconf 86' lang='lat' dir='ltr'>genere</span> <span class='ocrx_word' id='word_1_275' title='bbox 1384 2491 1464 2550; x_wconf 87' lang='lat' dir='ltr'>abso·</span> 
     </span>
    </p>
   </div>
   <div class='ocr_carea' id='block_1_7' title="bbox 258 2565 1564 2644">
    <p class='ocr_par' dir='ltr' id='par_1_8' title="bbox 258 2565 1564 2644">
     <span class='ocr_line' id='line_1_28' title="bbox 258 2565 1564 2644; baseline 0.004 -20"><span class='ocrx_word' id='word_1_276' title='bbox 258 2565 320 2624; x_wconf 89' lang='lat' dir='ltr'>luta</span> <span class='ocrx_word' id='word_1_277' title='bbox 341 2575 385 2626; x_wconf 90' lang='lat' dir='ltr'>est</span> <span class='ocrx_word' id='word_1_278' title='bbox 406 2575 435 2626; x_wconf 92' lang='lat' dir='ltr'>et</span> <span class='ocrx_word' id='word_1_279' title='bbox 456 2566 624 2644; x_wconf 80' lang='lat' dir='ltr'>infallibilis,</span> <span class='ocrx_word' id='word_1_280' title='bbox 647 2575 676 2627; x_wconf 90' lang='lat' dir='ltr'>ot</span> <span class='ocrx_word' id='word_1_281' title='bbox 697 2589 810 2628; x_wconf 92' lang='lat' dir='ltr'>omnem</span> <span class='ocrx_word' id='word_1_282' title='bbox 831 2589 890 2628; x_wconf 93' lang='lat' dir='ltr'>non</span> <span class='ocrx_word' id='word_1_283' title='bbox 910 2570 997 2630; x_wconf 92' lang='lat' dir='ltr'>modo</span> <span class='ocrx_word' id='word_1_284' title='bbox 1025 2569 1242 2644; x_wconf 89' lang='lat' dir='ltr'>dubitationem,</span> <span class='ocrx_word' id='word_1_285' title='bbox 1265 2569 1318 2629; x_wconf 88' lang='lat' dir='ltr'>sed</span> <span class='ocrx_word' id='word_1_286' title='bbox 1338 2570 1465 2630; x_wconf 84' lang='lat' dir='ltr'>formidi-</span> <span class='ocrx_word' id='word_1_287' title='bbox 1563 2586 1564 2606; x_wconf 55' lang='grc' dir='ltr'>ι</span> 
     </span>
    </p>
   </div>
   <div class='ocr_carea' id='block_1_8' title="bbox 250 2647 1467 4725">
    <p class='ocr_par' dir='ltr' id='par_1_9' title="bbox 250 2647 1467 4242">
     <span class='ocr_line' id='line_1_29' title="bbox 257 2647 1465 2727; baseline 0.004 -23"><span class='ocrx_word' id='word_1_288' title='bbox 257 2665 323 2706; x_wconf 89' lang='lat' dir='ltr'>nem</span> <span class='ocrx_word' id='word_1_289' title='bbox 345 2647 431 2706; x_wconf 87' lang='lat' dir='ltr'>etiam</span> <span class='ocrx_word' id='word_1_290' title='bbox 453 2647 590 2708; x_wconf 86' lang='lat' dir='ltr'>excludit.</span> <span class='ocrx_word' id='word_1_291' title='bbox 635 2649 780 2709; x_wconf 71' lang='lat' dir='ltr'>certitudo</span> <span class='ocrx_word' id='word_1_292' title='bbox 793 2669 863 2708; x_wconf 87' lang='lat' dir='ltr'>vero</span> <span class='ocrx_word' id='word_1_293' title='bbox 877 2652 938 2726; x_wconf 82' lang='lat' dir='ltr'>spei</span> <span class='ocrx_word' id='word_1_294' title='bbox 957 2670 1009 2709; x_wconf 89' lang='lat' dir='ltr'>seu</span> <span class='ocrx_word' id='word_1_295' title='bbox 1028 2650 1142 2709; x_wconf 77' lang='lat' dir='ltr'>fiduciae</span> <span class='ocrx_word' id='word_1_296' title='bbox 1156 2650 1264 2727; x_wconf 91' lang='lat' dir='ltr'>duplici</span> <span class='ocrx_word' id='word_1_297' title='bbox 1279 2650 1465 2709; x_wconf 85' lang='lat' dir='ltr'>fundamento</span> 
     </span>
     <span class='ocr_line' id='line_1_30' title="bbox 258 2727 1465 2808; baseline 0.003 -24"><span class='ocrx_word' id='word_1_298' title='bbox 258 2727 368 2804; x_wconf 89' lang='lat' dir='ltr'>nititur,</span> <span class='ocrx_word' id='word_1_299' title='bbox 391 2729 494 2806; x_wconf 88' lang='lat' dir='ltr'>partim</span> <span class='ocrx_word' id='word_1_300' title='bbox 517 2729 616 2788; x_wconf 91' lang='lat' dir='ltr'>divina</span> <span class='ocrx_word' id='word_1_301' title='bbox 636 2729 825 2806; x_wconf 89' lang='lat' dir='ltr'>promissione</span> <span class='ocrx_word' id='word_1_302' title='bbox 847 2751 865 2788; x_wconf 91' lang='lat' dir='ltr'>a</span> <span class='ocrx_word' id='word_1_303' title='bbox 884 2738 965 2807; x_wconf 86' lang='lat' dir='ltr'>parte</span> <span class='ocrx_word' id='word_1_304' title='bbox 988 2731 1052 2806; x_wconf 88' lang='lat' dir='ltr'>Dei,</span> <span class='ocrx_word' id='word_1_305' title='bbox 1074 2730 1178 2807; x_wconf 88' lang='lat' dir='ltr'>partim</span> <span class='ocrx_word' id='word_1_306' title='bbox 1199 2731 1314 2807; x_wconf 85' lang='lat' dir='ltr'>propria</span> <span class='ocrx_word' id='word_1_307' title='bbox 1342 2730 1465 2808; x_wconf 89' lang='lat' dir='ltr'>disposi-</span> 
     </span>
     <span class='ocr_line' id='line_1_31' title="bbox 258 2807 1465 2889; baseline 0.002 -23"><span class='ocrx_word' id='word_1_308' title='bbox 258 2807 337 2866; x_wconf 90' lang='lat' dir='ltr'>tione</span> <span class='ocrx_word' id='word_1_309' title='bbox 358 2829 375 2866; x_wconf 91' lang='lat' dir='ltr'>a</span> <span class='ocrx_word' id='word_1_310' title='bbox 394 2819 475 2886; x_wconf 89' lang='lat' dir='ltr'>parte</span> <span class='ocrx_word' id='word_1_311' title='bbox 496 2809 630 2886; x_wconf 90' lang='lat' dir='ltr'>hominis,</span> <span class='ocrx_word' id='word_1_312' title='bbox 653 2830 711 2886; x_wconf 91' lang='lat' dir='ltr'>quo</span> <span class='ocrx_word' id='word_1_313' title='bbox 732 2819 864 2889; x_wconf 90' lang='lat' dir='ltr'>respectu</span> <span class='ocrx_word' id='word_1_314' title='bbox 886 2831 943 2868; x_wconf 92' lang='lat' dir='ltr'>non</span> <span class='ocrx_word' id='word_1_315' title='bbox 965 2809 1095 2870; x_wconf 83' lang='lat' dir='ltr'>excludit</span> <span class='ocrx_word' id='word_1_316' title='bbox 1125 2810 1240 2888; x_wconf 89' lang='lat' dir='ltr'>quidem</span> <span class='ocrx_word' id='word_1_317' title='bbox 1273 2810 1390 2888; x_wconf 90' lang='lat' dir='ltr'>penitus</span> <span class='ocrx_word' id='word_1_318' title='bbox 1409 2811 1465 2870; x_wconf 80' lang='lat' dir='ltr'>lor·</span> 
     </span>
     <span class='ocr_line' id='line_1_32' title="bbox 259 2887 1467 2968; baseline 0.005 -24"><span class='ocrx_word' id='word_1_319' title='bbox 259 2887 405 2964; x_wconf 83' lang='lat' dir='ltr'>midinein,</span> <span class='ocrx_word' id='word_1_320' title='bbox 429 2909 521 2966; x_wconf 91' lang='lat' dir='ltr'>neque</span> <span class='ocrx_word' id='word_1_321' title='bbox 543 2898 587 2949; x_wconf 88' lang='lat' dir='ltr'>est</span> <span class='ocrx_word' id='word_1_322' title='bbox 609 2889 750 2950; x_wconf 88' lang='lat' dir='ltr'>certitudo</span> <span class='ocrx_word' id='word_1_323' title='bbox 772 2891 947 2968; x_wconf 90' lang='lat' dir='ltr'>simpliciter,</span> <span class='ocrx_word' id='word_1_324' title='bbox 971 2890 1022 2948; x_wconf 91' lang='lat' dir='ltr'>sed</span> <span class='ocrx_word' id='word_1_325' title='bbox 1044 2891 1200 2950; x_wconf 92' lang='lat' dir='ltr'>secundum</span> <span class='ocrx_word' id='word_1_326' title='bbox 1215 2889 1294 2966; x_wconf 89' lang='lat' dir='ltr'>quid,</span> <span class='ocrx_word' id='word_1_327' title='bbox 1310 2899 1340 2949; x_wconf 90' lang='lat' dir='ltr'>et</span> <span class='ocrx_word' id='word_1_328' title='bbox 1355 2892 1467 2968; x_wconf 83' lang='lat' dir='ltr'>conjec-</span> 
     </span>
     <span class='ocr_line' id='line_1_33' title="bbox 259 2968 1466 3048; baseline 0.004 -23"><span class='ocrx_word' id='word_1_329' title='bbox 259 2968 369 3044; x_wconf 88' lang='lat' dir='ltr'>turalis,</span> <span class='ocrx_word' id='word_1_330' title='bbox 402 2977 544 3045; x_wconf 87' lang='lat' dir='ltr'>quatenus</span> <span class='ocrx_word' id='word_1_331' title='bbox 575 2968 680 3047; x_wconf 91' lang='lat' dir='ltr'>aliquis</span> <span class='ocrx_word' id='word_1_332' title='bbox 710 2971 834 3048; x_wconf 84' lang='lat' dir='ltr'>seipsum</span> <span class='ocrx_word' id='word_1_333' title='bbox 868 2970 968 3029; x_wconf 92' lang='lat' dir='ltr'>sedulo</span> <span class='ocrx_word' id='word_1_334' title='bbox 990 2970 1164 3029; x_wconf 86' lang='lat' dir='ltr'>excutiendo</span> <span class='ocrx_word' id='word_1_335' title='bbox 1185 2970 1298 3047; x_wconf 88' lang='lat' dir='ltr'>colligit</span> <span class='ocrx_word' id='word_1_336' title='bbox 1318 2991 1357 3028; x_wconf 87' lang='lat' dir='ltr'>ex</span> <span class='ocrx_word' id='word_1_337' title='bbox 1378 2972 1466 3030; x_wconf 88' lang='lat' dir='ltr'>variis</span> 
     </span>
     <span class='ocr_line' id='line_1_34' title="bbox 259 3047 1467 3127; baseline 0.006 -23"><span class='ocrx_word' id='word_1_338' title='bbox 259 3047 351 3124; x_wconf 88' lang='lat' dir='ltr'>signis</span> <span class='ocrx_word' id='word_1_339' title='bbox 371 3056 400 3106; x_wconf 89' lang='lat' dir='ltr'>et</span> <span class='ocrx_word' id='word_1_340' title='bbox 421 3049 509 3107; x_wconf 90' lang='lat' dir='ltr'>animi</span> <span class='ocrx_word' id='word_1_341' title='bbox 530 3050 664 3124; x_wconf 89' lang='lat' dir='ltr'>motibus,</span> <span class='ocrx_word' id='word_1_342' title='bbox 687 3069 718 3109; x_wconf 93' lang='lat' dir='ltr'>se</span> <span class='ocrx_word' id='word_1_343' title='bbox 739 3071 808 3109; x_wconf 86' lang='lat' dir='ltr'>vere</span> <span class='ocrx_word' id='word_1_344' title='bbox 828 3058 1010 3127; x_wconf 88' lang='lat' dir='ltr'>peccatorum</span> <span class='ocrx_word' id='word_1_345' title='bbox 1031 3050 1200 3127; x_wconf 89' lang='lat' dir='ltr'>poenitentia</span> <span class='ocrx_word' id='word_1_346' title='bbox 1221 3049 1297 3126; x_wconf 91' lang='lat' dir='ltr'>duci,</span> <span class='ocrx_word' id='word_1_347' title='bbox 1313 3058 1342 3109; x_wconf 89' lang='lat' dir='ltr'>et</span> <span class='ocrx_word' id='word_1_348' title='bbox 1357 3051 1467 3111; x_wconf 90' lang='lat' dir='ltr'>sincere</span> 
     </span>
     <span class='ocr_line' id='line_1_35' title="bbox 260 3127 1467 3208; baseline 0.002 -23"><span class='ocrx_word' id='word_1_349' title='bbox 260 3127 355 3187; x_wconf 89' lang='lat' dir='ltr'>Deum</span> <span class='ocrx_word' id='word_1_350' title='bbox 377 3149 480 3205; x_wconf 88' lang='lat' dir='ltr'>amare,</span> <span class='ocrx_word' id='word_1_351' title='bbox 503 3137 583 3188; x_wconf 88' lang='lat' dir='ltr'>tanta</span> <span class='ocrx_word' id='word_1_352' title='bbox 602 3137 698 3188; x_wconf 89' lang='lat' dir='ltr'>tamen</span> <span class='ocrx_word' id='word_1_353' title='bbox 720 3139 772 3205; x_wconf 89' lang='lat' dir='ltr'>est,</span> <span class='ocrx_word' id='word_1_354' title='bbox 795 3138 828 3189; x_wconf 92' lang='lat' dir='ltr'>ut</span> <span class='ocrx_word' id='word_1_355' title='bbox 849 3131 919 3189; x_wconf 92' lang='lat' dir='ltr'>satis</span> <span class='ocrx_word' id='word_1_356' title='bbox 940 3149 1004 3188; x_wconf 90' lang='lat' dir='ltr'>esse</span> <span class='ocrx_word' id='word_1_357' title='bbox 1025 3130 1117 3207; x_wconf 88' lang='lat' dir='ltr'>possit</span> <span class='ocrx_word' id='word_1_358' title='bbox 1138 3131 1176 3188; x_wconf 91' lang='lat' dir='ltr'>ad</span> <span class='ocrx_word' id='word_1_359' title='bbox 1196 3130 1380 3190; x_wconf 90' lang='lat' dir='ltr'>securitatem</span> <span class='ocrx_word' id='word_1_360' title='bbox 1402 3131 1467 3208; x_wconf 88' lang='lat' dir='ltr'>gig·</span> 
     </span>
     <span class='ocr_line' id='line_1_36' title="bbox 258 3207 1466 3288; baseline 0.004 -23"><span class='ocrx_word' id='word_1_361' title='bbox 258 3207 392 3282; x_wconf 87' lang='lat' dir='ltr'>nendam,</span> <span class='ocrx_word' id='word_1_362' title='bbox 415 3217 447 3267; x_wconf 92' lang='lat' dir='ltr'>ut</span> <span class='ocrx_word' id='word_1_363' title='bbox 469 3209 588 3286; x_wconf 89' lang='lat' dir='ltr'>exponit</span> <span class='ocrx_word' id='word_1_364' title='bbox 608 3213 747 3268; x_wconf 81' lang='lat' dir='ltr'>Bellarm.</span> <span class='ocrx_word' id='word_1_365' title='bbox 770 3210 821 3269; x_wconf 90' lang='lat' dir='ltr'>lib.</span> <span class='ocrx_word' id='word_1_366' title='bbox 843 3210 883 3267; x_wconf 93' lang='lat' dir='ltr'>iii.</span> <span class='ocrx_word' id='word_1_367' title='bbox 906 3209 941 3268; x_wconf 93' lang='lat' dir='ltr'>de</span> <span class='ocrx_word' id='word_1_368' title='bbox 962 3209 1073 3269; x_wconf 83' lang='lat' dir='ltr'>Justifi.</span> <span class='ocrx_word' id='word_1_369' title='bbox 1096 3231 1158 3288; x_wconf 88' lang='lat' dir='ltr'>cap.</span> <span class='ocrx_word' id='word_1_370' title='bbox 1180 3215 1208 3268; x_wconf 81' lang='lat'>2.</span> <span class='ocrx_word' id='word_1_371' title='bbox 1223 3220 1253 3268; x_wconf 88' lang='lat' dir='ltr'>et</span> <span class='ocrx_word' id='word_1_372' title='bbox 1266 3211 1466 3286; x_wconf 61' lang='lat' dir='ltr'>Sraptcrolib.</span> 
     </span>
     <span class='ocr_line' id='line_1_37' title="bbox 257 3287 1466 3368; baseline 0.007 -26"><span class='ocrx_word' id='word_1_373' title='bbox 257 3287 298 3345; x_wconf 89' lang='lat' dir='ltr'>ix.</span> <span class='ocrx_word' id='word_1_374' title='bbox 320 3287 356 3346; x_wconf 92' lang='lat' dir='ltr'>dc</span> <span class='ocrx_word' id='word_1_375' title='bbox 378 3287 535 3347; x_wconf 86' lang='lat' dir='ltr'>Justificat.</span> <span class='ocrx_word' id='word_1_376' title='bbox 557 3309 619 3366; x_wconf 89' lang='lat' dir='ltr'>cap.</span> <span class='ocrx_word' id='word_1_377' title='bbox 644 3293 690 3349; x_wconf 92' lang='lat' dir='ltr'>ll.</span> <span class='ocrx_word' id='word_1_378' title='bbox 734 3290 816 3349; x_wconf 91' lang='lat' dir='ltr'>Licet</span> <span class='ocrx_word' id='word_1_379' title='bbox 836 3309 906 3349; x_wconf 87' lang='lat' dir='ltr'>vero</span> <span class='ocrx_word' id='word_1_380' title='bbox 928 3288 996 3348; x_wconf 93' lang='lat' dir='ltr'>dum</span> <span class='ocrx_word' id='word_1_381' title='bbox 1018 3290 1196 3366; x_wconf 88' lang='lat' dir='ltr'>argumentis</span> <span class='ocrx_word' id='word_1_382' title='bbox 1216 3292 1323 3350; x_wconf 90' lang='lat' dir='ltr'>nostris</span> <span class='ocrx_word' id='word_1_383' title='bbox 1348 3311 1466 3368; x_wconf 91' lang='lat' dir='ltr'>respon·</span> 
     </span>
     <span class='ocr_line' id='line_1_38' title="bbox 258 3365 1467 3448; baseline 0.007 -26"><span class='ocrx_word' id='word_1_384' title='bbox 258 3365 328 3424; x_wconf 88' lang='lat' dir='ltr'>dent</span> <span class='ocrx_word' id='word_1_385' title='bbox 348 3375 456 3442; x_wconf 85' lang='lat' dir='ltr'>negent</span> <span class='ocrx_word' id='word_1_386' title='bbox 477 3387 507 3426; x_wconf 88' lang='lat' dir='ltr'>se</span> <span class='ocrx_word' id='word_1_387' title='bbox 528 3368 629 3427; x_wconf 89' lang='lat' dir='ltr'>tollere</span> <span class='ocrx_word' id='word_1_388' title='bbox 651 3389 765 3428; x_wconf 89' lang='lat' dir='ltr'>omnem</span> <span class='ocrx_word' id='word_1_389' title='bbox 786 3371 822 3428; x_wconf 92' lang='lat' dir='ltr'>de</span> <span class='ocrx_word' id='word_1_390' title='bbox 843 3369 958 3447; x_wconf 89' lang='lat' dir='ltr'>propria</span> <span class='ocrx_word' id='word_1_391' title='bbox 972 3369 1066 3448; x_wconf 89' lang='lat' dir='ltr'>gratia</span> <span class='ocrx_word' id='word_1_392' title='bbox 1084 3371 1293 3444; x_wconf 89' lang='lat' dir='ltr'>certitudinem,</span> <span class='ocrx_word' id='word_1_393' title='bbox 1310 3379 1340 3430; x_wconf 90' lang='lat' dir='ltr'>et</span> <span class='ocrx_word' id='word_1_394' title='bbox 1364 3391 1467 3430; x_wconf 90' lang='lat' dir='ltr'>conce·</span> 
     </span>
     <span class='ocr_line' id='line_1_39' title="bbox 258 3444 1466 3527; baseline 0.007 -25"><span class='ocrx_word' id='word_1_395' title='bbox 258 3444 328 3502; x_wconf 90' lang='lat' dir='ltr'>dant</span> <span class='ocrx_word' id='word_1_396' title='bbox 350 3444 450 3504; x_wconf 87' lang='lat' dir='ltr'>fideles</span> <span class='ocrx_word' id='word_1_397' title='bbox 472 3465 536 3505; x_wconf 89' lang='lat' dir='ltr'>osse</span> <span class='ocrx_word' id='word_1_398' title='bbox 556 3467 641 3524; x_wconf 87' lang='lat' dir='ltr'>posse</span> <span class='ocrx_word' id='word_1_399' title='bbox 662 3469 816 3525; x_wconf 90' lang='lat' dir='ltr'>persuasos</span> <span class='ocrx_word' id='word_1_400' title='bbox 830 3457 860 3508; x_wconf 90' lang='lat' dir='ltr'>et</span> <span class='ocrx_word' id='word_1_401' title='bbox 880 3457 973 3509; x_wconf 90' lang='lat' dir='ltr'>certos</span> <span class='ocrx_word' id='word_1_402' title='bbox 994 3451 1030 3508; x_wconf 90' lang='lat' dir='ltr'>de</span> <span class='ocrx_word' id='word_1_403' title='bbox 1051 3469 1103 3508; x_wconf 89' lang='lat' dir='ltr'>sua</span> <span class='ocrx_word' id='word_1_404' title='bbox 1124 3469 1220 3508; x_wconf 87' lang='lat' dir='ltr'>coram</span> <span class='ocrx_word' id='word_1_405' title='bbox 1242 3451 1306 3508; x_wconf 91' lang='lat' dir='ltr'>Deo</span> <span class='ocrx_word' id='word_1_406' title='bbox 1322 3451 1466 3527; x_wconf 86' lang='lat' dir='ltr'>justifica-</span> 
     </span>
     <span class='ocr_line' id='line_1_40' title="bbox 250 3523 1467 3610; baseline 0.008 -31"><span class='ocrx_word' id='word_1_407' title='bbox 250 3523 344 3596; x_wconf 83' lang='lat' dir='ltr'>tione,</span> <span class='ocrx_word' id='word_1_408' title='bbox 367 3543 420 3582; x_wconf 90' lang='lat' dir='ltr'>nee</span> <span class='ocrx_word' id='word_1_409' title='bbox 441 3527 634 3586; x_wconf 86' lang='lat' dir='ltr'>necessarium</span> <span class='ocrx_word' id='word_1_410' title='bbox 656 3548 727 3602; x_wconf 87' lang='lat' dir='ltr'>csse,</span> <span class='ocrx_word' id='word_1_411' title='bbox 750 3537 782 3588; x_wconf 89' lang='lat' dir='ltr'>ut</span> <span class='ocrx_word' id='word_1_412' title='bbox 803 3530 839 3587; x_wconf 91' lang='lat' dir='ltr'>de</span> <span class='ocrx_word' id='word_1_413' title='bbox 872 3529 1039 3588; x_wconf 86' lang='lat' dir='ltr'>remissione</span> <span class='ocrx_word' id='word_1_414' title='bbox 1059 3539 1242 3606; x_wconf 88' lang='lat' dir='ltr'>peccaterum</span> <span class='ocrx_word' id='word_1_415' title='bbox 1264 3549 1380 3588; x_wconf 89' lang='lat' dir='ltr'>sucrum</span> <span class='ocrx_word' id='word_1_416' title='bbox 1403 3551 1467 3610; x_wconf 88' lang='lat' dir='ltr'>per·</span> 
     </span>
     <span class='ocr_line' id='line_1_41' title="bbox 257 3601 1465 3688; baseline 0.01 -30"><span class='ocrx_word' id='word_1_417' title='bbox 257 3609 344 3678; x_wconf 91' lang='lat' dir='ltr'>petuo</span> <span class='ocrx_word' id='word_1_418' title='bbox 366 3601 518 3678; x_wconf 73' lang='lat' dir='ltr'>dubitent,</span> <span class='ocrx_word' id='word_1_419' title='bbox 556 3606 666 3664; x_wconf 85' lang='lat' dir='ltr'>Tamen</span> <span class='ocrx_word' id='word_1_420' title='bbox 687 3628 775 3684; x_wconf 91' lang='lat' dir='ltr'>quum</span> <span class='ocrx_word' id='word_1_421' title='bbox 797 3617 898 3667; x_wconf 90' lang='lat' dir='ltr'>contra</span> <span class='ocrx_word' id='word_1_422' title='bbox 928 3629 981 3667; x_wconf 92' lang='lat' dir='ltr'>nos</span> <span class='ocrx_word' id='word_1_423' title='bbox 1003 3609 1159 3686; x_wconf 89' lang='lat' dir='ltr'>disputant,</span> <span class='ocrx_word' id='word_1_424' title='bbox 1182 3620 1232 3669; x_wconf 91' lang='lat' dir='ltr'>aut</span> <span class='ocrx_word' id='word_1_425' title='bbox 1252 3609 1330 3688; x_wconf 89' lang='lat' dir='ltr'>apud</span> <span class='ocrx_word' id='word_1_426' title='bbox 1351 3609 1465 3687; x_wconf 86' lang='lat' dir='ltr'>plebem</span> 
     </span>
     <span class='ocr_line' id='line_1_42' title="bbox 257 3681 1461 3768; baseline 0.009 -29"><span class='ocrx_word' id='word_1_427' title='bbox 257 3681 472 3756; x_wconf 89' lang='lat' dir='ltr'>concionantur,</span> <span class='ocrx_word' id='word_1_428' title='bbox 487 3683 587 3743; x_wconf 89' lang='lat' dir='ltr'>multis</span> <span class='ocrx_word' id='word_1_429' title='bbox 601 3687 780 3761; x_wconf 88' lang='lat' dir='ltr'>argumentis</span> <span class='ocrx_word' id='word_1_430' title='bbox 794 3689 916 3764; x_wconf 88' lang='lat' dir='ltr'>probare</span> <span class='ocrx_word' id='word_1_431' title='bbox 937 3689 1068 3747; x_wconf 77' lang='lat' dir='ltr'>nitunt-ur</span> <span class='ocrx_word' id='word_1_432' title='bbox 1082 3690 1183 3748; x_wconf 88' lang='lat' dir='ltr'>fideles</span> <span class='ocrx_word' id='word_1_433' title='bbox 1204 3688 1281 3748; x_wconf 89' lang='lat' dir='ltr'>cirea</span> <span class='ocrx_word' id='word_1_434' title='bbox 1314 3692 1461 3768; x_wconf 89' lang='lat' dir='ltr'>propriam</span> 
     </span>
     <span class='ocr_line' id='line_1_43' title="bbox 252 3760 1467 3847; baseline 0.007 -27"><span class='ocrx_word' id='word_1_435' title='bbox 252 3762 397 3840; x_wconf 88' lang='lat' dir='ltr'>justitiam</span> <span class='ocrx_word' id='word_1_436' title='bbox 419 3760 522 3822; x_wconf 88' lang='lat' dir='ltr'>dubios</span> <span class='ocrx_word' id='word_1_437' title='bbox 543 3773 572 3823; x_wconf 89' lang='lat' dir='ltr'>et</span> <span class='ocrx_word' id='word_1_438' title='bbox 593 3764 717 3824; x_wconf 86' lang='lat' dir='ltr'>incertos</span> <span class='ocrx_word' id='word_1_439' title='bbox 738 3786 810 3842; x_wconf 89' lang='lat' dir='ltr'>esse,</span> <span class='ocrx_word' id='word_1_440' title='bbox 833 3768 943 3827; x_wconf 88' lang='lat' dir='ltr'>nescire</span> <span class='ocrx_word' id='word_1_441' title='bbox 965 3789 1001 3827; x_wconf 90' lang='lat' dir='ltr'>an</span> <span class='ocrx_word' id='word_1_442' title='bbox 1023 3769 1131 3829; x_wconf 88' lang='lat' dir='ltr'>sintin</span> <span class='ocrx_word' id='word_1_443' title='bbox 1153 3770 1209 3828; x_wconf 91' lang='lat' dir='ltr'>Dei</span> <span class='ocrx_word' id='word_1_444' title='bbox 1223 3771 1325 3847; x_wconf 86' lang='lat' dir='ltr'>grstia,</span> <span class='ocrx_word' id='word_1_445' title='bbox 1341 3791 1397 3829; x_wconf 89' lang='lat' dir='ltr'>nce</span> <span class='ocrx_word' id='word_1_446' title='bbox 1410 3771 1467 3830; x_wconf 91' lang='lat' dir='ltr'>nisi</span> 
     </span>
     <span class='ocr_line' id='line_1_44' title="bbox 257 3845 1466 3926; baseline 0.006 -24"><span class='ocrx_word' id='word_1_447' title='bbox 257 3851 363 3902; x_wconf 89' lang='lat' dir='ltr'>temere</span> <span class='ocrx_word' id='word_1_448' title='bbox 384 3863 469 3922; x_wconf 92' lang='lat' dir='ltr'>posse</span> <span class='ocrx_word' id='word_1_449' title='bbox 490 3851 568 3904; x_wconf 88' lang='lat' dir='ltr'>certo</span> <span class='ocrx_word' id='word_1_450' title='bbox 589 3855 618 3905; x_wconf 88' lang='lat' dir='ltr'>et</span> <span class='ocrx_word' id='word_1_451' title='bbox 639 3845 700 3904; x_wconf 88' lang='lat' dir='ltr'>sine</span> <span class='ocrx_word' id='word_1_452' title='bbox 715 3845 894 3907; x_wconf 90' lang='lat' dir='ltr'>dubitatione</span> <span class='ocrx_word' id='word_1_453' title='bbox 916 3855 1049 3924; x_wconf 87' lang='lat' dir='ltr'>statuere,</span> <span class='ocrx_word' id='word_1_454' title='bbox 1065 3859 1247 3926; x_wconf 87' lang='lat' dir='ltr'>peccatorum</span> <span class='ocrx_word' id='word_1_455' title='bbox 1266 3851 1466 3910; x_wconf 88' lang='lat' dir='ltr'>remissionem</span> 
     </span>
     <span class='ocr_line' id='line_1_45' title="bbox 255 3925 1462 4008; baseline 0.007 -27"><span class='ocrx_word' id='word_1_456' title='bbox 255 3943 286 3982; x_wconf 91' lang='lat' dir='ltr'>se</span> <span class='ocrx_word' id='word_1_457' title='bbox 295 3945 346 4001; x_wconf 89' lang='lat' dir='ltr'>per</span> <span class='ocrx_word' id='word_1_458' title='bbox 360 3925 505 3985; x_wconf 85' lang='lat' dir='ltr'>Christum</span> <span class='ocrx_word' id='word_1_459' title='bbox 520 3945 583 3985; x_wconf 90' lang='lat' dir='ltr'>esse</span> <span class='ocrx_word' id='word_1_460' title='bbox 598 3935 777 3986; x_wconf 89' lang='lat' dir='ltr'>consecutos.</span> <span class='ocrx_word' id='word_1_461' title='bbox 821 3927 907 3988; x_wconf 91' lang='lat' dir='ltr'>Unde</span> <span class='ocrx_word' id='word_1_462' title='bbox 922 3929 1077 4006; x_wconf 89' lang='lat' dir='ltr'>colligitur,</span> <span class='ocrx_word' id='word_1_463' title='bbox 1094 3929 1159 3989; x_wconf 92' lang='lat' dir='ltr'>illos</span> <span class='ocrx_word' id='word_1_464' title='bbox 1171 3931 1218 3990; x_wconf 90' lang='lat' dir='ltr'>vel</span> <span class='ocrx_word' id='word_1_465' title='bbox 1233 3939 1359 3986; x_wconf 65' lang='lat' dir='ltr'>aetram</span> <span class='ocrx_word' id='word_1_466' title='bbox 1371 3931 1462 4008; x_wconf 93' lang='lat' dir='ltr'>loqui,</span> 
     </span>
     <span class='ocr_line' id='line_1_46' title="bbox 256 4003 1466 4088; baseline 0.007 -26"><span class='ocrx_word' id='word_1_467' title='bbox 256 4003 303 4062; x_wconf 87' lang='lat' dir='ltr'>vel</span> <span class='ocrx_word' id='word_1_468' title='bbox 319 4025 432 4064; x_wconf 90' lang='lat' dir='ltr'>omnem</span> <span class='ocrx_word' id='word_1_469' title='bbox 448 4005 526 4064; x_wconf 91' lang='lat' dir='ltr'>illam</span> <span class='ocrx_word' id='word_1_470' title='bbox 541 4006 751 4083; x_wconf 89' lang='lat' dir='ltr'>certitudinem,</span> <span class='ocrx_word' id='word_1_471' title='bbox 767 4028 854 4085; x_wconf 87' lang='lat' dir='ltr'>quam</span> <span class='ocrx_word' id='word_1_472' title='bbox 877 4009 1013 4069; x_wconf 84' lang='lat' dir='ltr'>ridentur</span> <span class='ocrx_word' id='word_1_473' title='bbox 1032 4029 1198 4088; x_wconf 86' lang='lat' dir='ltr'>agnoscere,</span> <span class='ocrx_word' id='word_1_474' title='bbox 1214 4010 1287 4068; x_wconf 91' lang='lat' dir='ltr'>nihil</span> <span class='ocrx_word' id='word_1_475' title='bbox 1307 4010 1466 4070; x_wconf 83' lang='lat' dir='ltr'>aliudesse</span> 
     </span>
     <span class='ocr_line' id='line_1_47' title="bbox 255 4088 1465 4167; baseline 0.007 -25"><span class='ocrx_word' id='word_1_476' title='bbox 255 4103 340 4160; x_wconf 90' lang='lat' dir='ltr'>quam</span> <span class='ocrx_word' id='word_1_477' title='bbox 356 4106 463 4146; x_wconf 88' lang='lat' dir='ltr'>meram</span> <span class='ocrx_word' id='word_1_478' title='bbox 478 4088 679 4164; x_wconf 88' lang='lat' dir='ltr'>conjecturem,</span> <span class='ocrx_word' id='word_1_479' title='bbox 695 4109 760 4167; x_wconf 82' lang='lat' dir='ltr'>quae</span> <span class='ocrx_word' id='word_1_480' title='bbox 774 4109 828 4149; x_wconf 90' lang='lat' dir='ltr'>nee</span> <span class='ocrx_word' id='word_1_481' title='bbox 842 4089 1059 4164; x_wconf 84' lang='lat' dir='ltr'>dubitationem,</span> <span class='ocrx_word' id='word_1_482' title='bbox 1075 4109 1129 4150; x_wconf 92' lang='lat' dir='ltr'>nec</span> <span class='ocrx_word' id='word_1_483' title='bbox 1144 4089 1334 4167; x_wconf 84' lang='lat' dir='ltr'>lorinidinem,</span> <span class='ocrx_word' id='word_1_484' title='bbox 1350 4111 1389 4149; x_wconf 88' lang='lat' dir='ltr'>ex</span> <span class='ocrx_word' id='word_1_485' title='bbox 1404 4093 1465 4150; x_wconf 87' lang='lat' dir='ltr'>ani·</span> 
     </span>
     <span class='ocr_line' id='line_1_48' title="bbox 254 4164 566 4242; baseline 0.019 -22"><span class='ocrx_word' id='word_1_486' title='bbox 254 4164 309 4222; x_wconf 88' lang='lat' dir='ltr'>mis</span> <span class='ocrx_word' id='word_1_487' title='bbox 322 4174 416 4242; x_wconf 91' lang='lat' dir='ltr'>potest</span> <span class='ocrx_word' id='word_1_488' title='bbox 431 4166 566 4226; x_wconf 89' lang='lat' dir='ltr'>eximere.</span> 
     </span>
    </p>

    <p class='ocr_par' dir='ltr' id='par_1_10' title="bbox 254 4243 1465 4725">
     <span class='ocr_line' id='line_1_49' title="bbox 294 4243 1465 4328; baseline 0.007 -27"><span class='ocrx_word' id='word_1_489' title='bbox 294 4243 348 4302; x_wconf 93' lang='lat' dir='ltr'>IV.</span> <span class='ocrx_word' id='word_1_490' title='bbox 372 4245 437 4303; x_wconf 89' lang='lat' dir='ltr'>Non</span> <span class='ocrx_word' id='word_1_491' title='bbox 452 4245 488 4304; x_wconf 90' lang='lat' dir='ltr'>de</span> <span class='ocrx_word' id='word_1_492' title='bbox 503 4247 594 4306; x_wconf 91' lang='lat' dir='ltr'>nihilo</span> <span class='ocrx_word' id='word_1_493' title='bbox 608 4257 704 4308; x_wconf 87' lang='lat' dir='ltr'>autem</span> <span class='ocrx_word' id='word_1_494' title='bbox 719 4259 773 4324; x_wconf 90' lang='lat' dir='ltr'>est,</span> <span class='ocrx_word' id='word_1_495' title='bbox 788 4249 867 4326; x_wconf 91' lang='lat' dir='ltr'>quod</span> <span class='ocrx_word' id='word_1_496' title='bbox 888 4257 947 4308; x_wconf 88' lang='lat' dir='ltr'>tam</span> <span class='ocrx_word' id='word_1_497' title='bbox 967 4249 1072 4309; x_wconf 89' lang='lat' dir='ltr'>acriter</span> <span class='ocrx_word' id='word_1_498' title='bbox 1088 4249 1233 4310; x_wconf 85' lang='lat' dir='ltr'>Pontificii</span> <span class='ocrx_word' id='word_1_499' title='bbox 1246 4271 1298 4328; x_wconf 89' lang='lat' dir='ltr'>pro</span> <span class='ocrx_word' id='word_1_500' title='bbox 1313 4250 1465 4310; x_wconf 87' lang='lat' dir='ltr'>retinenda</span> 
     </span>
     <span class='ocr_line' id='line_1_50' title="bbox 254 4325 1464 4407; baseline 0.005 -25"><span class='ocrx_word' id='word_1_501' title='bbox 254 4343 307 4384; x_wconf 88' lang='lat' dir='ltr'>sua</span> <span class='ocrx_word' id='word_1_502' title='bbox 321 4333 396 4396; x_wconf 67' lang='grc' dir='ltr'>ιειχῇ</span> <span class='ocrx_word' id='word_1_503' title='bbox 410 4332 439 4382; x_wconf 90' lang='grc' dir='ltr'>ει</span> <span class='ocrx_word' id='word_1_504' title='bbox 453 4325 633 4386; x_wconf 88' lang='lat' dir='ltr'>dubitatione</span> <span class='ocrx_word' id='word_1_505' title='bbox 648 4337 767 4388; x_wconf 89' lang='lat' dir='ltr'>certant.</span> <span class='ocrx_word' id='word_1_506' title='bbox 811 4328 986 4406; x_wconf 90' lang='lat' dir='ltr'>Intelligunt</span> <span class='ocrx_word' id='word_1_507' title='bbox 1007 4330 1120 4390; x_wconf 90' lang='lat' dir='ltr'>scilicet</span> <span class='ocrx_word' id='word_1_508' title='bbox 1133 4339 1224 4390; x_wconf 83' lang='lat' dir='ltr'>totam</span> <span class='ocrx_word' id='word_1_509' title='bbox 1236 4330 1464 4407; x_wconf 87' lang='lat' dir='ltr'>negotiationem</span> 
     </span>
     <span class='ocr_line' id='line_1_51' title="bbox 254 4402 1464 4484; baseline 0.007 -24"><span class='ocrx_word' id='word_1_510' title='bbox 254 4402 471 4462; x_wconf 88' lang='lat' dir='ltr'>nundinationis</span> <span class='ocrx_word' id='word_1_511' title='bbox 496 4405 656 4466; x_wconf 77' lang='lat' dir='ltr'>Pontificiaa</span> <span class='ocrx_word' id='word_1_512' title='bbox 681 4408 737 4468; x_wconf 91' lang='lat' dir='ltr'>hoe</span> <span class='ocrx_word' id='word_1_513' title='bbox 760 4407 947 4467; x_wconf 84' lang='lat' dir='ltr'>fundamento</span> <span class='ocrx_word' id='word_1_514' title='bbox 971 4409 1035 4484; x_wconf 89' lang='lat' dir='ltr'>niti,</span> <span class='ocrx_word' id='word_1_515' title='bbox 1050 4419 1080 4469; x_wconf 90' lang='grc' dir='ltr'>ει</span> <span class='ocrx_word' id='word_1_516' title='bbox 1104 4411 1232 4470; x_wconf 87' lang='lat' dir='ltr'>stabilita</span> <span class='ocrx_word' id='word_1_517' title='bbox 1255 4409 1344 4469; x_wconf 89' lang='lat' dir='ltr'>semel</span> <span class='ocrx_word' id='word_1_518' title='bbox 1362 4411 1464 4470; x_wconf 88' lang='lat' dir='ltr'>salutis</span> 
     </span>
     <span class='ocr_line' id='line_1_52' title="bbox 255 4482 1463 4567; baseline 0.007 -28"><span class='ocrx_word' id='word_1_519' title='bbox 255 4482 361 4540; x_wconf 87' lang='lat' dir='ltr'>fiducia</span> <span class='ocrx_word' id='word_1_520' title='bbox 375 4484 525 4544; x_wconf 89' lang='lat' dir='ltr'>concidere</span> <span class='ocrx_word' id='word_1_521' title='bbox 540 4487 638 4546; x_wconf 85' lang='lat' dir='ltr'>statim</span> <span class='ocrx_word' id='word_1_522' title='bbox 653 4488 736 4566; x_wconf 84' lang='lat' dir='ltr'>regni</span> <span class='ocrx_word' id='word_1_523' title='bbox 752 4485 897 4546; x_wconf 90' lang='lat' dir='ltr'>Pontificii</span> <span class='ocrx_word' id='word_1_524' title='bbox 909 4488 1083 4566; x_wconf 85' lang='lat' dir='ltr'>Vectigalia,</span> <span class='ocrx_word' id='word_1_525' title='bbox 1097 4491 1184 4566; x_wconf 82' lang='lat' dir='ltr'>Vota,</span> <span class='ocrx_word' id='word_1_526' title='bbox 1201 4487 1463 4567; x_wconf 83' lang='lat' dir='ltr'>Peregrinationes,</span> 
     </span>
     <span class='ocr_line' id='line_1_53' title="bbox 256 4561 1462 4648; baseline 0.01 -32"><span class='ocrx_word' id='word_1_527' title='bbox 256 4561 1320 4648; x_wconf 87' lang='lat' dir='ltr'>Fraternitatcs,Operasupererogatoris,Purgatorium,Indulgentiarum</span> <span class='ocrx_word' id='word_1_528' title='bbox 1328 4591 1462 4646; x_wconf 86' lang='lat' dir='ltr'>mercem,</span> 
     </span>
     <span class='ocr_line' id='line_1_54' title="bbox 256 4638 1462 4725; baseline 0.013 -31"><span class='ocrx_word' id='word_1_529' title='bbox 256 4638 486 4700; x_wconf 87' lang='lat' dir='ltr'>Nundiuationes</span> <span class='ocrx_word' id='word_1_530' title='bbox 502 4643 666 4721; x_wconf 74' lang='lat' dir='ltr'>Miserarum,</span> <span class='ocrx_word' id='word_1_531' title='bbox 679 4655 708 4705; x_wconf 91' lang='grc' dir='ltr'>ει</span> <span class='ocrx_word' id='word_1_532' title='bbox 722 4653 840 4706; x_wconf 80' lang='lat' dir='ltr'>caeteras</span> <span class='ocrx_word' id='word_1_533' title='bbox 855 4648 985 4725; x_wconf 86' lang='lat' dir='ltr'>ejusdcm</span> <span class='ocrx_word' id='word_1_534' title='bbox 1001 4657 1179 4723; x_wconf 63' lang='grc' dir='ltr'>ηισχμιιριιιαι</span> <span class='ocrx_word' id='word_1_535' title='bbox 1195 4671 1309 4710; x_wconf 88' lang='lat' dir='ltr'>mensas</span> <span class='ocrx_word' id='word_1_536' title='bbox 1329 4669 1462 4710; x_wconf 88' lang='lat' dir='ltr'>nummu-</span> 
     </span>
    </p>
   </div>
   <div class='ocr_carea' id='block_1_9' title="bbox 0 0 1598 5210">
    <p class='ocr_par' dir='ltr' id='par_1_11' title="bbox 0 0 1598 5210">
     <span class='ocr_line' id='line_1_55' title="bbox 0 0 1598 5210; baseline 0 1"><span class='ocrx_word' id='word_1_537' title='bbox 0 0 1598 5210; x_wconf 95' lang='lat' dir='ltr'> </span> 
     </span>
    </p>
   </div>
  </div>
 </body>
</html>
