3186 5210
142 351 256 395 eunsr.
272 332 316 412 u]
568 349 607 390 un
622 349 795 392 vocsmona
808 351 847 392 nr
861 349 940 393 rma.
1297 336 1356 400 479

141 501 290 567 agentem,
306 509 373 566 quae
394 507 456 546 non
477 488 614 562 subjiciat
635 489 692 546 sibi
713 490 842 548 liberum
864 491 1029 562 arbitrium,
1045 500 1080 550 ut
1100 491 1178 548 illud
1199 491 1356 550 efficaciter

144 571 267 628 inclinet
281 577 311 626 et
324 567 502 625 determinet
515 569 555 624 ad
576 570 736 640 agendum,
751 569 803 624 sed
824 587 890 643 quae
912 570 1088 643 subjiciatur
1108 571 1203 628 libero
1224 570 1355 642 arbitrio,

145 657 180 707 ut
193 667 283 724 penes
297 647 374 703 illud
389 645 426 702 sit
447 663 560 719 semper
580 645 665 702 illam
685 647 843 704 admittere
856 648 905 704 rel
919 648 1048 721 rejicere,
1063 649 1108 705 illi
1129 648 1294 706 consentire
1308 652 1357 708 vel

144 728 308 796 dissentire,
324 723 365 782 Et
386 725 584 798 pergratiam
607 732 824 798 cooperantem,
840 743 907 782 eam
922 745 988 801 quae
1010 733 1185 802 cooperetur
1206 726 1358 786 voluntati

145 807 281 863 nondum
296 820 453 871 conversis,
468 809 498 858 et
511 802 560 860 cui
574 802 703 860 vicissim
714 804 854 862 voluntas
869 807 1005 862 nondum
1017 823 1159 862 conversa
1171 813 1358 878 cooperetur,

146 891 180 942 ut
194 884 347 950 Bellarm,
362 881 413 937 lib.
430 882 457 938 2.
473 881 510 936 de
526 880 597 940 Gra.
612 899 676 956 cap.
692 881 720 951 3,
732 899 793 938 non
808 883 930 940 obscure
944 883 1052 954 innuit,
1068 883 1209 941 “Omnes
1222 891 1310 941 vocat
1324 891 1359 942 ut

145 964 184 1021 ιιι
198 981 229 1019 se
243 961 374 1030 veniant,
385 977 447 1016 non
462 961 543 1031 quod
557 959 672 1034 possint
685 959 754 1017 solis
768 967 882 1018 naturae
897 961 1010 1018 viribus
1020 962 1131 1033 venire,
1143 963 1195 1019 sed
1206 967 1242 1017 ut
1255 962 1359 1020 admo·

146 1047 224 1111 neat,
248 1047 283 1096 ut
304 1038 407 1112 gratiae
430 1037 622 1112 praevenienti
646 1041 871 1112 cooperentur,’'
894 1041 976 1114 quod
998 1041 1129 1098 rotundo
1151 1059 1203 1097 ore
1224 1039 1358 1099 fatentur

148 1116 344 1193 Syncrgistaez
365 1118 444 1175 Vide
454 1115 723 1186 Jansen.,lib.4.de
731 1115 882 1188 Gra‚fuse
891 1120 1358 1192 bocargumentumtractautem,

146 1205 176 1255 et
199 1198 356 1254 docentem
370 1214 462 1272 quam
474 1195 565 1268 longe
579 1195 618 1252 ab
632 1195 799 1268 Augustini
812 1203 911 1254 mente
925 1198 1074 1268 recedant,
1088 1197 1141 1271 qui
1161 1199 1218 1255 hac
1239 1197 1360 1255 distinc-

145 1275 228 1332 tione
243 1279 381 1333 utuntur.

189 1351 291 1410 VIII.
313 1350 461 1412 Nosvero
475 1353 663 1410 commodius
686 1349 900 1427 distinguimus
922 1353 1058 1412 Gratiam
1072 1354 1138 1424 Dei,
1148 1371 1210 1411 non
1230 1355 1359 1430 prutina

146 1433 241 1506 pratis
255 1433 378 1503 dautem,
396 1451 448 1490 seu
464 1443 586 1506 pratum
589 1431 753 1508 facientem,
763 1449 896 1489 amorem
913 1432 1023 1490 scilicet
1042 1431 1099 1490 Dei
1110 1431 1285 1506 gratuitum,
1298 1451 1359 1507 quo

148 1529 203 1568 nos
223 1510 254 1567 in
277 1508 395 1568 Christo
416 1509 615 1585 prosequitur,
638 1510 727 1567 etad
749 1528 838 1584 quem
863 1511 1007 1584 objective
1031 1529 1085 1567 nos
1109 1511 1274 1580 habemus3
1299 1511 1357 1568 Sed

153 1589 254 1650 Gratis
268 1589 380 1659 datam,
398 1588 477 1668 (quae
489 1587 696 1662 complectitur
707 1586 808 1645 omnia
818 1589 960 1646 beneficia
971 1588 1124 1660 salutaria,
1137 1605 1205 1662 quae
1216 1606 1253 1644 ex
1267 1589 1360 1662 gratis

149 1669 239 1726 dante
253 1673 399 1742 tanquam
413 1685 449 1723 ex
463 1666 546 1723 fonte
560 1665 710 1723 uberrimo
720 1665 751 1721 in
766 1683 821 1723 nos
834 1675 965 1736 manent,
978 1669 1017 1724 ad
1029 1684 1120 1740 quam
1130 1665 1293 1738 subjective
1304 1685 1359 1724 uos

147 1748 303 1814 habemus,
315 1753 345 1803 et
355 1764 422 1819 quse
434 1745 519 1801 nobis
532 1742 680 1820 inhaeret)
695 1746 727 1801 in
735 1745 873 1818 primam,
885 1762 945 1820 qus
955 1763 992 1801 ex
1004 1751 1084 1802 statu
1095 1743 1206 1820 peccati
1217 1761 1360 1801 vocamur

148 1826 313 1892 efficaciter,
328 1823 403 1880 etin
417 1829 529 1880 statum
543 1821 647 1895 gratiae
662 1822 877 1893 transferimur,
892 1841 960 1896 quae
974 1824 1048 1880 bene
1063 1823 1172 1881 dicitur
1182 1824 1360 1898 preveniens

149 1915 176 1960 et
189 1921 321 1980 operans,
336 1903 387 1960 sed
411 1901 527 1958 saniore
541 1919 638 1971 sensu,
653 1919 745 1974 quam
759 1919 778 1958 a
792 1900 964 1970 Pontificiis,
979 1908 1010 1958 e't
1029 1902 1192 1970 secundam,
1214 1919 1276 1976 qua
1295 1903 1358 1978 jam

149 1981 286 2040 conversi
308 1980 339 2036 in
361 1985 441 2037 statu
462 1979 566 2053 gratiae
589 1980 818 2036 corroboramur
841 1985 871 2036 et
893 1979 1061 2054 dirigimur,
1076 1999 1144 2056 quse
1158 1999 1315 2056 cooperans
1334 1992 1361 2037 et

148 2061 322 2138 subsequens
336 2059 492 2116 commode
505 2065 631 2114 vocatur
644 2075 732 2114 sensu
748 2057 935 2116 Orthodoxo.

148 2179 187 2225 ,m
207 2193 222 2222 n
241 2185 302 2224 natu
303 2191 317 2222 r
345 2177 387 2220 ho·
451 2135 509 2192 IX.
532 2135 591 2194 His
611 2135 724 2210 positis,
739 2137 778 2193 ad
799 2137 954 2192 sententies
975 2143 1084 2196 nostrae
1105 2137 1360 2196 confirmationem

178 2193 259 2342 tlt
274 2249 387 2340 nn
407 2213 625 2350 nutu
643 2220 780 2349 {risu
802 2215 986 2350 cestu
1009 2223 1146 2352 istiu
1166 2216 1361 2353 astris

179 2355 302 2410 ruptione.
408 2311 525 2440 nogtroe,
553 2387 622 2444 quae
649 2369 783 2427 excludit
803 2310 929 2428 Iineuntem
957 2313 1197 2448 enimi-ationem
1224 2317 1361 2450 appri'rlig

152 2457 275 2508 nostra:
297 2449 376 2516 Quia
389 2457 498 2508 natura
511 2467 614 2507 sumus
634 2455 801 2522 peccatores
814 2455 844 2506 et
856 2448 910 2504 filii
930 2449 991 2519 irae,
1007 2451 1083 2508 nibil
1103 2450 1161 2508 nisi
1182 2469 1259 2522 caro,
1275 2456 1363 2529 cujus

150 2529 328 2602 figmentum
339 2529 454 2585 malum
468 2534 513 2586 est
526 2547 544 2584 a
563 2527 701 2601 pueritia,
716 2526 789 2584 Joh.
805 2527 845 2583 iii.
862 2526 899 2596 63
923 2526 999 2603 Eph.
1014 2529 1045 2586 ii.
1060 2530 1078 2586 3
1091 2549 1098 2598 ;
1114 2527 1190 2585 Gen.
1206 2531 1244 2588 vi.
1260 2531 1278 2587 ὅ
1287 2554 1295 2601 ;
1310 2533 1363 2608 qui

151 2607 230 2664 nibil
254 2625 410 2682 possumus
435 2625 472 2664 ne
493 2605 623 2680 cogitare
645 2605 768 2680 quidem
791 2605 863 2662 boni
884 2623 921 2662 ex
945 2608 1031 2664 nobis
1047 2607 1159 2683 ipsis,2
1181 2607 1247 2665 Cor.
1269 2609 1310 2668 iii.
1326 2610 1361 2680 53

150 2685 264 2742 mortui
277 2686 308 2742 in
321 2685 459 2760 peccatis,
470 2685 546 2760 Eph.
559 2684 588 2740 ii.
601 2684 615 2739 1
629 2705 637 2753 ;
652 2702 703 2740 cor
713 2682 866 2757 lapideum
879 2692 1039 2757 gestantes,
1056 2685 1146 2743 Ezelr.
1159 2687 1275 2756 xxxvi.;
1287 2696 1317 2745 et
1330 2689 1362 2744 in

151 2782 260 2838 genere
281 2763 369 2822 totali
388 2763 567 2838 impotentia
585 2763 625 2820 ad
646 2763 761 2819 bonum
774 2762 953 2832 laborantes,
969 2763 1057 2819 Rom.
1072 2781 1100 2820 v.
1117 2762 1145 2832 6,
1160 2763 1212 2838 qui
1227 2765 1295 2821 ideo
1308 2783 1363 2822 nee

151 2842 305 2917 cooperari
329 2841 442 2916 gratiae,
457 2861 512 2899 nec
526 2842 565 2898 ad
587 2839 809 2897 conversionem
830 2857 885 2896 nos
911 2840 1067 2915 disponere
1092 2858 1258 2915 possumus.
1301 2842 1363 2902 Ex-

150 2921 302 2996 ceptiones
315 2921 384 2978 vide
399 2919 469 2980 Loc.
486 2920 525 2978 X.
541 2920 578 2976 de
593 2918 659 2976 Lib.
676 2917 761 2974 Arbi.
781 2916 841 2984 Qu.
855 2919 883 2974 4.

454 2999 493 3056 X.
515 2999 542 3055 2.
559 2997 588 3054 A
608 3007 719 3053 nutura
742 2996 971 3067 regenerationis,
993 3017 1060 3072 quae
1082 3017 1151 3056 cum
1175 2997 1213 3055 sit
1233 2999 1361 3058 mutatio

151 3063 391 3168 ²·{12ssfflgzifffflff
412 3095 464 3134 seu
479 3075 632 3134 renovatio
647 3081 772 3144 naturae,
788 3073 844 3130 Dei
859 3073 960 3144 solius,
975 3093 1036 3132 nou
1056 3075 1185 3134 hominis
1206 3094 1281 3152 opus
1301 3096 1363 3137 esse

332 3154 337 3165 '
413 3155 510 3226 debet,
532 3153 610 3212 'l'um
624 3154 697 3228 quia
715 3152 872 3210 renovatio
895 3152 949 3210 illa
973 3153 1088 3211 homini
1118 3160 1162 3212 est
1192 3155 1364 3228 simpliciter

152 3232 352 3308 irnpossibilis,
369 3231 383 3290 l
410 3233 479 3292 Cor.
494 3233 523 3290 ii.
541 3233 597 3302 14;
620 3231 708 3290 Rom.
723 3231 784 3288 viii.
800 3229 837 3300 7;
859 3229 971 3288 Jerem.
986 3231 1048 3288 xiii.
1063 3233 1120 3300 233
1143 3231 1220 3290 'l'um
1241 3234 1314 3307 quia
1327 3243 1363 3294 ut

152 3312 238 3370 initio
252 3313 333 3369 solus
346 3312 458 3370 creavit
478 3312 630 3370 hominem
643 3313 682 3370 ιιι
696 3311 743 3369 sui
763 3310 934 3383 imaginem,
951 3309 1001 3368 Ita
1020 3311 1059 3366 ud
1079 3329 1146 3368 eam
1159 3312 1241 3369 solus
1262 3313 1364 3386 ipsum

152 3390 315 3447 reformare
336 3397 442 3464 potest,
459 3389 571 3450 Colore.
586 3390 626 3448 iii.
644 3391 689 3448 10.
733 3389 774 3446 Ει
796 3393 831 3444 ut
853 3387 884 3444 in
906 3387 1099 3461 generatione
1121 3391 1261 3461 naturali,
1277 3391 1364 3449 liberi

151 3468 209 3544 ipsi
222 3467 334 3544 seipsos
347 3469 469 3544 gignere
483 3487 545 3526 non
559 3475 692 3543 possunt,
708 3467 937 3542 necquicquam
951 3467 1084 3525 conferre
1099 3470 1137 3525 ad
1158 3469 1204 3526 sui
1224 3469 1364 3529 nativita-

151 3553 221 3618 tem,
234 3547 285 3604 sed
300 3564 378 3606 mere
392 3548 508 3623 passive
522 3565 552 3606 se
566 3547 696 3605 babent:
720 3546 769 3604 Ita
781 3546 813 3603 in
834 3546 1057 3619 regeneratione
1072 3547 1292 3622 supernaturali
1313 3568 1365 3607 ne·

152 3643 203 3682 mo
217 3625 346 3700 seipsum
360 3644 535 3702 regenerare
548 3631 654 3700 potest,
666 3626 717 3682 sed
731 3625 823 3682 solius
837 3623 895 3681 Dei
907 3624 1005 3682 Patris
1018 3627 1143 3684 eoelestis
1156 3628 1212 3684 hoc
1225 3634 1269 3684 est
1280 3647 1364 3703 opus.

155 3701 246 3760 Unde
270 3703 386 3760 bomini
407 3705 518 3780 passim
538 3702 681 3762 adimitur
694 3709 725 3760 et
747 3703 811 3760 Deo
832 3702 984 3773 tribuitur,
1000 3703 1079 3761 Psal.
1095 3723 1119 3762 c.
1134 3705 1171 3776 33
1194 3705 1215 3763 J
1218 3708 1265 3763 oh.
1280 3706 1299 3762 i.
1317 3707 1363 3782 19,

155 3780 212 3848 13;
233 3779 404 3853 Jac.i.18;
427 3782 524 3841 lPet.
539 3782 558 3839 i.
574 3781 601 3850 3,
617 3781 673 3850 233
695 3780 767 3838 Joh.
782 3780 823 3838 iii.
838 3781 866 3851 5,
882 3780 920 3850 6;
942 3781 1000 3839 'Pit
1015 3783 1056 3839 iii.
1072 3783 1099 3840 5.

153 3894 390 3999 annun
411 3859 1363 4013 stultissumiusistructustu

355 3971 367 3999 ,
1351 3973 1364 3984 .

183 4011 288 4065 quisita.
368 3973 391 4002 e-
412 4017 511 4087 venit3
532 4019 671 4075 humanae
693 4035 764 4074 vero
785 3981 945 4083 voluntati,
960 4035 1027 4089 quae
1047 4015 1132 4070 finite
1152 4022 1204 4084 est,
1219 4021 1363 4088 tanquam

156 4111 252 4151 causae
272 4095 399 4168 proprius
420 4095 545 4152 adscribi
566 4094 677 4170 nequit.
720 4095 801 4153 Hine
824 4094 939 4154 Creatio
960 4093 1077 4160 dicitur,
1100 4092 1119 4148 2
1141 4090 1207 4148 Cor.
1228 4108 1256 4146 v.
1274 4091 1319 4164 17,
1335 4101 1365 4151 et

156 4171 350 4240 Resurrectio,
366 4173 476 4231 Coloss.
490 4172 521 4229 ii.
537 4173 583 4245 12,
599 4193 665 4250 quae
686 4174 802 4230 nullam
824 4181 950 4246 «aigyna
969 4169 1127 4227 admittere
1147 4175 1281 4243 possunt,
1302 4187 1363 4228 non

156 4250 253 4325 magis
267 4267 358 4326 quam
372 4250 393 4307 ii
407 4250 460 4326 qui
473 4259 610 4310 creantur
623 4261 653 4311 et
666 4252 848 4310 suscitantur
861 4251 900 4308 ad
914 4247 961 4306 sui
975 4247 1156 4306 creationem
1169 4253 1200 4304 et
1219 4265 1364 4306 resurrec-

156 4329 270 4386 tionem
284 4329 433 4404 eccpernri
447 4337 579 4404 possunt.

454 4405 533 4464 XII.
555 4408 584 4466 4.
600 4409 651 4466 Ab
664 4408 810 4468 Absurde.
853 4405 934 4474 Quia
946 4407 1003 4462 hoe
1017 4403 1123 4480 posito,
1133 4403 1231 4480 gloria
1244 4421 1366 4462 eonver-

176 4459 199 4506 4'
210 4461 250 4506 Ab
261 4460 374 4506 assumo.
415 4485 505 4543 sionis
520 4485 663 4544 dividitur
676 4489 754 4546 inter
765 4485 941 4546 Creaturam
954 4491 984 4541 et
999 4482 1178 4554 Creatorem,
1190 4490 1220 4540 et
1232 4484 1323 4540 homo
1334 4483 1366 4541 in

158 4565 254 4642 seipso
268 4562 419 4640 gloriandi
432 4563 586 4622 materiam
606 4567 735 4636 babebit,
750 4565 833 4640 quod
854 4563 986 4638 seipsum
1007 4562 1187 4636 discreverit,
1202 4569 1232 4619 et
1252 4561 1367 4637 aliquid

157 4645 268 4702 habeat
282 4643 365 4719 quod
379 4661 438 4702 non
454 4643 606 4720 acceperit.
639 4644 740 4714 Quod
755 4651 855 4704 tamen
869 4640 1061 4700 salsissimum
1074 4659 1137 4701 esse
1157 4641 1245 4700 toties
1257 4646 1288 4700 et
1307 4646 1369 4699 tam
