3192 5206
129 336 242 386 eumer.
258 312 314 395 xe]
471 331 509 370 os
532 329 665 371 ressone
688 329 724 367 nr
746 329 840 368 srrru
861 329 987 370 crrnrsrr.
1281 297 1359 370 301⁶¹
1375 372 1389 398 N

177 477 235 536 XI.
260 472 395 534 Secunda
409 471 537 550 operatio
551 470 606 530 fuit
617 470 647 528 irr
663 470 800 545 Corporis
815 470 921 529 Christi
929 471 1111 545 formatione,
1124 470 1161 529 ad
1176 491 1261 548 quam
1276 491 1339 548 per·
1419 525 1425 544 ,

132 559 207 618 tinet
221 557 284 632 ejus
304 551 490 630 orgarrizatio,
514 551 659 622 arrirrrati0,
682 558 711 607 et
732 551 880 626 utriusque
907 559 967 608 tam
989 553 1115 627 eorporis
1137 554 1340 626 quamanimae
1426 557 1429 566 ⁸

133 657 199 696 curn
209 635 309 694 Verbo
321 634 431 708 uniti0;
448 630 532 706 Quod
551 629 720 707 Apostolus,
742 629 818 688 Heb.
842 651 871 688 x.
888 634 915 705 5,
931 651 982 706 per
1001 637 1171 710 κιτιςτισμὶι
1195 633 1338 708 exprimit,

135 721 209 792 σόμιι
222 719 362 795 enraged-o
375 739 418 788 μοι
433 735 440 786 ;
463 720 604 788 quatenus
618 729 670 786 per
681 710 911 768 incarnationem
927 711 1037 787 Corpus
1053 712 1166 769 Christo
1180 713 1221 770 ite
1235 713 1340 771 forme·

134 811 196 856 tum
211 804 263 866 est,
280 807 309 853 et
324 803 452 870 aptatum
467 811 485 848 a
501 790 609 867 Spiritu
626 789 741 864 Sancto,
767 799 800 847 ut
813 790 843 847 in
871 810 905 848 eo
920 791 1025 849 servile
1047 792 1237 850 ministerium
1252 795 1340 870 obire,

135 886 166 935 et
180 875 296 934 obedire
312 874 392 931 Patri
407 892 440 930 nc
454 871 595 928 immolari
612 877 719 947 posset.

137 995 177 1041 An
199 991 292 1040 Chris„
320 991 379 1036 cor·
440 950 517 1008 XII.
542 950 574 1008 Si
589 950 739 1023 Quaeratur
752 968 830 1024 vero,
845 958 878 1007 ut
892 949 955 1008 lita
972 950 1166 1024 Scholasticis,
1191 951 1342 1024 Quomodo

166 1065 209 1111 pus
228 1052 304 1096 fuerit
329 1051 378 1094 ror-
399 1031 454 1088 hoc
469 1031 507 1088 sit
521 1040 667 1105 peractum
683 1049 700 1086 e
716 1029 825 1106 Spiritu
849 1030 903 1087 S?
918 1031 967 1086 An
981 1031 1011 1087 in
1029 1041 1183 1104 momento,
1208 1032 1257 1088 An
1272 1051 1342 1090 rere

165 1116 257 1154 marum
273 1122 379 1153 momen·
401 1111 587 1168 successive?
629 1109 772 1167 Distinete
784 1109 950 1185 responderi
966 1119 1068 1186 potest,
1084 1112 1153 1168 nim.
1168 1119 1200 1168 ut
1220 1113 1274 1169 tria
1295 1111 1342 1170 hic

165 1172 259 1272 3³30?ss
287 1179 380 1211 πω
401 1198 574 1248 occurrunt:
619 1193 644 1246 1.
668 1189 842 1265 Praeparstio
856 1189 992 1263 materiae,
1008 1209 1046 1247 err
1060 1211 1117 1266 qua
1131 1191 1282 1248 formatum
1298 1199 1342 1249 est

400 1270 511 1346 Corpus
531 1268 656 1344 Christi;
692 1273 720 1326 2.
743 1268 890 1326 Formatio
916 1269 1051 1346 Corporis
1075 1289 1112 1327 ex
1140 1271 1260 1328 materia
1287 1271 1344 1328 ista

137 1351 191 1410 rite
222 1357 404 1428 proeparate3
448 1353 476 1407 3.
512 1348 654 1406 Perfectio
690 1347 820 1424 ejusdcm
848 1348 983 1425 Corporis
1009 1370 1061 1426 per
1089 1370 1140 1408 sua
1167 1349 1344 1408 incrementa

136 1431 276 1510 paulatim
301 1429 339 1488 ad
363 1430 472 1506 justam
500 1429 689 1504 quantitatem
714 1427 853 1504 perducti.
904 1428 1006 1502 Quoad
1033 1429 1156 1506 primurn
1185 1439 1214 1488 et
1228 1431 1344 1488 tertium

137 1511 323 1569 consentiunt
337 1528 436 1566 omnes
456 1507 618 1566 successive
633 1507 720 1564 fuisse
745 1515 869 1583 peracta.
914 1508 971 1565 Sed
986 1509 1080 1584 quoad
1095 1511 1251 1566 secundum
1267 1509 1346 1586 quod

136 1588 339 1648 formationem
355 1587 489 1664 Corporis
508 1587 633 1664 respicit,
649 1587 812 1663 disputatur
826 1587 900 1644 inter
914 1588 1087 1664 TheologoS,
1107 1588 1171 1646 eliis
1186 1598 1344 1648 momenta·

138 1690 231 1740 nearrr,
248 1669 314 1726 aliis
329 1669 522 1726 successuram
534 1666 732 1725 formationem
743 1667 922 1742 urgentibus,
935 1667 972 1724 ad
986 1687 1059 1742 quos
1070 1669 1156 1726 etiarn
1171 1668 1344 1726 accedimus.

181 1749 277 1807 XIII.
304 1751 328 1805 1.
351 1747 638 1821 Quismomenteuee
654 1746 706 1803 illa
732 1745 865 1803 formatio
893 1747 1027 1822 Corporis
1056 1747 1162 1805 Christi
1187 1748 1301 1824 inteng,
1317 1756 1347 1806 et

140 1849 205 1888 curn
220 1827 317 1886 anime
331 1827 496 1903 conjunctio
510 1826 630 1902 fingitur
640 1825 701 1883 sirre
718 1825 872 1901 Scriptura,
888 1826 919 1882 in
941 1845 998 1902 qua
1011 1827 1122 1884 nullum
1137 1827 1203 1884 talis
1218 1827 1346 1886 formati·

141 1909 204 1968 onis
225 1907 406 1966 miraculosae
417 1915 498 1965 extat
518 1905 683 1981 vestigium.
727 1905 790 1962 Iuro
811 1925 947 1980 expresse
975 1907 1111 1982 temporis
1134 1906 1226 1983 spatia
1246 1907 1276 1964 in
1291 1908 1346 1966 hoc

141 1989 259 2066 negotio
274 1996 475 2060 memorantur,
502 1993 626 2043 etactus
654 1985 865 2060 conceptionis,
896 1985 1105 2060 Generatiorris,
1122 1995 1151 2044 et
1179 1987 1348 2045 Nativitatis

142 2068 278 2126 distincta
289 2075 482 2138 recensentur,
498 2073 527 2123 et
541 2065 576 2122 iis
590 2074 704 2140 tempus
719 2064 894 2122 ordinarium
912 2064 1093 2140 adscribitur,
1114 2067 1183 2125 Luc.
1199 2067 1217 2124 i.
1234 2070 1280 2140 26,
1298 2069 1345 2142 38,

142 2151 189 2222 56,
203 2151 251 2221 57,
267 2156 297 2204 et
310 2147 340 2204 ii.
357 2148 383 2204 6.
420 2151 447 2204 a.
470 2145 544 2219 Quin
566 2144 697 2202 Christus
711 2145 740 2201 irr
756 2145 950 2220 assumptione
971 2155 1081 2203 naturoe
1095 2147 1227 2204 humanae
1243 2147 1349 2204 dicitur

142 2227 235 2285 factus
249 2227 334 2284 nobis
349 2225 460 2298 similis,
481 2245 518 2283 ne
539 2225 669 2300 exeeptis
689 2223 806 2300 quidem
828 2224 1050 2298 infirmitatibus,
1074 2226 1123 2283 sed
1144 2227 1205 2284 solo
1220 2236 1348 2302 peccate.

143 2307 221 2384 Ergo
236 2326 295 2363 non
308 2314 463 2377 momente,
480 2303 623 2378 scdjuxta
637 2303 766 2361 ordinem
777 2313 944 2362 consuetum
957 2305 1095 2381 paulatim
1109 2305 1224 2364 formari
1240 2307 1348 2366 debuit.

144 2389 172 2445 3.
194 2387 270 2459 Quia
284 2385 376 2443 erevit
390 2393 472 2442 extra
485 2392 598 2442 uterum
613 2403 692 2441 more
719 2383 840 2440 aliorum
863 2403 1023 2460 corporum,
1040 2386 1119 2462 Ergo
1133 2405 1190 2443 non
1206 2387 1262 2444 alia
1277 2386 1350 2446 ratio

144 2465 244 2524 debuit
258 2485 321 2523 esse
336 2464 514 2522 formationis
529 2463 559 2520 irr
574 2472 663 2534 utero,
680 2463 823 2539 quomodo
839 2474 867 2522 et
876 2465 999 2541 gestatio
1014 2465 1068 2523 fuit
1083 2467 1247 2524 successiva
1261 2476 1290 2524 et
1304 2487 1349 2524 οι·

144 2544 254 2604 dineria
275 2563 380 2602 novem
401 2543 562 2618 mensium
585 2543 662 2619 quod
683 2543 789 2601 frustra
809 2543 918 2616 fuisset,
942 2545 965 2602 si
988 2556 1133 2603 momento
1158 2547 1308 2603 sorrnatum
1322 2556 1351 2605 et

144 2624 302 2702 perfeetum
331 2623 441 2682 suisset.
485 2623 559 2680 Nam
584 2623 609 2680 si
630 2633 774 2681 momento
795 2624 953 2698 perlectum
974 2624 1028 2682 luit
1043 2625 1149 2683 Christi
1164 2627 1283 2701 Corpus,
1299 2645 1349 2702 po·

145 2705 249 2763 tuisset
262 2704 343 2761 nasei
358 2703 464 2779 pariter
478 2703 578 2760 codam
600 2713 754 2776 momento,
776 2723 830 2760 rree
851 2702 999 2761 debuisset
1013 2705 1048 2761 B.
1071 2704 1164 2780 Virgo
1178 2705 1350 2780 gestationis

146 2783 297 2842 ordinariae
312 2783 460 2841 molestias
474 2791 503 2840 et
516 2783 629 2840 labores
641 2782 791 2840 sustinere.
1263 2797 1265 2802 ·

186 2863 277 2921 XIV.
300 2863 365 2920 Non
381 2861 539 2938 putandum
554 2871 598 2919 est
612 2862 666 2919 hoc
681 2861 787 2936 dogma
801 2860 954 2935 quicquam
980 2869 1104 2919 statuere
1118 2861 1268 2937 indignum
1287 2862 1350 2938 Spi-

146 2943 204 3002 ritu
221 2944 337 3002 Saneto.
380 2942 454 3016 Quia
474 2941 543 2999 licet
563 2941 687 3017 potuerit
709 2941 770 2997 sine
791 2959 878 3012 mora,
902 2948 931 2997 et
958 2941 1043 2998 unico
1070 2952 1215 2999 momento
1241 2942 1352 3017 Corpus

147 3023 253 3082 Christi
268 3021 432 3081 efformare:
454 3021 521 3079 Non
548 3021 645 3078 obstat
664 3029 769 3092 tarrrerr,
792 3019 945 3095 quominus
960 3020 1122 3077 successive
1147 3020 1194 3077 hic
1218 3029 1353 3096 operatus

148 3102 193 3177 sit,
207 3111 242 3162 ut
256 3103 293 3161 ab
313 3100 489 3178 imperfectis
509 3099 546 3158 ad
566 3098 693 3176 perfecta
714 3099 788 3156 solet
815 3097 968 3174 procedere
992 3098 1021 3155 irr
1035 3099 1170 3174 operibus
1191 3100 1308 3158 Naturae
1323 3109 1352 3158 et

148 3181 266 3241 Gratia.
309 3181 370 3240 Nee
385 3181 507 3239 multum
519 3178 608 3238 refert
635 3177 830 3254 scrupulosius
857 3177 1009 3253 inquirere,
1035 3198 1093 3255 quo
1115 3187 1242 3256 ternpore
1257 3181 1354 3238 anima

147 3262 230 3320 nnita
243 3261 330 3320 fuerit
344 3260 472 3338 Corpori,
488 3268 517 3319 et
531 3259 613 3331 ntea
625 3257 720 3316 Carni.
765 3257 875 3316 Sufficit
885 3266 918 3315 ut
933 3258 1090 3330 credamus,
1106 3267 1237 3317 naturam
1252 3261 1353 3318 huma·

148 3359 215 3398 narn
237 3361 276 3400 ex
296 3360 354 3417 quo
376 3360 439 3398 esse
461 3340 556 3416 erepit,
578 3357 725 3414 nunquam
747 3337 865 3396 seorsim
881 3338 985 3414 eniyq
1005 3339 1144 3413 extitisse,
1174 3339 1225 3398 sed
1240 3339 1355 3417 abipso

150 3419 239 3479 fuisse
254 3429 440 3496 assumptam,
462 3420 562 3496 illique
583 3418 694 3477 unitam
722 3418 912 3495 hypostatice.
955 3420 994 3477 Et
1015 3418 1039 3476 si
1054 3421 1149 3476 anima
1170 3420 1282 3477 infundi
1296 3440 1354 3478 non

150 3501 243 3576 potuit
258 3501 287 3557 in
302 3520 406 3577 corpus
420 3499 476 3557 nisi
488 3501 548 3574 jam
564 3499 771 3575 organizatnm,
787 3507 816 3556 et
827 3498 910 3574 plane
922 3498 1084 3574 formatum,
1097 3499 1199 3576 dequo
1214 3521 1270 3559 non
1287 3521 1354 3558 corr-

150 3581 278 3638 sentiunt
288 3579 363 3638 inter
377 3599 407 3637 se
423 3579 549 3654 Mediei;
573 3579 638 3636 Non
653 3579 782 3654 sequitur
803 3579 882 3648 Atyn
903 3599 961 3637 non
985 3581 1113 3656 potuisse
1128 3600 1242 3638 earnem
1259 3581 1356 3638 stetim

151 3659 206 3716 sibi
220 3659 311 3732 unire,
328 3679 393 3717 curn
408 3679 480 3735 opus
491 3660 554 3735 ejus
565 3679 623 3716 non
637 3659 729 3735 possit
744 3666 793 3716 aut
803 3669 944 3735 praesente
957 3667 1006 3718 aut
1020 3660 1138 3718 absente
1153 3660 1248 3718 anima
1259 3681 1356 3718 coare·

151 3739 214 3796 tari.
257 3739 319 3798 Nec
338 3739 432 3815 magis
452 3738 607 3796 absurdum
629 3748 674 3796 cst
694 3739 805 3815 Corpus
827 3739 934 3797 Christi
957 3740 1084 3798 nondum
1106 3741 1262 3798 animatum
1284 3739 1358 3798 uniri

151 3819 234 3895 Δι’γςι,
251 3838 336 3895 quarn
352 3818 428 3876 idem
435 3819 496 3895 jam
507 3818 702 3876 exanimatum
717 3818 747 3875 irr
763 3818 914 3895 sepulchro
926 3819 1019 3877 eidem
1036 3821 1220 3896 conjunctum
1232 3839 1357 3894 manere,

151 3908 184 3957 ut
198 3897 342 3975 'theologi
355 3906 517 3974 agnoscunt
530 3898 637 3955 sactum
653 3897 741 3955 luisse
756 3897 785 3954 in
799 3907 891 3956 morte
906 3899 1021 3957 Christi.

193 3977 265 4036 XV.
289 3978 336 4035 Ex
360 3978 414 4035 hae
433 3977 604 4036 miraculosa
626 3977 812 4054 conceptione
827 3977 934 4036 Christi
950 3997 987 4036 ex
1014 3977 1122 4053 Spiritu
1139 3977 1253 4047 Sancto,
1269 3977 1361 4034 oritur

152 4057 318 4115 omnimoda
342 4057 480 4116 sanctitas
495 4057 610 4130 Christi,
627 4066 655 4115 et
674 4057 818 4132 exemptio
843 4057 880 4114 ab
894 4057 971 4114 omni
988 4065 1114 4133 peceato,
1131 4064 1191 4113 tum
1209 4055 1358 4131 imputate,

152 4145 213 4196 tum
234 4137 400 4195 inhaerente.
443 4137 505 4194 Nec
524 4137 620 4195 obstat
639 4136 716 4213 quod
735 4134 849 4195 dicatur
871 4137 963 4194 Filius
978 4134 1094 4208 Adami,
1111 4135 1181 4193 Luc.
1205 4133 1244 4191 iii.
1267 4138 1313 4208 38,
1330 4135 1360 4193 irr

152 4237 210 4293 quo
225 4236 323 4275 omnes
337 4217 410 4274 mori
426 4216 567 4290 dicuntur,
592 4220 604 4272 1
624 4217 688 4275 Cor.
703 4237 754 4274 xv.
769 4220 817 4273 22.
840 4216 914 4289 Quia
936 4214 1098 4272 communio
1118 4213 1228 4290 peccati
1247 4221 1360 4272 tanturn

151 4296 277 4373 pertinet
300 4297 337 4354 ad
359 4295 504 4354 naturales
519 4296 582 4372 ejus
596 4305 735 4372 posteros,
750 4295 800 4372 qui
814 4296 863 4352 via
873 4294 1017 4352 ordinaria.
1031 4293 1067 4350 ab
1081 4294 1144 4370 ipso
1156 4301 1223 4351 sunt
1237 4292 1361 4368 oriundi,

152 4395 212 4433 non
222 4375 260 4433 ed
275 4375 377 4452 ipsum,
393 4375 443 4451 qui
456 4373 543 4432 nrodo
556 4375 641 4450 plane
656 4374 882 4434 extraordinario
897 4374 933 4432 ab
948 4393 982 4431 ee
996 4372 1153 4431 deseendit.
1196 4372 1236 4429 Et
1249 4380 1281 4430 ut
1295 4393 1359 4446 gra·

152 4455 194 4513 tia
215 4464 322 4513 senctae
343 4455 538 4531 conceptionis
559 4455 640 4512 illurn
655 4456 870 4532 praeservarita
884 4452 1101 4530 participatione
1114 4452 1244 4525 maculae,
1260 4451 1361 4527 quidni

153 4534 295 4593 exemerit
315 4535 410 4612 ipsum
430 4553 447 4590 a
468 4542 556 4606 reatu,
573 4534 623 4610 qui
645 4535 714 4593 solis
727 4534 907 4592 naturalibus
921 4534 1011 4611 ipsius
1025 4531 1188 4591 haeredibus
1203 4532 1361 4590 seeundum

153 4613 284 4672 ordinem
299 4615 355 4674 Dei
365 4613 501 4690 imputari
515 4613 612 4672 solet?
633 4613 672 4672 Et
694 4614 719 4673 si
738 4613 869 4672 Christus
884 4614 979 4691 potuit
993 4633 1055 4672 esse
1069 4613 1100 4672 in
1113 4611 1220 4671 lumbis
1235 4611 1362 4670 Abrahae
