<?xml version="1.0" encoding="UTF-8"?>
<!DOCTYPE html PUBLIC "-//W3C//DTD XHTML 1.0 Transitional//EN"
    "http://www.w3.org/TR/xhtml1/DTD/xhtml1-transitional.dtd">
<html xmlns="http://www.w3.org/1999/xhtml" xml:lang="en" lang="en">
 <head>
  <title>
</title>
<meta http-equiv="Content-Type" content="text/html;charset=utf-8" />
  <meta name='ocr-system' content='tesseract 3.04.00' />
  <meta name='ocr-capabilities' content='ocr_page ocr_carea ocr_par ocr_line ocrx_word'/>
</head>
<body>
  <div class='ocr_page' id='page_1' title='image "./francisciturret00pictgoog_0158.png"; bbox 0 0 3202 5194; ppageno 0'>
   <div class='ocr_carea' id='block_1_1' title="bbox 144 339 1355 422">
    <p class='ocr_par' dir='ltr' id='par_1_1' title="bbox 144 339 1355 422">
     <span class='ocr_line' id='line_1_1' title="bbox 144 339 1355 422; baseline -0.025 -8"><span class='ocrx_word' id='word_1_1' title='bbox 144 362 261 414; x_wconf 69' lang='lat' dir='ltr'><strong>soffl-</strong></span> <span class='ocrx_word' id='word_1_2' title='bbox 275 339 378 422; x_wconf 74' lang='lat' dir='ltr'><strong>xxffl·]</strong></span> <span class='ocrx_word' id='word_1_3' title='bbox 648 359 687 400; x_wconf 82' lang='lat' dir='ltr'><strong>ns</strong></span> <span class='ocrx_word' id='word_1_4' title='bbox 702 359 779 400; x_wconf 82' lang='lat' dir='ltr'><strong>susa</strong></span> <span class='ocrx_word' id='word_1_5' title='bbox 795 359 854 400; x_wconf 83' lang='lat' dir='ltr'><strong>uer.</strong></span> <span class='ocrx_word' id='word_1_6' title='bbox 1299 345 1355 402; x_wconf 73' lang='lat'><strong>127</strong></span> 
     </span>
    </p>
   </div>
   <div class='ocr_carea' id='block_1_2' title="bbox 146 497 1370 4754">
    <p class='ocr_par' dir='ltr' id='par_1_2' title="bbox 146 497 1368 2187">
     <span class='ocr_line' id='line_1_2' title="bbox 146 497 1366 579; baseline -0.002 -14"><span class='ocrx_word' id='word_1_7' title='bbox 146 505 227 566; x_wconf 89' lang='lat' dir='ltr'><strong>tione</strong></span> <span class='ocrx_word' id='word_1_8' title='bbox 241 511 271 564; x_wconf 89' lang='lat' dir='ltr'><strong>et</strong></span> <span class='ocrx_word' id='word_1_9' title='bbox 284 522 342 564; x_wconf 89' lang='lat' dir='ltr'><strong>usu</strong></span> <span class='ocrx_word' id='word_1_10' title='bbox 355 499 495 561; x_wconf 83' lang='lat' dir='ltr'><strong>doctrinae</strong></span> <span class='ocrx_word' id='word_1_11' title='bbox 508 500 539 560; x_wconf 91' lang='lat' dir='ltr'><strong>in</strong></span> <span class='ocrx_word' id='word_1_12' title='bbox 553 521 588 560; x_wconf 92' lang='lat' dir='ltr'><strong>ea</strong></span> <span class='ocrx_word' id='word_1_13' title='bbox 601 501 731 562; x_wconf 77' lang='lat' dir='ltr'><strong>tradita:</strong></span> <span class='ocrx_word' id='word_1_14' title='bbox 745 501 797 560; x_wconf 88' lang='lat' dir='ltr'><strong>illa</strong></span> <span class='ocrx_word' id='word_1_15' title='bbox 810 499 917 560; x_wconf 90' lang='lat' dir='ltr'><strong>mutari</strong></span> <span class='ocrx_word' id='word_1_16' title='bbox 931 497 1032 562; x_wconf 79' lang='lat' dir='ltr'>debuit</span> <span class='ocrx_word' id='word_1_17' title='bbox 1045 509 1075 561; x_wconf 93' lang='lat' dir='ltr'><strong>et</strong></span> <span class='ocrx_word' id='word_1_18' title='bbox 1089 519 1210 579; x_wconf 87' lang='lat' dir='ltr'><strong>cessare,</strong></span> <span class='ocrx_word' id='word_1_19' title='bbox 1223 509 1252 562; x_wconf 92' lang='lat' dir='ltr'><strong>et</strong></span> <span class='ocrx_word' id='word_1_20' title='bbox 1262 504 1366 562; x_wconf 77' lang='lat' dir='ltr'><strong>reiera</strong></span> 
     </span>
     <span class='ocr_line' id='line_1_3' title="bbox 148 581 1364 661; baseline -0.002 -16"><span class='ocrx_word' id='word_1_21' title='bbox 148 585 294 661; x_wconf 70' lang='lat' dir='ltr'><strong>cessavit,</strong></span> <span class='ocrx_word' id='word_1_22' title='bbox 317 584 374 642; x_wconf 88' lang='lat' dir='ltr'><strong>ista</strong></span> <span class='ocrx_word' id='word_1_23' title='bbox 396 601 467 640; x_wconf 82' lang='lat' dir='ltr'><strong>vero</strong></span> <span class='ocrx_word' id='word_1_24' title='bbox 491 602 551 640; x_wconf 91' lang='lat' dir='ltr'><strong>non</strong></span> <span class='ocrx_word' id='word_1_25' title='bbox 574 582 654 641; x_wconf 89' lang='lat' dir='ltr'><strong>item.</strong></span> <span class='ocrx_word' id='word_1_26' title='bbox 697 581 791 642; x_wconf 88' lang='lat' dir='ltr'><strong>Priori</strong></span> <span class='ocrx_word' id='word_1_27' title='bbox 809 603 895 642; x_wconf 88' lang='lat' dir='ltr'><strong>sensu</strong></span> <span class='ocrx_word' id='word_1_28' title='bbox 910 582 1043 642; x_wconf 86' lang='lat' dir='ltr'><strong>Christus</strong></span> <span class='ocrx_word' id='word_1_29' title='bbox 1062 583 1199 660; x_wconf 89' lang='lat' dir='ltr'><strong>loquitur,</strong></span> <span class='ocrx_word' id='word_1_30' title='bbox 1215 583 1287 642; x_wconf 91' lang='lat' dir='ltr'><strong>Luc.</strong></span> <span class='ocrx_word' id='word_1_31' title='bbox 1301 583 1364 643; x_wconf 87' lang='lat' dir='ltr'><strong>xvi.</strong></span> 
     </span>
     <span class='ocr_line' id='line_1_4' title="bbox 153 661 1365 742; baseline -0.001 -18"><span class='ocrx_word' id='word_1_32' title='bbox 153 669 200 742; x_wconf 85' lang='grc'><strong>16,</strong></span> <span class='ocrx_word' id='word_1_33' title='bbox 214 683 305 742; x_wconf 90' lang='lat' dir='ltr'><strong>quum</strong></span> <span class='ocrx_word' id='word_1_34' title='bbox 319 664 368 738; x_wconf 82' lang='lat' dir='ltr'><strong>ait,</strong></span> <span class='ocrx_word' id='word_1_35' title='bbox 393 665 411 697; x_wconf 87' lang='lat'>“</span> <span class='ocrx_word' id='word_1_36' title='bbox 426 663 536 740; x_wconf 86' lang='lat' dir='ltr'><strong>Legem</strong></span> <span class='ocrx_word' id='word_1_37' title='bbox 558 661 677 721; x_wconf 79' lang='lat' dir='ltr'><strong>durasse</strong></span> <span class='ocrx_word' id='word_1_38' title='bbox 692 681 784 740; x_wconf 88' lang='lat' dir='ltr'><strong>usque</strong></span> <span class='ocrx_word' id='word_1_39' title='bbox 795 662 833 722; x_wconf 92' lang='lat' dir='ltr'><strong>ad</strong></span> <span class='ocrx_word' id='word_1_40' title='bbox 846 663 868 723; x_wconf 92' lang='lat' dir='ltr'><strong>J</strong></span> <span class='ocrx_word' id='word_1_41' title='bbox 870 662 1042 738; x_wconf 88' lang='lat' dir='ltr'><strong>ohannem,”</strong></span> <span class='ocrx_word' id='word_1_42' title='bbox 1066 662 1190 722; x_wconf 90' lang='lat' dir='ltr'><strong>sednon</strong></span> <span class='ocrx_word' id='word_1_43' title='bbox 1203 663 1365 741; x_wconf 72' lang='lat' dir='ltr'><strong>posteriori.</strong></span> 
     </span>
     <span class='ocr_line' id='line_1_5' title="bbox 151 743 1366 821; baseline -0.002 -16"><span class='ocrx_word' id='word_1_44' title='bbox 151 747 214 805; x_wconf 87' lang='lat' dir='ltr'><strong>Nec</strong></span> <span class='ocrx_word' id='word_1_45' title='bbox 229 745 254 804; x_wconf 90' lang='lat' dir='ltr'><strong>si</strong></span> <span class='ocrx_word' id='word_1_46' title='bbox 268 743 430 803; x_wconf 87' lang='lat' dir='ltr'><strong>oecouomia</strong></span> <span class='ocrx_word' id='word_1_47' title='bbox 443 743 563 819; x_wconf 90' lang='lat' dir='ltr'><strong>tollitur,</strong></span> <span class='ocrx_word' id='word_1_48' title='bbox 579 743 644 802; x_wconf 90' lang='lat' dir='ltr'><strong>tolli</strong></span> <span class='ocrx_word' id='word_1_49' title='bbox 657 743 744 802; x_wconf 88' lang='lat' dir='ltr'><strong>debet</strong></span> <span class='ocrx_word' id='word_1_50' title='bbox 758 743 845 802; x_wconf 89' lang='lat' dir='ltr'><strong>etiam</strong></span> <span class='ocrx_word' id='word_1_51' title='bbox 859 743 938 802; x_wconf 90' lang='lat' dir='ltr'><strong>omni</strong></span> <span class='ocrx_word' id='word_1_52' title='bbox 952 763 990 802; x_wconf 85' lang='lat' dir='ltr'><strong>ex</strong></span> <span class='ocrx_word' id='word_1_53' title='bbox 1003 751 1085 821; x_wconf 86' lang='lat' dir='ltr'><strong>parte</strong></span> <span class='ocrx_word' id='word_1_54' title='bbox 1099 743 1231 803; x_wconf 91' lang='lat' dir='ltr'><strong>doctrina</strong></span> <span class='ocrx_word' id='word_1_55' title='bbox 1251 763 1366 803; x_wconf 85' lang='lat' dir='ltr'><strong>oecono·</strong></span> 
     </span>
     <span class='ocr_line' id='line_1_6' title="bbox 150 823 1366 916; baseline -0.001 -31"><span class='ocrx_word' id='word_1_56' title='bbox 150 826 216 884; x_wconf 84' lang='lat' dir='ltr'><strong>miss</strong></span> <span class='ocrx_word' id='word_1_57' title='bbox 229 825 279 884; x_wconf 91' lang='lat' dir='ltr'><strong>isti</strong></span> <span class='ocrx_word' id='word_1_58' title='bbox 292 823 518 899; x_wconf 84' lang='lat' dir='ltr'><strong>accommodate,</strong></span> <span class='ocrx_word' id='word_1_59' title='bbox 540 823 592 916; x_wconf 74' lang='lat' dir='ltr'><strong>sed</strong></span> <span class='ocrx_word' id='word_1_60' title='bbox 605 829 718 883; x_wconf 68' lang='lat' dir='ltr'><strong>mutum</strong></span> <span class='ocrx_word' id='word_1_61' title='bbox 740 823 898 884; x_wconf 89' lang='lat' dir='ltr'><strong>secundum</strong></span> <span class='ocrx_word' id='word_1_62' title='bbox 922 824 1072 900; x_wconf 86' lang='lat' dir='ltr'><strong>rationem,</strong></span> <span class='ocrx_word' id='word_1_63' title='bbox 1098 824 1257 884; x_wconf 85' lang='lat' dir='ltr'><strong>secundum</strong></span> <span class='ocrx_word' id='word_1_64' title='bbox 1278 844 1366 902; x_wconf 89' lang='lat' dir='ltr'><strong>quam</strong></span> 
     </span>
     <span class='ocr_line' id='line_1_7' title="bbox 150 904 1365 1062; baseline -0.001 -18"><span class='ocrx_word' id='word_1_65' title='bbox 150 904 715 1062; x_wconf 45' lang='lat' dir='ltr'><strong>propuffigrlpstoegggoffigmdm</strong></span> <span class='ocrx_word' id='word_1_66' title='bbox 730 1001 793 1043; x_wconf 88' lang='lat' dir='ltr'><strong>esse</strong></span> <span class='ocrx_word' id='word_1_67' title='bbox 809 984 918 1062; x_wconf 82' lang='lat' dir='ltr'><strong>Legem</strong></span> <span class='ocrx_word' id='word_1_68' title='bbox 934 983 1114 1061; x_wconf 87' lang='lat' dir='ltr'><strong>Christianis,</strong></span> <span class='ocrx_word' id='word_1_69' title='bbox 1131 982 1225 1044; x_wconf 86' lang='lat' dir='ltr'><strong>Aliud</strong></span> <span class='ocrx_word' id='word_1_70' title='bbox 1236 1003 1297 1043; x_wconf 90' lang='lat' dir='ltr'><strong>nou</strong></span> <span class='ocrx_word' id='word_1_71' title='bbox 1310 984 1365 1043; x_wconf 89' lang='lat' dir='ltr'><strong>im-</strong></span> 
     </span>
     <span class='ocr_line' id='line_1_8' title="bbox 151 1063 1366 1145; baseline -0.001 -20"><span class='ocrx_word' id='word_1_72' title='bbox 151 1065 316 1145; x_wconf 90' lang='lat' dir='ltr'><strong>ponendum</strong></span> <span class='ocrx_word' id='word_1_73' title='bbox 327 1066 432 1143; x_wconf 87' lang='lat' dir='ltr'><strong>jugum</strong></span> <span class='ocrx_word' id='word_1_74' title='bbox 447 1065 621 1141; x_wconf 60' lang='grc' dir='ltr'><strong>ἀρείω-ηκτοι,</strong></span> <span class='ocrx_word' id='word_1_75' title='bbox 635 1065 771 1124; x_wconf 90' lang='lat' dir='ltr'><strong>nimirum</strong></span> <span class='ocrx_word' id='word_1_76' title='bbox 785 1063 1016 1124; x_wconf 86' lang='lat' dir='ltr'><strong>observationem</strong></span> <span class='ocrx_word' id='word_1_77' title='bbox 1028 1065 1254 1124; x_wconf 76' lang='lat' dir='ltr'><strong>circumcisionis</strong></span> <span class='ocrx_word' id='word_1_78' title='bbox 1268 1073 1298 1125; x_wconf 90' lang='lat' dir='ltr'><strong>et</strong></span> <span class='ocrx_word' id='word_1_79' title='bbox 1311 1085 1366 1124; x_wconf 81' lang='lat' dir='ltr'><strong>cac·</strong></span> 
     </span>
     <span class='ocr_line' id='line_1_9' title="bbox 152 1145 1366 1223; baseline 0.002 -19"><span class='ocrx_word' id='word_1_80' title='bbox 152 1147 344 1206; x_wconf 88' lang='lat' dir='ltr'><strong>remoniarum</strong></span> <span class='ocrx_word' id='word_1_81' title='bbox 357 1145 505 1222; x_wconf 87' lang='lat' dir='ltr'><strong>legalium.</strong></span> <span class='ocrx_word' id='word_1_82' title='bbox 549 1145 635 1204; x_wconf 84' lang='lat' dir='ltr'><strong>Prius</strong></span> <span class='ocrx_word' id='word_1_83' title='bbox 647 1165 706 1204; x_wconf 93' lang='lat' dir='ltr'><strong>non</strong></span> <span class='ocrx_word' id='word_1_84' title='bbox 720 1155 886 1204; x_wconf 82' lang='lat' dir='ltr'><strong>removetur</strong></span> <span class='ocrx_word' id='word_1_85' title='bbox 898 1165 917 1202; x_wconf 90' lang='lat' dir='ltr'><strong>a</strong></span> <span class='ocrx_word' id='word_1_86' title='bbox 930 1145 1109 1222; x_wconf 85' lang='lat' dir='ltr'><strong>Christianis,</strong></span> <span class='ocrx_word' id='word_1_87' title='bbox 1126 1145 1177 1206; x_wconf 88' lang='lat' dir='ltr'><strong>sed</strong></span> <span class='ocrx_word' id='word_1_88' title='bbox 1192 1146 1285 1205; x_wconf 87' lang='lat' dir='ltr'><strong>solum</strong></span> <span class='ocrx_word' id='word_1_89' title='bbox 1299 1165 1366 1223; x_wconf 88' lang='lat' dir='ltr'><strong>pos·</strong></span> 
     </span>
     <span class='ocr_line' id='line_1_10' title="bbox 152 1223 1368 1304; baseline -0.001 -18"><span class='ocrx_word' id='word_1_90' title='bbox 152 1229 262 1286; x_wconf 88' lang='lat' dir='ltr'><strong>terius:</strong></span> <span class='ocrx_word' id='word_1_91' title='bbox 290 1226 359 1284; x_wconf 83' lang='lat' dir='ltr'><strong>Act.</strong></span> <span class='ocrx_word' id='word_1_92' title='bbox 382 1245 434 1285; x_wconf 80' lang='lat' dir='ltr'><strong>xv.</strong></span> <span class='ocrx_word' id='word_1_93' title='bbox 459 1229 506 1302; x_wconf 92' lang='grc'><strong>10,</strong></span> <span class='ocrx_word' id='word_1_94' title='bbox 530 1227 548 1258; x_wconf 87' lang='grc'>“</span> <span class='ocrx_word' id='word_1_95' title='bbox 570 1223 648 1300; x_wconf 86' lang='lat' dir='ltr'><strong>Quid</strong></span> <span class='ocrx_word' id='word_1_96' title='bbox 669 1225 788 1284; x_wconf 85' lang='lat' dir='ltr'><strong>tentatis</strong></span> <span class='ocrx_word' id='word_1_97' title='bbox 811 1225 914 1302; x_wconf 89' lang='lat' dir='ltr'><strong>Deum,</strong></span> <span class='ocrx_word' id='word_1_98' title='bbox 938 1225 1112 1304; x_wconf 89' lang='lat' dir='ltr'><strong>imponendo</strong></span> <span class='ocrx_word' id='word_1_99' title='bbox 1130 1227 1236 1304; x_wconf 90' lang='lat' dir='ltr'><strong>jugum</strong></span> <span class='ocrx_word' id='word_1_100' title='bbox 1260 1225 1368 1285; x_wconf 83' lang='lat' dir='ltr'><strong>cervici</strong></span> 
     </span>
     <span class='ocr_line' id='line_1_11' title="bbox 152 1305 1366 1384; baseline 0.001 -19"><span class='ocrx_word' id='word_1_101' title='bbox 152 1306 367 1384; x_wconf 90' lang='lat' dir='ltr'><strong>discipulorum,</strong></span> <span class='ocrx_word' id='word_1_102' title='bbox 383 1306 462 1382; x_wconf 93' lang='lat' dir='ltr'><strong>quod</strong></span> <span class='ocrx_word' id='word_1_103' title='bbox 474 1325 569 1384; x_wconf 89' lang='lat' dir='ltr'><strong>neque</strong></span> <span class='ocrx_word' id='word_1_104' title='bbox 580 1305 682 1364; x_wconf 86' lang='lat' dir='ltr'><strong>Patres</strong></span> <span class='ocrx_word' id='word_1_105' title='bbox 695 1305 788 1364; x_wconf 78' lang='lat' dir='ltr'><strong>nostri</strong></span> <span class='ocrx_word' id='word_1_106' title='bbox 801 1323 896 1383; x_wconf 91' lang='lat' dir='ltr'><strong>neque</strong></span> <span class='ocrx_word' id='word_1_107' title='bbox 909 1325 964 1365; x_wconf 89' lang='lat' dir='ltr'><strong>nos</strong></span> <span class='ocrx_word' id='word_1_108' title='bbox 983 1315 1098 1384; x_wconf 86' lang='lat' dir='ltr'><strong>portare</strong></span> <span class='ocrx_word' id='word_1_109' title='bbox 1112 1307 1287 1366; x_wconf 85' lang='lat' dir='ltr'><strong>valuimus.”</strong></span> <span class='ocrx_word' id='word_1_110' title='bbox 1311 1307 1366 1366; x_wconf 90' lang='lat' dir='ltr'><strong>Pa·</strong></span> 
     </span>
     <span class='ocr_line' id='line_1_12' title="bbox 152 1386 1366 1465; baseline -0.002 -19"><span class='ocrx_word' id='word_1_111' title='bbox 152 1394 196 1446; x_wconf 88' lang='lat' dir='ltr'><strong>tet</strong></span> <span class='ocrx_word' id='word_1_112' title='bbox 218 1407 257 1446; x_wconf 84' lang='lat' dir='ltr'><strong>ex</strong></span> <span class='ocrx_word' id='word_1_113' title='bbox 280 1386 431 1446; x_wconf 86' lang='lat' dir='ltr'><strong>occasione</strong></span> <span class='ocrx_word' id='word_1_114' title='bbox 455 1387 575 1446; x_wconf 91' lang='lat' dir='ltr'><strong>istorum</strong></span> <span class='ocrx_word' id='word_1_115' title='bbox 589 1386 753 1462; x_wconf 85' lang='lat' dir='ltr'><strong>verborum,</strong></span> <span class='ocrx_word' id='word_1_116' title='bbox 768 1405 835 1464; x_wconf 79' lang='lat' dir='ltr'><strong>quas</strong></span> <span class='ocrx_word' id='word_1_117' title='bbox 853 1394 971 1446; x_wconf 76' lang='lat' dir='ltr'><strong>notatur</strong></span> <span class='ocrx_word' id='word_1_118' title='bbox 983 1406 1014 1446; x_wconf 82' lang='lat' dir='ltr'><strong>v.</strong></span> <span class='ocrx_word' id='word_1_119' title='bbox 1029 1390 1057 1464; x_wconf 81' lang='lat'><strong>5,</strong></span> <span class='ocrx_word' id='word_1_120' title='bbox 1078 1386 1157 1465; x_wconf 89' lang='lat' dir='ltr'><strong>quod</strong></span> <span class='ocrx_word' id='word_1_121' title='bbox 1171 1386 1290 1465; x_wconf 89' lang='lat' dir='ltr'><strong>quidam</strong></span> <span class='ocrx_word' id='word_1_122' title='bbox 1304 1405 1366 1446; x_wconf 89' lang='lat' dir='ltr'><strong>sur·</strong></span> 
     </span>
     <span class='ocr_line' id='line_1_13' title="bbox 153 1465 1368 1546; baseline 0.001 -21"><span class='ocrx_word' id='word_1_123' title='bbox 153 1467 306 1542; x_wconf 85' lang='lat' dir='ltr'><strong>rexissent,</strong></span> <span class='ocrx_word' id='word_1_124' title='bbox 321 1467 372 1545; x_wconf 92' lang='lat' dir='ltr'><strong>qui</strong></span> <span class='ocrx_word' id='word_1_125' title='bbox 396 1465 533 1526; x_wconf 87' lang='lat' dir='ltr'><strong>dicebant</strong></span> <span class='ocrx_word' id='word_1_126' title='bbox 556 1474 688 1544; x_wconf 90' lang='lat' dir='ltr'><strong>oportere</strong></span> <span class='ocrx_word' id='word_1_127' title='bbox 711 1469 729 1500; x_wconf 89' lang='lat'>“</span> <span class='ocrx_word' id='word_1_128' title='bbox 743 1465 948 1526; x_wconf 88' lang='lat' dir='ltr'><strong>circumcidere</strong></span> <span class='ocrx_word' id='word_1_129' title='bbox 963 1465 1151 1544; x_wconf 79' lang='lat' dir='ltr'><strong>Christianos,</strong></span> <span class='ocrx_word' id='word_1_130' title='bbox 1167 1475 1197 1528; x_wconf 82' lang='lat' dir='ltr'><strong>ct</strong></span> <span class='ocrx_word' id='word_1_131' title='bbox 1209 1468 1368 1546; x_wconf 76' lang='lat' dir='ltr'><strong>praecipere</strong></span> 
     </span>
     <span class='ocr_line' id='line_1_14' title="bbox 153 1546 1366 1626; baseline 0.002 -20"><span class='ocrx_word' id='word_1_132' title='bbox 153 1557 187 1606; x_wconf 91' lang='lat' dir='ltr'><strong>ut</strong></span> <span class='ocrx_word' id='word_1_133' title='bbox 200 1548 356 1606; x_wconf 84' lang='lat' dir='ltr'><strong>observent</strong></span> <span class='ocrx_word' id='word_1_134' title='bbox 370 1546 480 1624; x_wconf 85' lang='lat' dir='ltr'><strong>Legem</strong></span> <span class='ocrx_word' id='word_1_135' title='bbox 495 1547 618 1624; x_wconf 85' lang='lat' dir='ltr'><strong>Mosis,&#39;’</strong></span> <span class='ocrx_word' id='word_1_136' title='bbox 640 1547 776 1604; x_wconf 90' lang='lat' dir='ltr'><strong>nimirum</strong></span> <span class='ocrx_word' id='word_1_137' title='bbox 797 1547 1034 1624; x_wconf 79' lang='lat' dir='ltr'><strong>caeremonialem,</strong></span> <span class='ocrx_word' id='word_1_138' title='bbox 1056 1557 1090 1608; x_wconf 88' lang='lat' dir='ltr'><strong>ut</strong></span> <span class='ocrx_word' id='word_1_139' title='bbox 1108 1549 1256 1626; x_wconf 83' lang='lat' dir='ltr'><strong>colligitur</strong></span> <span class='ocrx_word' id='word_1_140' title='bbox 1276 1569 1314 1607; x_wconf 89' lang='lat' dir='ltr'><strong>ex</strong></span> <span class='ocrx_word' id='word_1_141' title='bbox 1336 1569 1366 1608; x_wconf 87' lang='lat' dir='ltr'><strong>v.</strong></span> 
     </span>
     <span class='ocr_line' id='line_1_15' title="bbox 156 1624 1367 1704; baseline 0.002 -18"><span class='ocrx_word' id='word_1_142' title='bbox 156 1631 204 1703; x_wconf 90' lang='grc'><strong>20,</strong></span> <span class='ocrx_word' id='word_1_143' title='bbox 219 1629 267 1703; x_wconf 89' lang='grc'><strong>28,</strong></span> <span class='ocrx_word' id='word_1_144' title='bbox 283 1629 332 1703; x_wconf 89' lang='grc'><strong>29,</strong></span> <span class='ocrx_word' id='word_1_145' title='bbox 347 1646 413 1703; x_wconf 82' lang='lat' dir='ltr'><strong>quoe</strong></span> <span class='ocrx_word' id='word_1_146' title='bbox 428 1627 499 1686; x_wconf 91' lang='lat' dir='ltr'><strong>alibi</strong></span> <span class='ocrx_word' id='word_1_147' title='bbox 512 1625 619 1686; x_wconf 88' lang='lat' dir='ltr'><strong>dicitur</strong></span> <span class='ocrx_word' id='word_1_148' title='bbox 631 1625 707 1704; x_wconf 69' lang='grc' dir='ltr'><strong>ζνγὶς</strong></span> <span class='ocrx_word' id='word_1_149' title='bbox 722 1624 841 1704; x_wconf 67' lang='lat' dir='ltr'><strong>incautae,</strong></span> <span class='ocrx_word' id='word_1_150' title='bbox 858 1627 924 1688; x_wconf 88' lang='lat' dir='ltr'><strong>Gal.</strong></span> <span class='ocrx_word' id='word_1_151' title='bbox 935 1648 965 1686; x_wconf 86' lang='lat' dir='ltr'><strong>v.</strong></span> <span class='ocrx_word' id='word_1_152' title='bbox 982 1631 1008 1704; x_wconf 97' lang='lat'><strong>1,</strong></span> <span class='ocrx_word' id='word_1_153' title='bbox 1023 1628 1071 1687; x_wconf 87' lang='lat' dir='ltr'><strong>vel</strong></span> <span class='ocrx_word' id='word_1_154' title='bbox 1086 1629 1223 1687; x_wconf 76' lang='lat' dir='ltr'><strong>moralem</strong></span> <span class='ocrx_word' id='word_1_155' title='bbox 1237 1628 1367 1688; x_wconf 90' lang='lat' dir='ltr'><strong>indebito</strong></span> 
     </span>
     <span class='ocr_line' id='line_1_16' title="bbox 153 1705 1367 1784; baseline 0.002 -18"><span class='ocrx_word' id='word_1_156' title='bbox 153 1707 219 1784; x_wconf 88' lang='lat' dir='ltr'><strong>tine,</strong></span> <span class='ocrx_word' id='word_1_157' title='bbox 244 1708 329 1784; x_wconf 89' lang='lat' dir='ltr'><strong>quasi</strong></span> <span class='ocrx_word' id='word_1_158' title='bbox 352 1707 524 1767; x_wconf 88' lang='lat' dir='ltr'><strong>Christianis</strong></span> <span class='ocrx_word' id='word_1_159' title='bbox 546 1705 610 1767; x_wconf 83' lang='lat' dir='ltr'><strong>vita</strong></span> <span class='ocrx_word' id='word_1_160' title='bbox 631 1717 708 1768; x_wconf 86' lang='lat' dir='ltr'><strong>esset</strong></span> <span class='ocrx_word' id='word_1_161' title='bbox 722 1727 759 1766; x_wconf 85' lang='lat' dir='ltr'><strong>ex</strong></span> <span class='ocrx_word' id='word_1_162' title='bbox 774 1726 809 1766; x_wconf 89' lang='lat' dir='ltr'><strong>ea</strong></span> <span class='ocrx_word' id='word_1_163' title='bbox 822 1707 986 1784; x_wconf 78' lang='lat' dir='ltr'><strong>quaerenda,</strong></span> <span class='ocrx_word' id='word_1_164' title='bbox 1001 1710 1050 1767; x_wconf 85' lang='lat' dir='ltr'><strong>vel</strong></span> <span class='ocrx_word' id='word_1_165' title='bbox 1063 1709 1095 1766; x_wconf 84' lang='lat' dir='ltr'><strong>ln</strong></span> <span class='ocrx_word' id='word_1_166' title='bbox 1109 1709 1242 1784; x_wconf 90' lang='lat' dir='ltr'><strong>solidum,</strong></span> <span class='ocrx_word' id='word_1_167' title='bbox 1258 1710 1307 1767; x_wconf 81' lang='lat' dir='ltr'><strong>vel</strong></span> <span class='ocrx_word' id='word_1_168' title='bbox 1328 1729 1367 1768; x_wconf 86' lang='lat' dir='ltr'><strong>ex</strong></span> 
     </span>
     <span class='ocr_line' id='line_1_17' title="bbox 154 1787 1367 1867; baseline 0.001 -20"><span class='ocrx_word' id='word_1_169' title='bbox 154 1797 234 1866; x_wconf 83' lang='lat' dir='ltr'><strong>parte</strong></span> <span class='ocrx_word' id='word_1_170' title='bbox 249 1787 372 1848; x_wconf 82' lang='lat' dir='ltr'><strong>saltem:</strong></span> <span class='ocrx_word' id='word_1_171' title='bbox 394 1787 436 1846; x_wconf 89' lang='lat' dir='ltr'><strong>sic</strong></span> <span class='ocrx_word' id='word_1_172' title='bbox 456 1788 530 1847; x_wconf 87' lang='lat' dir='ltr'><strong>bene</strong></span> <span class='ocrx_word' id='word_1_173' title='bbox 545 1788 643 1846; x_wconf 88' lang='lat' dir='ltr'><strong>vocari</strong></span> <span class='ocrx_word' id='word_1_174' title='bbox 657 1795 753 1866; x_wconf 86' lang='lat' dir='ltr'><strong>petest</strong></span> <span class='ocrx_word' id='word_1_175' title='bbox 763 1787 840 1865; x_wconf 66' lang='grc' dir='ltr'><strong><em>ζυγὶς</em></strong></span> <span class='ocrx_word' id='word_1_176' title='bbox 853 1788 1019 1858; x_wconf 58' lang='lat' dir='ltr'><strong>&amp;simma</strong></span> <span class='ocrx_word' id='word_1_177' title='bbox 1039 1797 1157 1867; x_wconf 90' lang='lat' dir='ltr'><strong>propter</strong></span> <span class='ocrx_word' id='word_1_178' title='bbox 1170 1788 1367 1848; x_wconf 80' lang='lat' dir='ltr'><strong>infirmitatem</strong></span> 
     </span>
     <span class='ocr_line' id='line_1_18' title="bbox 155 1867 1367 1946; baseline 0.002 -19"><span class='ocrx_word' id='word_1_179' title='bbox 155 1869 256 1945; x_wconf 90' lang='lat' dir='ltr'><strong>carnis,</strong></span> <span class='ocrx_word' id='word_1_180' title='bbox 272 1868 341 1945; x_wconf 88' lang='lat' dir='ltr'><strong>quia</strong></span> <span class='ocrx_word' id='word_1_181' title='bbox 354 1887 441 1926; x_wconf 88' lang='lat' dir='ltr'><strong>nemo</strong></span> <span class='ocrx_word' id='word_1_182' title='bbox 454 1887 506 1946; x_wconf 91' lang='lat' dir='ltr'><strong>per</strong></span> <span class='ocrx_word' id='word_1_183' title='bbox 519 1887 583 1927; x_wconf 91' lang='lat' dir='ltr'><strong>eam</strong></span> <span class='ocrx_word' id='word_1_184' title='bbox 597 1877 693 1946; x_wconf 89' lang='lat' dir='ltr'><strong>potest</strong></span> <span class='ocrx_word' id='word_1_185' title='bbox 702 1869 865 1946; x_wconf 86' lang='lat' dir='ltr'><strong>justificari,</strong></span> <span class='ocrx_word' id='word_1_186' title='bbox 883 1869 967 1929; x_wconf 87' lang='lat' dir='ltr'><strong>Rom.</strong></span> <span class='ocrx_word' id='word_1_187' title='bbox 982 1869 1043 1927; x_wconf 89' lang='lat' dir='ltr'><strong>viii.</strong></span> <span class='ocrx_word' id='word_1_188' title='bbox 1059 1873 1088 1928; x_wconf 89' lang='lat'><strong>3.</strong></span> <span class='ocrx_word' id='word_1_189' title='bbox 1109 1869 1158 1929; x_wconf 88' lang='lat' dir='ltr'><strong>Ita</strong></span> <span class='ocrx_word' id='word_1_190' title='bbox 1167 1869 1273 1946; x_wconf 87' lang='lat' dir='ltr'><strong>jugum</strong></span> <span class='ocrx_word' id='word_1_191' title='bbox 1287 1867 1367 1929; x_wconf 89' lang='lat' dir='ltr'><strong>istud</strong></span> 
     </span>
     <span class='ocr_line' id='line_1_19' title="bbox 153 1947 1365 2031; baseline 0.001 -24"><span class='ocrx_word' id='word_1_192' title='bbox 153 1957 249 2026; x_wconf 89' lang='lat' dir='ltr'><strong>potest</strong></span> <span class='ocrx_word' id='word_1_193' title='bbox 263 1947 327 2007; x_wconf 91' lang='lat' dir='ltr'><strong>tolli</strong></span> <span class='ocrx_word' id='word_1_194' title='bbox 341 1947 499 2008; x_wconf 88' lang='lat' dir='ltr'><strong>seeundum</strong></span> <span class='ocrx_word' id='word_1_195' title='bbox 513 1948 545 2006; x_wconf 90' lang='lat' dir='ltr'><strong>id</strong></span> <span class='ocrx_word' id='word_1_196' title='bbox 559 1949 718 2008; x_wconf 89' lang='lat' dir='ltr'><strong>secundum</strong></span> <span class='ocrx_word' id='word_1_197' title='bbox 732 1949 812 2026; x_wconf 92' lang='lat' dir='ltr'><strong>quod</strong></span> <span class='ocrx_word' id='word_1_198' title='bbox 825 1957 869 2009; x_wconf 90' lang='lat' dir='ltr'><strong>est</strong></span> <span class='ocrx_word' id='word_1_199' title='bbox 882 1949 1054 2026; x_wconf 63' lang='lat' dir='ltr'><strong>isinum,</strong></span> <span class='ocrx_word' id='word_1_200' title='bbox 1066 1949 1136 2008; x_wconf 88' lang='lat' dir='ltr'><strong>nim.</strong></span> <span class='ocrx_word' id='word_1_201' title='bbox 1146 1949 1243 2026; x_wconf 85' lang='lat' dir='ltr'><strong>quoad</strong></span> <span class='ocrx_word' id='word_1_202' title='bbox 1253 1955 1281 2006; x_wconf 71' lang='lat' dir='ltr'><strong>sl</strong></span> <span class='ocrx_word' id='word_1_203' title='bbox 1294 1955 1365 2031; x_wconf 66' lang='lat' dir='ltr'><strong>tags-</strong></span> 
     </span>
     <span class='ocr_line' id='line_1_20' title="bbox 154 2026 1367 2107; baseline 0.003 -21"><span class='ocrx_word' id='word_1_204' title='bbox 154 2026 277 2096; x_wconf 69' lang='grc' dir='ltr'><strong>βιῦίιικι</strong></span> <span class='ocrx_word' id='word_1_205' title='bbox 299 2029 383 2106; x_wconf 85' lang='lat' dir='ltr'><strong>legis,</strong></span> <span class='ocrx_word' id='word_1_206' title='bbox 409 2029 588 2087; x_wconf 72' lang='lat' dir='ltr'><strong>coactionem</strong></span> <span class='ocrx_word' id='word_1_207' title='bbox 613 2029 732 2104; x_wconf 89' lang='lat' dir='ltr'><strong>scilicet,</strong></span> <span class='ocrx_word' id='word_1_208' title='bbox 758 2037 789 2088; x_wconf 89' lang='lat' dir='ltr'><strong>et</strong></span> <span class='ocrx_word' id='word_1_209' title='bbox 811 2029 1044 2090; x_wconf 84' lang='lat' dir='ltr'><strong>maledictionem</strong></span> <span class='ocrx_word' id='word_1_210' title='bbox 1067 2029 1094 2089; x_wconf 90' lang='lat' dir='ltr'><strong>ei</strong></span> <span class='ocrx_word' id='word_1_211' title='bbox 1121 2047 1273 2107; x_wconf 83' lang='lat' dir='ltr'><strong>annexam,</strong></span> <span class='ocrx_word' id='word_1_212' title='bbox 1296 2031 1367 2090; x_wconf 87' lang='lat' dir='ltr'><strong>licet</strong></span> 
     </span>
     <span class='ocr_line' id='line_1_21' title="bbox 155 2108 789 2187; baseline 0.002 -20"><span class='ocrx_word' id='word_1_213' title='bbox 155 2118 270 2169; x_wconf 87' lang='lat' dir='ltr'><strong>maneat</strong></span> <span class='ocrx_word' id='word_1_214' title='bbox 283 2108 379 2187; x_wconf 88' lang='lat' dir='ltr'><strong>quoad</strong></span> <span class='ocrx_word' id='word_1_215' title='bbox 392 2108 593 2168; x_wconf 84' lang='lat' dir='ltr'><strong>necessitatem</strong></span> <span class='ocrx_word' id='word_1_216' title='bbox 609 2108 789 2168; x_wconf 80' lang='lat' dir='ltr'><strong>obedientia.</strong></span> 
     </span>
    </p>

    <p class='ocr_par' dir='ltr' id='par_1_3' title="bbox 153 2188 1367 2987">
     <span class='ocr_line' id='line_1_22' title="bbox 197 2188 1366 2268; baseline 0.004 -22"><span class='ocrx_word' id='word_1_217' title='bbox 197 2189 258 2249; x_wconf 85' lang='lat' dir='ltr'><strong>XI.</strong></span> <span class='ocrx_word' id='word_1_218' title='bbox 281 2188 367 2262; x_wconf 89' lang='lat' dir='ltr'><strong>Quod</strong></span> <span class='ocrx_word' id='word_1_219' title='bbox 380 2197 425 2247; x_wconf 90' lang='lat' dir='ltr'><strong>est</strong></span> <span class='ocrx_word' id='word_1_220' title='bbox 439 2208 526 2247; x_wconf 90' lang='lat' dir='ltr'><strong>causa</strong></span> <span class='ocrx_word' id='word_1_221' title='bbox 539 2209 591 2266; x_wconf 90' lang='lat' dir='ltr'><strong>per</strong></span> <span class='ocrx_word' id='word_1_222' title='bbox 605 2209 636 2248; x_wconf 90' lang='lat' dir='ltr'><strong>se</strong></span> <span class='ocrx_word' id='word_1_223' title='bbox 650 2197 680 2247; x_wconf 90' lang='lat' dir='ltr'><strong>et</strong></span> <span class='ocrx_word' id='word_1_224' title='bbox 702 2196 806 2249; x_wconf 88' lang='lat' dir='ltr'><strong>natura</strong></span> <span class='ocrx_word' id='word_1_225' title='bbox 825 2209 879 2248; x_wconf 88' lang='lat' dir='ltr'><strong>sua</strong></span> <span class='ocrx_word' id='word_1_226' title='bbox 900 2188 1050 2268; x_wconf 81' lang='lat' dir='ltr'><strong>augmenti</strong></span> <span class='ocrx_word' id='word_1_227' title='bbox 1074 2196 1102 2248; x_wconf 92' lang='lat' dir='ltr'><strong>et</strong></span> <span class='ocrx_word' id='word_1_228' title='bbox 1116 2189 1366 2267; x_wconf 81' lang='lat' dir='ltr'><strong>multiplicationis</strong></span> 
     </span>
     <span class='ocr_line' id='line_1_23' title="bbox 156 2267 1365 2346; baseline 0.002 -19"><span class='ocrx_word' id='word_1_229' title='bbox 156 2268 264 2345; x_wconf 78' lang='lat' dir='ltr'><strong>delicti,</strong></span> <span class='ocrx_word' id='word_1_230' title='bbox 279 2269 358 2327; x_wconf 90' lang='lat' dir='ltr'><strong>illius</strong></span> <span class='ocrx_word' id='word_1_231' title='bbox 371 2287 442 2328; x_wconf 87' lang='lat' dir='ltr'><strong>usus</strong></span> <span class='ocrx_word' id='word_1_232' title='bbox 456 2268 534 2346; x_wconf 87' lang='lat' dir='ltr'><strong>apud</strong></span> <span class='ocrx_word' id='word_1_233' title='bbox 549 2267 728 2328; x_wconf 84' lang='lat' dir='ltr'><strong>Christianos</strong></span> <span class='ocrx_word' id='word_1_234' title='bbox 742 2270 860 2329; x_wconf 90' lang='lat' dir='ltr'><strong>retineri</strong></span> <span class='ocrx_word' id='word_1_235' title='bbox 873 2289 932 2329; x_wconf 90' lang='lat' dir='ltr'><strong>non</strong></span> <span class='ocrx_word' id='word_1_236' title='bbox 946 2269 1042 2329; x_wconf 87' lang='lat' dir='ltr'><strong>debet.</strong></span> <span class='ocrx_word' id='word_1_237' title='bbox 1085 2269 1144 2329; x_wconf 83' lang='lat' dir='ltr'><strong>Sed</strong></span> <span class='ocrx_word' id='word_1_238' title='bbox 1158 2270 1223 2328; x_wconf 86' lang='lat' dir='ltr'><strong>Lex</strong></span> <span class='ocrx_word' id='word_1_239' title='bbox 1233 2270 1289 2330; x_wconf 93' lang='lat' dir='ltr'><strong>hoc</strong></span> <span class='ocrx_word' id='word_1_240' title='bbox 1300 2291 1365 2330; x_wconf 92' lang='lat' dir='ltr'><strong>sen·</strong></span> 
     </span>
     <span class='ocr_line' id='line_1_24' title="bbox 155 2349 1366 2428; baseline 0.003 -22"><span class='ocrx_word' id='word_1_241' title='bbox 155 2367 191 2407; x_wconf 90' lang='lat' dir='ltr'><strong>su</strong></span> <span class='ocrx_word' id='word_1_242' title='bbox 203 2368 262 2406; x_wconf 90' lang='lat' dir='ltr'><strong>non</strong></span> <span class='ocrx_word' id='word_1_243' title='bbox 276 2356 363 2426; x_wconf 87' lang='lat' dir='ltr'><strong>auget</strong></span> <span class='ocrx_word' id='word_1_244' title='bbox 376 2355 535 2426; x_wconf 87' lang='lat' dir='ltr'><strong>peccatum,</strong></span> <span class='ocrx_word' id='word_1_245' title='bbox 551 2349 620 2425; x_wconf 87' lang='lat' dir='ltr'><strong>quia</strong></span> <span class='ocrx_word' id='word_1_246' title='bbox 633 2368 692 2407; x_wconf 90' lang='lat' dir='ltr'><strong>non</strong></span> <span class='ocrx_word' id='word_1_247' title='bbox 705 2369 743 2408; x_wconf 87' lang='lat' dir='ltr'><strong>cx</strong></span> <span class='ocrx_word' id='word_1_248' title='bbox 756 2349 900 2427; x_wconf 87' lang='lat' dir='ltr'><strong>positione</strong></span> <span class='ocrx_word' id='word_1_249' title='bbox 915 2349 1005 2428; x_wconf 88' lang='lat' dir='ltr'><strong>Legis</strong></span> <span class='ocrx_word' id='word_1_250' title='bbox 1020 2350 1166 2427; x_wconf 77' lang='lat' dir='ltr'><strong>quatalis,</strong></span> <span class='ocrx_word' id='word_1_251' title='bbox 1188 2349 1240 2409; x_wconf 92' lang='lat' dir='ltr'><strong>sed</strong></span> <span class='ocrx_word' id='word_1_252' title='bbox 1253 2359 1366 2410; x_wconf 86' lang='lat' dir='ltr'><strong>tantum</strong></span> 
     </span>
     <span class='ocr_line' id='line_1_25' title="bbox 156 2429 1366 2508; baseline 0.003 -22"><span class='ocrx_word' id='word_1_253' title='bbox 156 2448 194 2487; x_wconf 89' lang='lat' dir='ltr'><strong>ex</strong></span> <span class='ocrx_word' id='word_1_254' title='bbox 209 2429 272 2506; x_wconf 85' lang='lat' dir='ltr'><strong>ejus</strong></span> <span class='ocrx_word' id='word_1_255' title='bbox 285 2429 513 2505; x_wconf 87' lang='lat' dir='ltr'><strong>transgressione</strong></span> <span class='ocrx_word' id='word_1_256' title='bbox 534 2429 665 2506; x_wconf 85' lang='lat' dir='ltr'><strong>sequitur</strong></span> <span class='ocrx_word' id='word_1_257' title='bbox 685 2438 854 2506; x_wconf 89' lang='lat' dir='ltr'><strong>peccatum;</strong></span> <span class='ocrx_word' id='word_1_258' title='bbox 878 2430 950 2490; x_wconf 92' lang='lat' dir='ltr'><strong>Ideo</strong></span> <span class='ocrx_word' id='word_1_259' title='bbox 971 2449 1077 2508; x_wconf 87' lang='lat' dir='ltr'><strong>augere</strong></span> <span class='ocrx_word' id='word_1_260' title='bbox 1092 2430 1198 2489; x_wconf 91' lang='lat' dir='ltr'><strong>dicitur</strong></span> <span class='ocrx_word' id='word_1_261' title='bbox 1216 2440 1366 2508; x_wconf 88' lang='lat' dir='ltr'><strong>peccatum</strong></span> 
     </span>
     <span class='ocr_line' id='line_1_26' title="bbox 153 2507 1364 2587; baseline 0.004 -21"><span class='ocrx_word' id='word_1_262' title='bbox 153 2528 209 2586; x_wconf 88' lang='lat' dir='ltr'><strong>per</strong></span> <span class='ocrx_word' id='word_1_263' title='bbox 221 2507 361 2585; x_wconf 87' lang='lat' dir='ltr'><strong>accidens,</strong></span> <span class='ocrx_word' id='word_1_264' title='bbox 377 2509 500 2567; x_wconf 78' lang='lat' dir='ltr'><strong>Roman.</strong></span> <span class='ocrx_word' id='word_1_265' title='bbox 515 2529 544 2568; x_wconf 86' lang='lat' dir='ltr'><strong>v.</strong></span> <span class='ocrx_word' id='word_1_266' title='bbox 560 2512 608 2584; x_wconf 90' lang='grc'><strong>20,</strong></span> <span class='ocrx_word' id='word_1_267' title='bbox 633 2527 693 2568; x_wconf 90' lang='lat' dir='ltr'><strong>non</strong></span> <span class='ocrx_word' id='word_1_268' title='bbox 716 2509 803 2568; x_wconf 90' lang='lat' dir='ltr'><strong>modo</strong></span> <span class='ocrx_word' id='word_1_269' title='bbox 824 2510 893 2587; x_wconf 91' lang='lat' dir='ltr'><strong>quia</strong></span> <span class='ocrx_word' id='word_1_270' title='bbox 918 2512 1089 2570; x_wconf 79' lang='lat' dir='ltr'><strong>declarativa</strong></span> <span class='ocrx_word' id='word_1_271' title='bbox 1103 2511 1177 2569; x_wconf 91' lang='lat' dir='ltr'><strong>illud</strong></span> <span class='ocrx_word' id='word_1_272' title='bbox 1189 2511 1364 2586; x_wconf 87' lang='lat' dir='ltr'><strong>manifestat,</strong></span> 
     </span>
     <span class='ocr_line' id='line_1_27' title="bbox 156 2587 1367 2670; baseline 0.002 -23"><span class='ocrx_word' id='word_1_273' title='bbox 156 2587 209 2647; x_wconf 90' lang='lat' dir='ltr'><strong>sed</strong></span> <span class='ocrx_word' id='word_1_274' title='bbox 223 2589 310 2648; x_wconf 88' lang='lat' dir='ltr'><strong>etiam</strong></span> <span class='ocrx_word' id='word_1_275' title='bbox 324 2590 542 2664; x_wconf 77' lang='lat' dir='ltr'><strong>occasionaliter,</strong></span> <span class='ocrx_word' id='word_1_276' title='bbox 564 2597 707 2666; x_wconf 87' lang='lat' dir='ltr'><strong>quatenus</strong></span> <span class='ocrx_word' id='word_1_277' title='bbox 727 2597 877 2667; x_wconf 89' lang='lat' dir='ltr'><strong>peccatum</strong></span> <span class='ocrx_word' id='word_1_278' title='bbox 891 2592 1042 2650; x_wconf 87' lang='lat' dir='ltr'><strong>occasione</strong></span> <span class='ocrx_word' id='word_1_279' title='bbox 1057 2597 1171 2668; x_wconf 84' lang='lat' dir='ltr'><strong>sumpta</strong></span> <span class='ocrx_word' id='word_1_280' title='bbox 1184 2611 1236 2670; x_wconf 91' lang='lat' dir='ltr'><strong>per</strong></span> <span class='ocrx_word' id='word_1_281' title='bbox 1248 2591 1367 2650; x_wconf 89' lang='lat' dir='ltr'><strong>manda-</strong></span> 
     </span>
     <span class='ocr_line' id='line_1_28' title="bbox 155 2667 1367 2747; baseline 0.003 -20"><span class='ocrx_word' id='word_1_282' title='bbox 155 2676 217 2727; x_wconf 88' lang='lat' dir='ltr'><strong>tum</strong></span> <span class='ocrx_word' id='word_1_283' title='bbox 239 2668 326 2727; x_wconf 89' lang='lat' dir='ltr'><strong>efficit</strong></span> <span class='ocrx_word' id='word_1_284' title='bbox 349 2669 545 2747; x_wconf 83' lang='lat' dir='ltr'><strong>cupiditatem,</strong></span> <span class='ocrx_word' id='word_1_285' title='bbox 572 2669 657 2728; x_wconf 90' lang='lat' dir='ltr'><strong>Rom.</strong></span> <span class='ocrx_word' id='word_1_286' title='bbox 672 2668 722 2728; x_wconf 84' lang='lat' dir='ltr'><strong>vli.</strong></span> <span class='ocrx_word' id='word_1_287' title='bbox 745 2667 772 2744; x_wconf 91' lang='grc'><strong>8,</strong></span> <span class='ocrx_word' id='word_1_288' title='bbox 798 2689 862 2728; x_wconf 89' lang='lat' dir='ltr'><strong>eam</strong></span> <span class='ocrx_word' id='word_1_289' title='bbox 887 2671 998 2730; x_wconf 87' lang='lat' dir='ltr'><strong>scilicet</strong></span> <span class='ocrx_word' id='word_1_290' title='bbox 1018 2670 1167 2745; x_wconf 86' lang='lat' dir='ltr'><strong>irritando,</strong></span> <span class='ocrx_word' id='word_1_291' title='bbox 1193 2679 1226 2730; x_wconf 91' lang='lat' dir='ltr'><strong>ut</strong></span> <span class='ocrx_word' id='word_1_292' title='bbox 1247 2670 1367 2731; x_wconf 86' lang='lat' dir='ltr'><strong>ferociat</strong></span> 
     </span>
     <span class='ocr_line' id='line_1_29' title="bbox 155 2748 1366 2827; baseline 0.003 -22"><span class='ocrx_word' id='word_1_293' title='bbox 155 2748 249 2826; x_wconf 64' lang='lat' dir='ltr'><strong>mag&#39;s</strong></span> <span class='ocrx_word' id='word_1_294' title='bbox 263 2757 364 2807; x_wconf 90' lang='lat' dir='ltr'><strong>contra</strong></span> <span class='ocrx_word' id='word_1_295' title='bbox 376 2748 544 2809; x_wconf 67' lang='lat' dir='ltr'><strong>mandmum</strong></span> <span class='ocrx_word' id='word_1_296' title='bbox 559 2752 701 2823; x_wconf 78' lang='lat' dir='ltr'><strong>codrcens,</strong></span> <span class='ocrx_word' id='word_1_297' title='bbox 723 2749 815 2808; x_wconf 88' lang='lat' dir='ltr'><strong>instar</strong></span> <span class='ocrx_word' id='word_1_298' title='bbox 828 2750 895 2827; x_wconf 90' lang='lat' dir='ltr'><strong>equi</strong></span> <span class='ocrx_word' id='word_1_299' title='bbox 910 2750 1056 2826; x_wconf 85' lang='lat' dir='ltr'><strong>sternacis,</strong></span> <span class='ocrx_word' id='word_1_300' title='bbox 1073 2770 1107 2808; x_wconf 95' lang='lat' dir='ltr'><strong>eo</strong></span> <span class='ocrx_word' id='word_1_301' title='bbox 1121 2751 1214 2827; x_wconf 91' lang='lat' dir='ltr'><strong>magis</strong></span> <span class='ocrx_word' id='word_1_302' title='bbox 1228 2749 1366 2810; x_wconf 83' lang='lat' dir='ltr'><strong>ferocIen-</strong></span> 
     </span>
     <span class='ocr_line' id='line_1_30' title="bbox 154 2829 1366 2908; baseline 0.003 -22"><span class='ocrx_word' id='word_1_303' title='bbox 154 2829 192 2887; x_wconf 89' lang='lat' dir='ltr'><strong>tis</strong></span> <span class='ocrx_word' id='word_1_304' title='bbox 205 2829 236 2886; x_wconf 89' lang='lat' dir='ltr'><strong>in</strong></span> <span class='ocrx_word' id='word_1_305' title='bbox 251 2845 474 2906; x_wconf 70' lang='lat' dir='ltr'><strong>sessoremque</strong></span> <span class='ocrx_word' id='word_1_306' title='bbox 494 2829 589 2906; x_wconf 89' lang='lat' dir='ltr'><strong>magis</strong></span> <span class='ocrx_word' id='word_1_307' title='bbox 603 2829 812 2907; x_wconf 85' lang='lat' dir='ltr'><strong>constringitur</strong></span> <span class='ocrx_word' id='word_1_308' title='bbox 824 2830 947 2890; x_wconf 85' lang='lat' dir='ltr'><strong>arctiore</strong></span> <span class='ocrx_word' id='word_1_309' title='bbox 961 2831 1080 2908; x_wconf 88' lang='lat' dir='ltr'><strong>lupato;</strong></span> <span class='ocrx_word' id='word_1_310' title='bbox 1102 2829 1179 2888; x_wconf 91' lang='lat' dir='ltr'><strong>unde</strong></span> <span class='ocrx_word' id='word_1_311' title='bbox 1202 2831 1366 2907; x_wconf 83' lang='lat' dir='ltr'><strong>graviorem</strong></span> 
     </span>
     <span class='ocr_line' id='line_1_31' title="bbox 154 2909 741 2987; baseline 0.005 -21"><span class='ocrx_word' id='word_1_312' title='bbox 154 2917 282 2968; x_wconf 89' lang='lat' dir='ltr'><strong>meretur</strong></span> <span class='ocrx_word' id='word_1_313' title='bbox 294 2917 405 2968; x_wconf 84' lang='lat' dir='ltr'><strong>reatum</strong></span> <span class='ocrx_word' id='word_1_314' title='bbox 419 2917 495 2968; x_wconf 80' lang='lat' dir='ltr'><strong>notas</strong></span> <span class='ocrx_word' id='word_1_315' title='bbox 510 2910 599 2987; x_wconf 66' lang='lat' dir='ltr'><strong>Leg&#39;s</strong></span> <span class='ocrx_word' id='word_1_316' title='bbox 613 2909 741 2969; x_wconf 87' lang='lat' dir='ltr'><strong>violatio.</strong></span> 
     </span>
    </p>

    <p class='ocr_par' dir='ltr' id='par_1_4' title="bbox 149 2988 1368 3871">
     <span class='ocr_line' id='line_1_32' title="bbox 195 2988 1366 3065; baseline 0.003 -18"><span class='ocrx_word' id='word_1_317' title='bbox 195 2989 272 3048; x_wconf 84' lang='lat' dir='ltr'>XII.</span> <span class='ocrx_word' id='word_1_318' title='bbox 295 2989 417 3064; x_wconf 87' lang='lat' dir='ltr'><strong>Quando</strong></span> <span class='ocrx_word' id='word_1_319' title='bbox 439 2990 503 3049; x_wconf 83' lang='lat' dir='ltr'><strong>Lex</strong></span> <span class='ocrx_word' id='word_1_320' title='bbox 530 2999 652 3049; x_wconf 83' lang='lat' dir='ltr'><strong>vocatur</strong></span> <span class='ocrx_word' id='word_1_321' title='bbox 679 2991 698 3023; x_wconf 74' lang='lat'><strong>‘⁶</strong></span> <span class='ocrx_word' id='word_1_322' title='bbox 719 2990 803 3049; x_wconf 89' lang='lat' dir='ltr'><strong>litera</strong></span> <span class='ocrx_word' id='word_1_323' title='bbox 824 2988 967 3065; x_wconf 90' lang='lat' dir='ltr'><strong>occidens,</strong></span> <span class='ocrx_word' id='word_1_324' title='bbox 989 2997 1020 3048; x_wconf 88' lang='lat' dir='ltr'><strong>et</strong></span> <span class='ocrx_word' id='word_1_325' title='bbox 1045 2988 1237 3047; x_wconf 90' lang='lat' dir='ltr'><strong>ministerium</strong></span> <span class='ocrx_word' id='word_1_326' title='bbox 1263 2991 1366 3050; x_wconf 89' lang='lat' dir='ltr'><strong>mortis</strong></span> 
     </span>
     <span class='ocr_line' id='line_1_33' title="bbox 154 3067 1366 3147; baseline 0.002 -19"><span class='ocrx_word' id='word_1_327' title='bbox 154 3076 184 3128; x_wconf 90' lang='lat' dir='ltr'><strong>et</strong></span> <span class='ocrx_word' id='word_1_328' title='bbox 207 3069 485 3146; x_wconf 84' lang='lat' dir='ltr'><strong>condemnationis,”</strong></span> <span class='ocrx_word' id='word_1_329' title='bbox 510 3073 529 3129; x_wconf 86' lang='grc'>2</span> <span class='ocrx_word' id='word_1_330' title='bbox 545 3069 610 3129; x_wconf 92' lang='lat' dir='ltr'><strong>Cor.</strong></span> <span class='ocrx_word' id='word_1_331' title='bbox 624 3069 666 3128; x_wconf 91' lang='lat' dir='ltr'><strong>iii.</strong></span> <span class='ocrx_word' id='word_1_332' title='bbox 682 3073 709 3147; x_wconf 86' lang='lat'><strong>6,</strong></span> <span class='ocrx_word' id='word_1_333' title='bbox 726 3074 753 3146; x_wconf 80' lang='lat'><strong>7,</strong></span> <span class='ocrx_word' id='word_1_334' title='bbox 769 3073 797 3146; x_wconf 83' lang='lat'><strong>8,</strong></span> <span class='ocrx_word' id='word_1_335' title='bbox 814 3073 842 3145; x_wconf 86' lang='lat'><strong>9,</strong></span> <span class='ocrx_word' id='word_1_336' title='bbox 864 3067 1055 3147; x_wconf 86' lang='lat' dir='ltr'><strong>intelligenda</strong></span> <span class='ocrx_word' id='word_1_337' title='bbox 1078 3077 1123 3128; x_wconf 89' lang='lat' dir='ltr'><strong>est</strong></span> <span class='ocrx_word' id='word_1_338' title='bbox 1144 3088 1202 3127; x_wconf 91' lang='lat' dir='ltr'><strong>non</strong></span> <span class='ocrx_word' id='word_1_339' title='bbox 1224 3087 1277 3146; x_wconf 93' lang='lat' dir='ltr'><strong>per</strong></span> <span class='ocrx_word' id='word_1_340' title='bbox 1290 3089 1321 3128; x_wconf 92' lang='lat' dir='ltr'><strong>se</strong></span> <span class='ocrx_word' id='word_1_341' title='bbox 1336 3078 1366 3130; x_wconf 92' lang='lat' dir='ltr'><strong>et</strong></span> 
     </span>
     <span class='ocr_line' id='line_1_34' title="bbox 155 3149 1368 3228; baseline 0.002 -21"><span class='ocrx_word' id='word_1_342' title='bbox 155 3157 258 3208; x_wconf 75' lang='lat' dir='ltr'><strong>naama</strong></span> <span class='ocrx_word' id='word_1_343' title='bbox 280 3169 340 3225; x_wconf 89' lang='lat' dir='ltr'><strong>sua,</strong></span> <span class='ocrx_word' id='word_1_344' title='bbox 365 3149 416 3208; x_wconf 88' lang='lat' dir='ltr'><strong>sed</strong></span> <span class='ocrx_word' id='word_1_345' title='bbox 439 3167 491 3228; x_wconf 90' lang='lat' dir='ltr'><strong>per</strong></span> <span class='ocrx_word' id='word_1_346' title='bbox 514 3149 649 3209; x_wconf 90' lang='lat' dir='ltr'><strong>accidens</strong></span> <span class='ocrx_word' id='word_1_347' title='bbox 663 3150 701 3209; x_wconf 92' lang='lat' dir='ltr'><strong>ob</strong></span> <span class='ocrx_word' id='word_1_348' title='bbox 715 3151 928 3228; x_wconf 89' lang='lat' dir='ltr'><strong>corruptionem</strong></span> <span class='ocrx_word' id='word_1_349' title='bbox 941 3149 1086 3225; x_wconf 89' lang='lat' dir='ltr'><strong>homiuis;</strong></span> <span class='ocrx_word' id='word_1_350' title='bbox 1111 3167 1169 3208; x_wconf 93' lang='lat' dir='ltr'><strong>non</strong></span> <span class='ocrx_word' id='word_1_351' title='bbox 1183 3149 1316 3208; x_wconf 86' lang='lat' dir='ltr'><strong>absolute</strong></span> <span class='ocrx_word' id='word_1_352' title='bbox 1337 3159 1368 3210; x_wconf 88' lang='lat' dir='ltr'><strong>et</strong></span> 
     </span>
     <span class='ocr_line' id='line_1_35' title="bbox 156 3229 1365 3309; baseline 0.001 -20"><span class='ocrx_word' id='word_1_353' title='bbox 156 3230 332 3308; x_wconf 88' lang='lat' dir='ltr'><strong>simpliciter,</strong></span> <span class='ocrx_word' id='word_1_354' title='bbox 349 3230 401 3288; x_wconf 92' lang='lat' dir='ltr'><strong>sed</strong></span> <span class='ocrx_word' id='word_1_355' title='bbox 422 3229 579 3290; x_wconf 86' lang='lat' dir='ltr'><strong>secundum</strong></span> <span class='ocrx_word' id='word_1_356' title='bbox 595 3230 674 3306; x_wconf 87' lang='lat' dir='ltr'><strong>quid,</strong></span> <span class='ocrx_word' id='word_1_357' title='bbox 687 3231 803 3309; x_wconf 89' lang='lat' dir='ltr'><strong>quando</strong></span> <span class='ocrx_word' id='word_1_358' title='bbox 818 3237 964 3309; x_wconf 88' lang='lat' dir='ltr'><strong>spectatur</strong></span> <span class='ocrx_word' id='word_1_359' title='bbox 977 3239 1011 3290; x_wconf 90' lang='lat' dir='ltr'><strong>ut</strong></span> <span class='ocrx_word' id='word_1_360' title='bbox 1024 3229 1119 3288; x_wconf 85' lang='lat' dir='ltr'><strong>foedus</strong></span> <span class='ocrx_word' id='word_1_361' title='bbox 1133 3249 1260 3307; x_wconf 90' lang='lat' dir='ltr'><strong>operum,</strong></span> <span class='ocrx_word' id='word_1_362' title='bbox 1277 3249 1365 3308; x_wconf 84' lang='lat' dir='ltr'><strong>oppo-</strong></span> 
     </span>
     <span class='ocr_line' id='line_1_36' title="bbox 156 3309 1365 3389; baseline 0.002 -21"><span class='ocrx_word' id='word_1_363' title='bbox 156 3310 211 3368; x_wconf 86' lang='lat' dir='ltr'><strong>site</strong></span> <span class='ocrx_word' id='word_1_364' title='bbox 235 3311 273 3369; x_wconf 91' lang='lat' dir='ltr'><strong>ad</strong></span> <span class='ocrx_word' id='word_1_365' title='bbox 297 3309 393 3370; x_wconf 85' lang='lat' dir='ltr'><strong>loedus</strong></span> <span class='ocrx_word' id='word_1_366' title='bbox 417 3311 537 3387; x_wconf 70' lang='lat' dir='ltr'><strong>gretia,</strong></span> <span class='ocrx_word' id='word_1_367' title='bbox 559 3310 618 3370; x_wconf 88' lang='lat' dir='ltr'><strong>Vel</strong></span> <span class='ocrx_word' id='word_1_368' title='bbox 631 3312 742 3370; x_wconf 88' lang='lat' dir='ltr'><strong>ratione</strong></span> <span class='ocrx_word' id='word_1_369' title='bbox 756 3311 923 3371; x_wconf 76' lang='lat' dir='ltr'><strong>oeconomia</strong></span> <span class='ocrx_word' id='word_1_370' title='bbox 939 3319 968 3370; x_wconf 90' lang='lat' dir='ltr'><strong>et</strong></span> <span class='ocrx_word' id='word_1_371' title='bbox 981 3311 1161 3388; x_wconf 78' lang='lat' dir='ltr'><strong>paedagogia</strong></span> <span class='ocrx_word' id='word_1_372' title='bbox 1174 3310 1279 3388; x_wconf 88' lang='lat' dir='ltr'><strong>legalis</strong></span> <span class='ocrx_word' id='word_1_373' title='bbox 1292 3331 1365 3389; x_wconf 86' lang='lat' dir='ltr'><strong>prae-</strong></span> 
     </span>
     <span class='ocr_line' id='line_1_37' title="bbox 156 3390 1368 3470; baseline 0.002 -22"><span class='ocrx_word' id='word_1_374' title='bbox 156 3390 216 3448; x_wconf 90' lang='lat' dir='ltr'><strong>cise</strong></span> <span class='ocrx_word' id='word_1_375' title='bbox 229 3390 259 3448; x_wconf 90' lang='lat' dir='ltr'><strong>iu</strong></span> <span class='ocrx_word' id='word_1_376' title='bbox 273 3409 304 3448; x_wconf 91' lang='lat' dir='ltr'><strong>se</strong></span> <span class='ocrx_word' id='word_1_377' title='bbox 326 3390 522 3466; x_wconf 83' lang='lat' dir='ltr'><strong>consideratae,</strong></span> <span class='ocrx_word' id='word_1_378' title='bbox 543 3391 663 3450; x_wconf 85' lang='lat' dir='ltr'><strong>seorsim</strong></span> <span class='ocrx_word' id='word_1_379' title='bbox 677 3411 695 3450; x_wconf 90' lang='lat' dir='ltr'><strong>a</strong></span> <span class='ocrx_word' id='word_1_380' title='bbox 709 3393 948 3469; x_wconf 83' lang='lat' dir='ltr'><strong>promissionibus</strong></span> <span class='ocrx_word' id='word_1_381' title='bbox 962 3392 1072 3470; x_wconf 80' lang='lat' dir='ltr'><strong>gratia,</strong></span> <span class='ocrx_word' id='word_1_382' title='bbox 1088 3400 1117 3450; x_wconf 92' lang='lat' dir='ltr'><strong>et</strong></span> <span class='ocrx_word' id='word_1_383' title='bbox 1131 3391 1368 3451; x_wconf 89' lang='lat' dir='ltr'><strong>contradistincte</strong></span> 
     </span>
     <span class='ocr_line' id='line_1_38' title="bbox 156 3469 1367 3549; baseline 0.002 -21"><span class='ocrx_word' id='word_1_384' title='bbox 156 3469 194 3528; x_wconf 86' lang='lat' dir='ltr'><strong>ad</strong></span> <span class='ocrx_word' id='word_1_385' title='bbox 215 3469 406 3530; x_wconf 89' lang='lat' dir='ltr'><strong>ministerium</strong></span> <span class='ocrx_word' id='word_1_386' title='bbox 421 3471 641 3548; x_wconf 87' lang='lat' dir='ltr'><strong>Evangelicum,</strong></span> <span class='ocrx_word' id='word_1_387' title='bbox 663 3469 743 3549; x_wconf 87' lang='lat' dir='ltr'><strong>quod</strong></span> <span class='ocrx_word' id='word_1_388' title='bbox 756 3493 822 3532; x_wconf 91' lang='lat' dir='ltr'><strong>cum</strong></span> <span class='ocrx_word' id='word_1_389' title='bbox 836 3491 870 3532; x_wconf 91' lang='lat' dir='ltr'><strong>eo</strong></span> <span class='ocrx_word' id='word_1_390' title='bbox 885 3471 926 3531; x_wconf 91' lang='lat' dir='ltr'><strong>ibi</strong></span> <span class='ocrx_word' id='word_1_391' title='bbox 941 3471 1051 3532; x_wconf 88' lang='lat' dir='ltr'><strong>confert</strong></span> <span class='ocrx_word' id='word_1_392' title='bbox 1065 3472 1246 3549; x_wconf 80' lang='lat' dir='ltr'><strong>Apostolus;</strong></span> <span class='ocrx_word' id='word_1_393' title='bbox 1269 3481 1298 3531; x_wconf 92' lang='lat' dir='ltr'><strong>et</strong></span> <span class='ocrx_word' id='word_1_394' title='bbox 1311 3472 1367 3531; x_wconf 93' lang='lat' dir='ltr'><strong>hoc</strong></span> 
     </span>
     <span class='ocr_line' id='line_1_39' title="bbox 156 3550 1366 3631; baseline 0.004 -23"><span class='ocrx_word' id='word_1_395' title='bbox 156 3567 243 3608; x_wconf 86' lang='lat' dir='ltr'><strong>sensu</strong></span> <span class='ocrx_word' id='word_1_396' title='bbox 267 3550 341 3608; x_wconf 90' lang='lat' dir='ltr'><strong>bene</strong></span> <span class='ocrx_word' id='word_1_397' title='bbox 364 3551 447 3608; x_wconf 82' lang='lat' dir='ltr'><strong>litera</strong></span> <span class='ocrx_word' id='word_1_398' title='bbox 469 3550 582 3628; x_wconf 89' lang='lat' dir='ltr'><strong>dicitur,</strong></span> <span class='ocrx_word' id='word_1_399' title='bbox 608 3552 677 3630; x_wconf 88' lang='lat' dir='ltr'><strong>quia</strong></span> <span class='ocrx_word' id='word_1_400' title='bbox 690 3551 817 3612; x_wconf 89' lang='lat' dir='ltr'><strong>ostendit</strong></span> <span class='ocrx_word' id='word_1_401' title='bbox 831 3552 948 3631; x_wconf 90' lang='lat' dir='ltr'><strong>quidem</strong></span> <span class='ocrx_word' id='word_1_402' title='bbox 962 3552 1096 3627; x_wconf 90' lang='lat' dir='ltr'><strong>officium,</strong></span> <span class='ocrx_word' id='word_1_403' title='bbox 1111 3553 1163 3611; x_wconf 90' lang='lat' dir='ltr'><strong>sed</strong></span> <span class='ocrx_word' id='word_1_404' title='bbox 1176 3571 1236 3611; x_wconf 91' lang='lat' dir='ltr'><strong>non</strong></span> <span class='ocrx_word' id='word_1_405' title='bbox 1256 3553 1366 3630; x_wconf 84' lang='lat' dir='ltr'><strong>implet,</strong></span> 
     </span>
     <span class='ocr_line' id='line_1_40' title="bbox 149 3627 1366 3714; baseline 0.004 -27"><span class='ocrx_word' id='word_1_406' title='bbox 149 3629 243 3706; x_wconf 88' lang='lat' dir='ltr'><strong>jubet,</strong></span> <span class='ocrx_word' id='word_1_407' title='bbox 259 3627 382 3689; x_wconf 90' lang='lat' dir='ltr'><strong>sednon</strong></span> <span class='ocrx_word' id='word_1_408' title='bbox 403 3631 497 3707; x_wconf 87' lang='lat' dir='ltr'><strong>juvat,</strong></span> <span class='ocrx_word' id='word_1_409' title='bbox 512 3631 643 3709; x_wconf 89' lang='lat' dir='ltr'><strong>imperat,</strong></span> <span class='ocrx_word' id='word_1_410' title='bbox 667 3632 792 3692; x_wconf 89' lang='lat' dir='ltr'><strong>sednon</strong></span> <span class='ocrx_word' id='word_1_411' title='bbox 806 3641 948 3710; x_wconf 88' lang='lat' dir='ltr'><strong>operatur,</strong></span> <span class='ocrx_word' id='word_1_412' title='bbox 964 3641 994 3692; x_wconf 92' lang='lat' dir='ltr'><strong>et</strong></span> <span class='ocrx_word' id='word_1_413' title='bbox 1007 3631 1113 3692; x_wconf 85' lang='lat' dir='ltr'><strong>dicitur</strong></span> <span class='ocrx_word' id='word_1_414' title='bbox 1127 3639 1308 3714; x_wconf 67' lang='lat' dir='ltr'><strong>ucsgydetaa</strong></span> <span class='ocrx_word' id='word_1_415' title='bbox 1322 3653 1366 3692; x_wconf 88' lang='lat' dir='ltr'><strong>ra·</strong></span> 
     </span>
     <span class='ocr_line' id='line_1_41' title="bbox 154 3709 1368 3791; baseline 0.003 -23"><span class='ocrx_word' id='word_1_416' title='bbox 154 3709 234 3768; x_wconf 87' lang='lat' dir='ltr'><strong>tione</strong></span> <span class='ocrx_word' id='word_1_417' title='bbox 247 3709 331 3769; x_wconf 88' lang='lat' dir='ltr'><strong>iatius</strong></span> <span class='ocrx_word' id='word_1_418' title='bbox 346 3712 522 3787; x_wconf 82' lang='lat' dir='ltr'><strong>oeconomiae,</strong></span> <span class='ocrx_word' id='word_1_419' title='bbox 533 3711 602 3788; x_wconf 84' lang='lat' dir='ltr'><strong>quie</strong></span> <span class='ocrx_word' id='word_1_420' title='bbox 614 3719 732 3790; x_wconf 85' lang='lat' dir='ltr'><strong>pactum</strong></span> <span class='ocrx_word' id='word_1_421' title='bbox 745 3711 824 3774; x_wconf 86' lang='lat' dir='ltr'><strong>istud</strong></span> <span class='ocrx_word' id='word_1_422' title='bbox 837 3721 923 3773; x_wconf 83' lang='lat' dir='ltr'><strong>vetus</strong></span> <span class='ocrx_word' id='word_1_423' title='bbox 937 3712 1037 3772; x_wconf 87' lang='lat' dir='ltr'><strong>debuit</strong></span> <span class='ocrx_word' id='word_1_424' title='bbox 1050 3713 1193 3791; x_wconf 85' lang='lat' dir='ltr'><strong>abrogari.</strong></span> <span class='ocrx_word' id='word_1_425' title='bbox 1237 3713 1296 3776; x_wconf 80' lang='lat' dir='ltr'><strong>Sed</strong></span> <span class='ocrx_word' id='word_1_426' title='bbox 1309 3733 1368 3772; x_wconf 91' lang='lat' dir='ltr'><strong>non</strong></span> 
     </span>
     <span class='ocr_line' id='line_1_42' title="bbox 155 3791 1064 3871; baseline 0.006 -24"><span class='ocrx_word' id='word_1_427' title='bbox 155 3797 252 3866; x_wconf 87' lang='lat' dir='ltr'><strong>potest</strong></span> <span class='ocrx_word' id='word_1_428' title='bbox 264 3791 306 3849; x_wconf 89' lang='lat' dir='ltr'><strong>ita</strong></span> <span class='ocrx_word' id='word_1_429' title='bbox 318 3791 418 3849; x_wconf 85' lang='lat' dir='ltr'><strong>vocari</strong></span> <span class='ocrx_word' id='word_1_430' title='bbox 432 3791 564 3850; x_wconf 88' lang='lat' dir='ltr'><strong>absolute</strong></span> <span class='ocrx_word' id='word_1_431' title='bbox 578 3791 632 3851; x_wconf 88' lang='lat' dir='ltr'><strong>sub</strong></span> <span class='ocrx_word' id='word_1_432' title='bbox 646 3793 758 3852; x_wconf 88' lang='lat' dir='ltr'><strong>ratione</strong></span> <span class='ocrx_word' id='word_1_433' title='bbox 770 3793 887 3871; x_wconf 78' lang='lat' dir='ltr'><strong>regula,</strong></span> <span class='ocrx_word' id='word_1_434' title='bbox 903 3799 933 3852; x_wconf 91' lang='lat' dir='ltr'><strong>et</strong></span> <span class='ocrx_word' id='word_1_435' title='bbox 946 3812 1064 3852; x_wconf 86' lang='lat' dir='ltr'><strong>normae.</strong></span> 
     </span>
    </p>

    <p class='ocr_par' dir='ltr' id='par_1_5' title="bbox 155 3867 1370 4754">
     <span class='ocr_line' id='line_1_43' title="bbox 198 3867 1366 3952; baseline 0.001 -25"><span class='ocrx_word' id='word_1_436' title='bbox 198 3867 293 3928; x_wconf 89' lang='lat' dir='ltr'>XIII.</span> <span class='ocrx_word' id='word_1_437' title='bbox 316 3871 450 3930; x_wconf 82' lang='lat' dir='ltr'><strong>Libertas</strong></span> <span class='ocrx_word' id='word_1_438' title='bbox 473 3869 590 3938; x_wconf 84' lang='lat' dir='ltr'><strong>Christi,</strong></span> <span class='ocrx_word' id='word_1_439' title='bbox 614 3871 702 3932; x_wconf 83' lang='lat' dir='ltr'><strong>solvit</strong></span> <span class='ocrx_word' id='word_1_440' title='bbox 726 3891 780 3933; x_wconf 91' lang='lat' dir='ltr'><strong>nos</strong></span> <span class='ocrx_word' id='word_1_441' title='bbox 793 3874 894 3950; x_wconf 90' lang='lat' dir='ltr'><strong>ajngo</strong></span> <span class='ocrx_word' id='word_1_442' title='bbox 909 3869 999 3952; x_wconf 85' lang='lat' dir='ltr'><strong>Legis</strong></span> <span class='ocrx_word' id='word_1_443' title='bbox 1011 3872 1222 3946; x_wconf 86' lang='lat' dir='ltr'><strong>maledicentis,</strong></span> <span class='ocrx_word' id='word_1_444' title='bbox 1237 3879 1366 3948; x_wconf 82' lang='lat' dir='ltr'><strong>styran-</strong></span> 
     </span>
     <span class='ocr_line' id='line_1_44' title="bbox 156 3948 1367 4030; baseline 0.001 -23"><span class='ocrx_word' id='word_1_445' title='bbox 156 3948 224 4008; x_wconf 87' lang='lat' dir='ltr'><strong>nide</strong></span> <span class='ocrx_word' id='word_1_446' title='bbox 239 3948 366 4026; x_wconf 87' lang='lat' dir='ltr'><strong>Diaboli,</strong></span> <span class='ocrx_word' id='word_1_447' title='bbox 382 3959 412 4010; x_wconf 90' lang='lat' dir='ltr'><strong>et</strong></span> <span class='ocrx_word' id='word_1_448' title='bbox 433 3970 451 4009; x_wconf 87' lang='lat' dir='ltr'><strong>a</strong></span> <span class='ocrx_word' id='word_1_449' title='bbox 465 3951 604 4011; x_wconf 85' lang='lat' dir='ltr'><strong>servitute</strong></span> <span class='ocrx_word' id='word_1_450' title='bbox 618 3953 746 4030; x_wconf 72' lang='lat' dir='ltr'><strong>peccati,</strong></span> <span class='ocrx_word' id='word_1_451' title='bbox 762 3951 887 4013; x_wconf 90' lang='lat' dir='ltr'><strong>sednon</strong></span> <span class='ocrx_word' id='word_1_452' title='bbox 901 3954 1003 4014; x_wconf 87' lang='lat' dir='ltr'><strong>eximit</strong></span> <span class='ocrx_word' id='word_1_453' title='bbox 1017 3973 1034 4012; x_wconf 88' lang='lat' dir='ltr'><strong>a</strong></span> <span class='ocrx_word' id='word_1_454' title='bbox 1047 3953 1219 4011; x_wconf 87' lang='lat' dir='ltr'><strong>necessitate</strong></span> <span class='ocrx_word' id='word_1_455' title='bbox 1234 3951 1367 4028; x_wconf 90' lang='lat' dir='ltr'><strong>obsequii</strong></span> 
     </span>
     <span class='ocr_line' id='line_1_45' title="bbox 158 4028 1368 4111; baseline 0.003 -24"><span class='ocrx_word' id='word_1_456' title='bbox 158 4028 222 4088; x_wconf 92' lang='lat' dir='ltr'><strong>Deo</strong></span> <span class='ocrx_word' id='word_1_457' title='bbox 243 4030 409 4107; x_wconf 84' lang='lat' dir='ltr'><strong>praestandi,</strong></span> <span class='ocrx_word' id='word_1_458' title='bbox 434 4031 514 4110; x_wconf 93' lang='lat' dir='ltr'><strong>quod</strong></span> <span class='ocrx_word' id='word_1_459' title='bbox 535 4051 553 4090; x_wconf 92' lang='lat' dir='ltr'><strong>a</strong></span> <span class='ocrx_word' id='word_1_460' title='bbox 576 4031 707 4108; x_wconf 89' lang='lat' dir='ltr'><strong>qualibet</strong></span> <span class='ocrx_word' id='word_1_461' title='bbox 727 4042 859 4093; x_wconf 84' lang='lat' dir='ltr'><strong>creatrrra</strong></span> <span class='ocrx_word' id='word_1_462' title='bbox 879 4053 937 4111; x_wconf 90' lang='lat' dir='ltr'><strong>qua</strong></span> <span class='ocrx_word' id='word_1_463' title='bbox 956 4034 1010 4093; x_wconf 90' lang='lat' dir='ltr'><strong>tali</strong></span> <span class='ocrx_word' id='word_1_464' title='bbox 1023 4041 1068 4092; x_wconf 88' lang='lat' dir='ltr'><strong>est</strong></span> <span class='ocrx_word' id='word_1_465' title='bbox 1081 4030 1315 4110; x_wconf 85' lang='lat' dir='ltr'><strong>indispenssbile,</strong></span> <span class='ocrx_word' id='word_1_466' title='bbox 1338 4039 1368 4091; x_wconf 89' lang='lat' dir='ltr'><strong>et</strong></span> 
     </span>
     <span class='ocr_line' id='line_1_46' title="bbox 155 4109 1366 4190; baseline 0.002 -23"><span class='ocrx_word' id='word_1_467' title='bbox 155 4110 282 4169; x_wconf 86' lang='lat' dir='ltr'><strong>maxime</strong></span> <span class='ocrx_word' id='word_1_468' title='bbox 296 4131 314 4168; x_wconf 93' lang='lat' dir='ltr'><strong>a</strong></span> <span class='ocrx_word' id='word_1_469' title='bbox 326 4111 395 4170; x_wconf 89' lang='lat' dir='ltr'><strong>filiis</strong></span> <span class='ocrx_word' id='word_1_470' title='bbox 409 4112 584 4188; x_wconf 87' lang='lat' dir='ltr'><strong>redemptis:</strong></span> <span class='ocrx_word' id='word_1_471' title='bbox 599 4113 657 4171; x_wconf 90' lang='lat' dir='ltr'><strong>lmo</strong></span> <span class='ocrx_word' id='word_1_472' title='bbox 670 4113 819 4174; x_wconf 80' lang='lat' dir='ltr'><strong>vinculum</strong></span> <span class='ocrx_word' id='word_1_473' title='bbox 834 4113 920 4174; x_wconf 77' lang='lat' dir='ltr'><strong>officIi</strong></span> <span class='ocrx_word' id='word_1_474' title='bbox 933 4113 1025 4174; x_wconf 89' lang='lat' dir='ltr'><strong>nostri</strong></span> <span class='ocrx_word' id='word_1_475' title='bbox 1036 4131 1071 4171; x_wconf 92' lang='lat' dir='ltr'><strong>eo</strong></span> <span class='ocrx_word' id='word_1_476' title='bbox 1085 4111 1188 4172; x_wconf 84' lang='lat' dir='ltr'><strong>lortius</strong></span> <span class='ocrx_word' id='word_1_477' title='bbox 1202 4109 1366 4190; x_wconf 86' lang='lat' dir='ltr'><strong>adstringit,</strong></span> 
     </span>
     <span class='ocr_line' id='line_1_47' title="bbox 156 4191 1370 4271; baseline 0.003 -23"><span class='ocrx_word' id='word_1_478' title='bbox 156 4208 214 4266; x_wconf 90' lang='lat' dir='ltr'><strong>qno</strong></span> <span class='ocrx_word' id='word_1_479' title='bbox 227 4191 360 4268; x_wconf 88' lang='lat' dir='ltr'><strong>pluribus</strong></span> <span class='ocrx_word' id='word_1_480' title='bbox 374 4191 540 4250; x_wconf 90' lang='lat' dir='ltr'><strong>nominibus</strong></span> <span class='ocrx_word' id='word_1_481' title='bbox 555 4192 619 4251; x_wconf 91' lang='lat' dir='ltr'><strong>Deo</strong></span> <span class='ocrx_word' id='word_1_482' title='bbox 633 4192 765 4252; x_wconf 90' lang='lat' dir='ltr'><strong>obstricti</strong></span> <span class='ocrx_word' id='word_1_483' title='bbox 779 4213 898 4254; x_wconf 85' lang='lat' dir='ltr'><strong>sumus:</strong></span> <span class='ocrx_word' id='word_1_484' title='bbox 919 4194 967 4253; x_wconf 87' lang='lat' dir='ltr'><strong>Its</strong></span> <span class='ocrx_word' id='word_1_485' title='bbox 986 4193 1106 4252; x_wconf 87' lang='lat' dir='ltr'><strong>libertas</strong></span> <span class='ocrx_word' id='word_1_486' title='bbox 1119 4211 1137 4251; x_wconf 89' lang='lat' dir='ltr'><strong>a</strong></span> <span class='ocrx_word' id='word_1_487' title='bbox 1149 4201 1268 4271; x_wconf 89' lang='lat' dir='ltr'><strong>peccato</strong></span> <span class='ocrx_word' id='word_1_488' title='bbox 1282 4191 1370 4252; x_wconf 83' lang='lat' dir='ltr'><strong>Infert</strong></span> 
     </span>
     <span class='ocr_line' id='line_1_48' title="bbox 155 4271 1367 4352; baseline 0.002 -25"><span class='ocrx_word' id='word_1_489' title='bbox 155 4272 318 4330; x_wconf 79' lang='lat' dir='ltr'><strong>necessario</strong></span> <span class='ocrx_word' id='word_1_490' title='bbox 333 4273 503 4332; x_wconf 78' lang='lat' dir='ltr'><strong>servibitem</strong></span> <span class='ocrx_word' id='word_1_491' title='bbox 518 4273 638 4349; x_wconf 81' lang='lat' dir='ltr'><strong>grstiae3</strong></span> <span class='ocrx_word' id='word_1_492' title='bbox 663 4272 779 4333; x_wconf 88' lang='lat' dir='ltr'><strong>liberati</strong></span> <span class='ocrx_word' id='word_1_493' title='bbox 792 4294 810 4332; x_wconf 87' lang='lat' dir='ltr'><strong>a</strong></span> <span class='ocrx_word' id='word_1_494' title='bbox 823 4281 951 4352; x_wconf 87' lang='lat' dir='ltr'><strong>peccato,</strong></span> <span class='ocrx_word' id='word_1_495' title='bbox 966 4274 1043 4333; x_wconf 88' lang='lat' dir='ltr'><strong>servi</strong></span> <span class='ocrx_word' id='word_1_496' title='bbox 1064 4271 1149 4333; x_wconf 91' lang='lat' dir='ltr'><strong>fimus</strong></span> <span class='ocrx_word' id='word_1_497' title='bbox 1160 4273 1291 4350; x_wconf 82' lang='lat' dir='ltr'><strong>justitia,</strong></span> <span class='ocrx_word' id='word_1_498' title='bbox 1308 4272 1367 4329; x_wconf 89' lang='lat' dir='ltr'><strong>Ro·</strong></span> 
     </span>
     <span class='ocr_line' id='line_1_49' title="bbox 156 4351 1368 4432; baseline 0.001 -25"><span class='ocrx_word' id='word_1_499' title='bbox 156 4369 233 4409; x_wconf 89' lang='lat' dir='ltr'><strong>man.</strong></span> <span class='ocrx_word' id='word_1_500' title='bbox 248 4351 288 4410; x_wconf 82' lang='lat' dir='ltr'><strong>ri.</strong></span> <span class='ocrx_word' id='word_1_501' title='bbox 306 4354 363 4430; x_wconf 76' lang='lat'><strong>183</strong></span> <span class='ocrx_word' id='word_1_502' title='bbox 387 4352 446 4410; x_wconf 90' lang='lat' dir='ltr'><strong>imo</strong></span> <span class='ocrx_word' id='word_1_503' title='bbox 460 4353 491 4410; x_wconf 92' lang='lat' dir='ltr'><strong>in</strong></span> <span class='ocrx_word' id='word_1_504' title='bbox 512 4371 546 4411; x_wconf 90' lang='lat' dir='ltr'><strong>eo</strong></span> <span class='ocrx_word' id='word_1_505' title='bbox 570 4371 640 4412; x_wconf 83' lang='lat' dir='ltr'><strong>vers</strong></span> <span class='ocrx_word' id='word_1_506' title='bbox 653 4353 772 4414; x_wconf 82' lang='lat' dir='ltr'><strong>libertas</strong></span> <span class='ocrx_word' id='word_1_507' title='bbox 786 4363 927 4429; x_wconf 84' lang='lat' dir='ltr'><strong>versatur,</strong></span> <span class='ocrx_word' id='word_1_508' title='bbox 950 4361 984 4414; x_wconf 87' lang='lat' dir='ltr'><strong>ut</strong></span> <span class='ocrx_word' id='word_1_509' title='bbox 998 4354 1062 4413; x_wconf 92' lang='lat' dir='ltr'><strong>Deo</strong></span> <span class='ocrx_word' id='word_1_510' title='bbox 1085 4352 1279 4432; x_wconf 87' lang='lat' dir='ltr'><strong>subjiciamur,</strong></span> <span class='ocrx_word' id='word_1_511' title='bbox 1299 4369 1368 4408; x_wconf 85' lang='lat' dir='ltr'><strong>nam</strong></span> 
     </span>
     <span class='ocr_line' id='line_1_50' title="bbox 155 4430 1370 4511; baseline -0.001 -22"><span class='ocrx_word' id='word_1_512' title='bbox 155 4431 262 4489; x_wconf 61' lang='lat' dir='ltr'><strong>mae</strong></span> <span class='ocrx_word' id='word_1_513' title='bbox 285 4434 350 4490; x_wconf 89' lang='lat' dir='ltr'><strong>Deo</strong></span> <span class='ocrx_word' id='word_1_514' title='bbox 373 4451 497 4509; x_wconf 71' lang='lat' dir='ltr'><strong>regnare</strong></span> <span class='ocrx_word' id='word_1_515' title='bbox 521 4443 569 4492; x_wconf 80' lang='lat' dir='ltr'><strong>ert.</strong></span> <span class='ocrx_word' id='word_1_516' title='bbox 625 4432 695 4492; x_wconf 88' lang='lat' dir='ltr'><strong>Alia</strong></span> <span class='ocrx_word' id='word_1_517' title='bbox 719 4453 788 4511; x_wconf 86' lang='lat' dir='ltr'><strong>argo</strong></span> <span class='ocrx_word' id='word_1_518' title='bbox 813 4443 858 4494; x_wconf 86' lang='lat' dir='ltr'><strong>est</strong></span> <span class='ocrx_word' id='word_1_519' title='bbox 882 4433 995 4493; x_wconf 71' lang='lat' dir='ltr'><strong>liberm</strong></span> <span class='ocrx_word' id='word_1_520' title='bbox 1014 4434 1138 4510; x_wconf 73' lang='lat' dir='ltr'><strong>spir-itae,</strong></span> <span class='ocrx_word' id='word_1_521' title='bbox 1160 4431 1230 4489; x_wconf 82' lang='lat' dir='ltr'><strong>Alia</strong></span> <span class='ocrx_word' id='word_1_522' title='bbox 1257 4430 1370 4488; x_wconf 78' lang='lat' dir='ltr'><strong>licentia</strong></span> 
     </span>
     <span class='ocr_line' id='line_1_51' title="bbox 155 4509 1367 4592; baseline 0 -24"><span class='ocrx_word' id='word_1_523' title='bbox 155 4511 274 4584; x_wconf 47' lang='lat' dir='ltr'><strong>carata·</strong></span> <span class='ocrx_word' id='word_1_524' title='bbox 295 4511 359 4571; x_wconf 91' lang='lat' dir='ltr'><strong>Ista</strong></span> <span class='ocrx_word' id='word_1_525' title='bbox 382 4531 485 4570; x_wconf 84' lang='lat' dir='ltr'><strong>revera</strong></span> <span class='ocrx_word' id='word_1_526' title='bbox 506 4533 571 4571; x_wconf 90' lang='lat' dir='ltr'><strong>cum</strong></span> <span class='ocrx_word' id='word_1_527' title='bbox 587 4513 666 4590; x_wconf 89' lang='lat' dir='ltr'><strong>Lege</strong></span> <span class='ocrx_word' id='word_1_528' title='bbox 680 4513 831 4591; x_wconf 65' lang='lat' dir='ltr'><strong>trimma,</strong></span> <span class='ocrx_word' id='word_1_529' title='bbox 847 4514 899 4574; x_wconf 88' lang='lat' dir='ltr'><strong>scd</strong></span> <span class='ocrx_word' id='word_1_530' title='bbox 912 4513 964 4574; x_wconf 87' lang='lat' dir='ltr'><strong>illa</strong></span> <span class='ocrx_word' id='word_1_531' title='bbox 977 4515 1084 4592; x_wconf 86' lang='lat' dir='ltr'><strong>optime</strong></span> <span class='ocrx_word' id='word_1_532' title='bbox 1099 4529 1164 4570; x_wconf 90' lang='lat' dir='ltr'><strong>curn</strong></span> <span class='ocrx_word' id='word_1_533' title='bbox 1178 4529 1213 4569; x_wconf 86' lang='lat' dir='ltr'><strong>es</strong></span> <span class='ocrx_word' id='word_1_534' title='bbox 1226 4509 1367 4584; x_wconf 89' lang='lat' dir='ltr'><strong>consistit,</strong></span> 
     </span>
     <span class='ocr_line' id='line_1_52' title="bbox 155 4589 1370 4670; baseline -0.002 -22"><span class='ocrx_word' id='word_1_535' title='bbox 155 4597 186 4648; x_wconf 88' lang='lat' dir='ltr'><strong>ct</strong></span> <span class='ocrx_word' id='word_1_536' title='bbox 209 4590 247 4648; x_wconf 87' lang='lat' dir='ltr'><strong>ab</strong></span> <span class='ocrx_word' id='word_1_537' title='bbox 272 4609 307 4649; x_wconf 91' lang='lat' dir='ltr'><strong>ea</strong></span> <span class='ocrx_word' id='word_1_538' title='bbox 329 4601 374 4651; x_wconf 90' lang='lat' dir='ltr'><strong>est</strong></span> <span class='ocrx_word' id='word_1_539' title='bbox 396 4591 605 4668; x_wconf 83' lang='lat' dir='ltr'><strong>inseparabilis,</strong></span> <span class='ocrx_word' id='word_1_540' title='bbox 631 4596 646 4651; x_wconf 97' lang='lat'>1</span> <span class='ocrx_word' id='word_1_541' title='bbox 664 4595 727 4654; x_wconf 87' lang='lat' dir='ltr'><strong>Pet.</strong></span> <span class='ocrx_word' id='word_1_542' title='bbox 750 4591 779 4654; x_wconf 88' lang='lat' dir='ltr'><strong>ii.</strong></span> <span class='ocrx_word' id='word_1_543' title='bbox 797 4597 844 4670; x_wconf 87' lang='grc'><strong>18,</strong></span> <span class='ocrx_word' id='word_1_544' title='bbox 868 4594 990 4668; x_wconf 87' lang='lat' dir='ltr'><strong>“Quasi</strong></span> <span class='ocrx_word' id='word_1_545' title='bbox 1014 4591 1106 4666; x_wconf 91' lang='lat' dir='ltr'><strong>liberl,</strong></span> <span class='ocrx_word' id='word_1_546' title='bbox 1132 4589 1184 4649; x_wconf 87' lang='lat' dir='ltr'><strong>sed</strong></span> <span class='ocrx_word' id='word_1_547' title='bbox 1204 4607 1263 4648; x_wconf 93' lang='lat' dir='ltr'><strong>uon</strong></span> <span class='ocrx_word' id='word_1_548' title='bbox 1282 4589 1370 4664; x_wconf 85' lang='lat' dir='ltr'><strong>quasi</strong></span> 
     </span>
     <span class='ocr_line' id='line_1_53' title="bbox 155 4669 1370 4754; baseline 0 -26"><span class='ocrx_word' id='word_1_549' title='bbox 155 4669 292 4730; x_wconf 81' lang='lat' dir='ltr'><strong>velamen</strong></span> <span class='ocrx_word' id='word_1_550' title='bbox 305 4671 448 4732; x_wconf 87' lang='lat' dir='ltr'><strong>habentes</strong></span> <span class='ocrx_word' id='word_1_551' title='bbox 461 4671 579 4733; x_wconf 83' lang='lat' dir='ltr'><strong>malitia</strong></span> <span class='ocrx_word' id='word_1_552' title='bbox 592 4671 764 4751; x_wconf 85' lang='lat' dir='ltr'><strong>libertatem,</strong></span> <span class='ocrx_word' id='word_1_553' title='bbox 780 4673 832 4734; x_wconf 84' lang='lat' dir='ltr'><strong>sed</strong></span> <span class='ocrx_word' id='word_1_554' title='bbox 845 4675 929 4754; x_wconf 86' lang='lat' dir='ltr'><strong>quasi</strong></span> <span class='ocrx_word' id='word_1_555' title='bbox 943 4672 1021 4734; x_wconf 87' lang='lat' dir='ltr'><strong>servi</strong></span> <span class='ocrx_word' id='word_1_556' title='bbox 1042 4671 1128 4748; x_wconf 85' lang='lat' dir='ltr'><strong>Del,&#39;&#39;</strong></span> <span class='ocrx_word' id='word_1_557' title='bbox 1150 4678 1179 4732; x_wconf 86' lang='lat' dir='ltr'><strong>at</strong></span> <span class='ocrx_word' id='word_1_558' title='bbox 1193 4669 1260 4732; x_wconf 83' lang='lat' dir='ltr'><strong>Cal.</strong></span> <span class='ocrx_word' id='word_1_559' title='bbox 1274 4687 1304 4728; x_wconf 83' lang='lat' dir='ltr'><strong>v.</strong></span> <span class='ocrx_word' id='word_1_560' title='bbox 1321 4671 1370 4746; x_wconf 85' lang='lat'><strong>1³,</strong></span> 
     </span>
    </p>
   </div>
   <div class='ocr_carea' id='block_1_3' title="bbox 0 0 1616 5194">
    <p class='ocr_par' dir='ltr' id='par_1_6' title="bbox 0 0 1616 5194">
     <span class='ocr_line' id='line_1_54' title="bbox 0 0 1616 5194; baseline 0 0"><span class='ocrx_word' id='word_1_561' title='bbox 0 0 1616 5194; x_wconf 95' lang='lat' dir='ltr'><strong> </strong></span> 
     </span>
    </p>
   </div>
  </div>
 </body>
</html>
