3202 5194
543 687 698 768 Locus
738 687 1069 769 oeconomus

440 917 516 1010 DE
568 917 847 1011 FOEDllltll
898 917 1171 1014 GRATIAE

293 1073 374 1241 ἰι
419 1148 707 1244 nussim
751 1149 910 1244 suns
952 1150 1310 1246 soonensi

416 1377 463 1454 lN
484 1379 650 1458 VETERI
670 1379 724 1456 Ill*
745 1379 865 1459 NOVO
886 1381 1198 1460 TESTAMENTO.

685 1633 890 1646 ἡ*

622 1816 817 1893 QUAESTIO
839 1816 985 1880 PRIMA.

201 1979 342 2047 (λυωηαιιι
361 1978 397 2038 eit
413 1977 494 2054 oripo
513 1985 540 2038 et
558 1997 653 2038 senece
672 1979 777 2038 Vocem
797 1997 881 2052 nee,
900 1973 1020 2053 διαθιίιιε,
1038 1978 1174 2053 Fcere,
1197 1978 1361 2055 tempests,
1383 1989 1410 2040 et

554 2059 714 2136 Eooayclii,
730 2077 793 2135 qun
805 2057 850 2118 tic
863 2067 1048 2136 melphense.

202 2251 446 2359 incesse
465 2216 877 2375 ..b.¹{i¹'ltt.¹²}tt.⁶‡
889 2217 1409 2376 tttbtt.t¹¹t.'tttttttt

230 2369 297 2416 uem.
464 2378 612 2456 estquod
632 2399 698 2440 cum
711 2377 832 2438 maximi
853 2377 891 2438 sit
911 2379 941 2438 in
955 2379 1117 2456 Theologie
1136 2379 1284 2455 momenti,
1306 2387 1407 2456 utpote

201 2453 282 2532 quod
294 2455 333 2514 sit
345 2455 438 2516 veluti
458 2467 590 2518 centrum
604 2478 638 2520 ec
652 2458 802 2520 vinculum
822 2458 913 2520 totius
935 2458 1106 2536 Religionis,
1128 2479 1194 2536 que
1208 2458 1409 2518 communione

207 2533 265 2594 Dei
278 2554 343 2594 cnm
356 2535 473 2598 homine
487 2545 609 2614 constet,
632 2546 662 2597 et
675 2538 772 2599 omnia
786 2538 843 2600 Dei
856 2537 888 2598 in
907 2538 1054 2598 hominem
1067 2539 1217 2614 beneficia,
1240 2547 1270 2600 et
1282 2539 1408 2598 hominis

201 2633 273 2692 erge
279 2615 374 2676 Deum
383 2615 477 2676 officia
485 2618 596 2677 ambitu
606 2637 659 2678 suo
668 2618 884 2696 complectatur,
891 2618 922 2676 in
933 2637 967 2678 eo
978 2619 1033 2678 n'te
1041 2618 1243 2696 cognoscendo
1252 2626 1282 2680 et
1290 2638 1408 2678 servan·

200 2693 239 2757 do
253 2695 295 2754 rei
309 2714 422 2756 summe
435 2697 567 2756 vertitur.
612 2697 697 2758 Unde
712 2697 876 2775 disquisitio
890 2699 955 2775 ejus
969 2698 1144 2777 peculiarem
1155 2699 1283 2780 legisses
1304 2699 1406 2776 exigit,

201 2783 235 2842 ut
249 2775 367 2834 Veritas
387 2775 529 2838 adversus
548 2777 668 2854 quosvis
682 2797 801 2852 errores,
818 2777 924 2854 quibus
940 2777 1030 2838 Saten
1044 2778 1081 2838 eb
1095 2780 1174 2837 omni
1187 2781 1246 2838 fere
1260 2797 1324 2836 aevo
1339 2778 1407 2838 doe·

201 2853 307 2914 hinem
320 2855 407 2916 istem
420 2857 576 2918 salutarem
590 2857 744 2918 obsecrare
758 2865 788 2916 et
801 2875 983 2934 corrumpere
997 2866 1118 2918 conatus
1132 2866 1184 2934 est,
1201 2857 1395 2919 confirmetur.

399 3001 404 3012 Ι
504 2937 547 2996 II.
571 2937 614 2997 Ut
627 2957 696 2998 vero
711 2937 825 3002 facilius
840 2937 972 2998 Foederis
985 2945 1089 2998 nature
1099 2945 1299 3014 cognoscetur,
1314 2957 1407 3014 peuce

226 2998 334 3058 ⁸²5¹*OE
352 3014 418 3046 vocs
466 3016 503 3076 de
517 3017 629 3095 origine
640 3026 670 3078 et
680 3037 768 3078 senen
777 3036 892 3091 vocum,
904 3017 1010 3094 quibus
1020 3017 1167 3094 designari
1181 3017 1255 3076 solet
1268 3017 1299 3074 in
1312 3018 1407 3095 Scrip-

290 3068 359 3108 m'
466 3105 539 3174 ture,
555 3106 586 3158 ct
599 3098 704 3175 quibus
718 3097 809 3174 vulgo
822 3105 944 3158 utuntur
953 3096 1104 3174 Theologi,
1119 3095 1323 3174 praemittendo
1331 3105 1406 3175 sunt,

202 3175 1161 3332 stit?..iltuit-“infimestistinet?tlt}
1170 3176 1408 3318 lidhllidi

204 3347 323 3414 etymon
346 3338 497 3398 incertum.
542 3301 617 3401 Sunt
638 3338 690 3416 qui
711 3337 845 3398 derivant
868 3357 886 3394 a
909 3337 1006 3397 radice
1026 3357 1085 3414 nee,
1110 3277 1238 3415 velpque
1264 3279 1408 3398 cdceclire

206 3418 357 3495 significet,
374 3418 444 3496 quis
456 3419 487 3478 in
501 3417 642 3478 foederum
655 3418 789 3496 pectione
803 3417 939 3478 convivis
951 3417 1058 3496 agitari
1071 3418 1219 3495 solebant,
1242 3417 1291 3477 vel
1310 3418 1408 3496 potius

204 3518 263 3574 que
276 3507 358 3558 notet
371 3499 481 3576 stipere,
503 3498 572 3575 quie
586 3499 733 3576 eliguntur
748 3499 891 3572 Perseus,
911 3517 966 3573 res,
989 3506 1019 3558 et
1032 3499 1213 3559 conditiones
1234 3498 1288 3557 sub
1303 3499 1409 3576 quibus

205 3577 299 3638 ioedus
313 3579 410 3656 initur,
427 3579 504 3642 unde
519 3578 619 3640 Judaei
633 3579 768 3639 nemer
779 3578 840 3658 filii
849 3578 978 3653 sedern,
1001 3577 1070 3638 Act.
1084 3579 1125 3639 iii.
1140 3580 1188 3654 25,
1206 3581 1330 3655 popedon
1340 3579 1406 3654 Dei,

204 3657 267 3730 qim
281 3659 400 3735 ἐκλατὶι,
425 3663 440 3718 l
457 3659 520 3718 Pet.
534 3659 566 3718 ii.
581 3661 608 3734 9,
631 3665 731 3719 mutue
751 3659 828 3718 enim
848 3658 896 3717 hic
909 3657 995 3718 datur
1009 3659 1120 3735 electio,
1142 3667 1237 3719 tuma
1256 3667 1337 3736 parte
1352 3659 1409 3717 Dei

204 3739 338 3798 homines
351 3740 486 3816 eligentis
500 3739 531 3798 in
549 3739 697 3817 populum,
713 3746 775 3798 tum
789 3758 807 3796 e
825 3747 907 3816 perte
921 3739 1070 3800 hominum
1085 3740 1182 3799 Deum
1195 3739 1365 3816 eligentium
1375 3739 1407 3798 in

207 3818 311 3894 Deum,
326 3827 360 3878 ut
372 3820 544 3897 exprimitur
558 3819 623 3880 Jos.
638 3819 721 3877 xxiv.
737 3823 785 3894 22,
797 3821 847 3878 25.
876 3817 939 3878 Alii
952 3839 970 3878 a
982 3839 1038 3896 eea,
1049 3820 1220 3899 purificent,
1235 3826 1264 3877 et
1278 3820 1407 3878 declara·

205 3899 251 3974 vit,
267 3899 336 3976 quis
356 3919 408 3977 per
420 3899 515 3960 foedus
529 3899 715 3960 confirmetur
733 3906 762 3958 et
783 3898 945 3960 decleretur
957 3899 1031 3960 fides
1051 3908 1081 3959 et
1100 3899 1228 3958 amicitia
1248 3897 1359 3958 sineere
1380 3905 1409 3969 et

206 3999 279 4057 pura
291 3979 417 4056 partium
431 3979 671 4040 contrahentium.
713 3977 776 4038 Alii
796 3978 1015 4040 convenientius
1036 3979 1184 4039 deducunt
1197 3997 1214 4035 a
1227 3975 1324 4036 redico
1338 3999 1408 4054 sees,

206 4059 286 4136 qnod
299 4059 330 4118 in
346 4059 430 4119 Pihel
441 4058 586 4136 significet
599 4059 735 4136 meones,
751 4057 800 4118 vel
810 4059 932 4119 eredice
946 4081 1004 4136 ms,
1016 4060 1153 4134 ᾱὼιειιιίε,
1164 4075 1216 4135 per
1226 4056 1409 4116 metathesim

206 4139 355 4198 literarum
369 4161 402 4203 ι-ι
414 4148 445 4199 et
457 4162 485 4216 e,
501 4159 559 4218 qua
571 4161 644 4200 voce
657 4139 749 4200 utitur
760 4139 916 4217 Scriptura,
927 4159 1016 4216 quum
1026 4139 1167 4200 foederum
1177 4136 1410 4197 confirmatorum

207 4220 347 4295 meminit,
363 4220 438 4280 Gen.
453 4239 504 4280 xv.
522 4223 568 4295 10,
584 4229 614 4279 et
626 4220 649 4280 J
650 4239 737 4281 erem.
751 4220 856 4280 xxxiv.
873 4221 919 4296 18,
934 4219 1003 4297 quis
1015 4219 1047 4279 in
1060 4218 1168 4280 loedere
1181 4217 1336 4295 pangendo
1350 4216 1408 4276 dis·

208 4301 333 4359 sectione
357 4319 495 4378 pecorum
518 4300 682 4376 utebantm,
705 4308 735 4360 ct
755 4298 879 4360 transitu
902 4319 955 4378 per
973 4299 1084 4362 medias
1106 4307 1204 4376 partes
1226 4297 1410 4356 victimarum

209 4396 356 4456 ιιιιιιιιιιι,
379 4379 577 4458 significentes
591 4379 778 4440 dissecandos
798 4380 906 4458 pariter
919 4377 970 4458 qui
983 4379 1077 4439 foedus
1098 4377 1249 4451 violarent,
1271 4385 1305 4436 ut
1317 4375 1410 4453 liquet

208 4477 247 4519 es
261 4460 368 4520 (ienae.
382 4480 434 4520 xv.
451 4463 497 4536 10,
510 4465 557 4521 17.
572 4459 664 4538 Apud
677 4459 792 4520 Ambos
805 4479 896 4538 nepe,
905 4459 984 4537 quod
998 4457 1142 4537 signifieat
1155 4455 1285 4514 dividere
1299 4456 1330 4513 in
1343 4475 1409 4532 per·

209 4545 253 4600 tce
266 4548 296 4599 et
309 4541 458 4616 dissecare,
474 4540 620 4618 significet
633 4541 720 4600 etiam
726 4543 841 4617 jas-are,
857 4541 926 4618 quie
939 4539 1048 4600 foedere
1061 4537 1263 4598 sentiebantur
1277 4534 1411 4596 dissectis

210 4618 344 4694 victimis,
359 4629 394 4681 ut
401 4621 503 4698 cyrill.
518 4621 617 4697 Alex,
632 4621 684 4680 lib.
698 4641 729 4681 x.
744 4622 774 4680 in
789 4620 872 4694 Juli,
887 4620 965 4680 hunc
978 4639 1086 4680 morem
1101 4616 1240 4678 adscribit
1254 4614 1409 4675 Chaldaeis.

212 4695 289 4760 Hinc
301 4700 397 4776 ferire
417 4709 447 4764 et
465 4702 593 4764 scicdem
605 4703 701 4780 seduc
723 4700 842 4764 Hebraei
863 4699 964 4760 dieunt
977 4717 1051 4757 cca-e
1066 4716 1135 4777 ιιι,
1157 4697 1236 4776 quod
1256 4715 1315 4756 non
1334 4696 1411 4756 mele
