3146 5210
134 399 246 451 osmer.
267 376 350 460 mn]
477 393 516 434 ns
531 393 646 435 omroro
660 395 780 439 caarsrr
794 398 989 443 usuraromo.
1281 389 1339 447 393

136 542 226 602 fuisse
240 545 475 612 consummatam,
491 537 575 610 cujus
588 537 636 594 hic
650 535 705 596 fuit
718 537 836 614 fructus,
851 549 885 598 ut
899 561 934 600 eo
948 543 1010 620 ipso
1032 543 1079 601 dic
1104 545 1200 603 omnia
1213 547 1341 605 omniurn

137 623 305 680 Electomm
329 625 447 696 peccata
471 626 616 693 expuncta
638 617 704 676 sint.
741 617 841 696 Atque
855 620 917 680 haec
932 632 976 681 est
998 623 1079 699 ratic,
1103 644 1154 684 cur
1174 624 1282 685 Paulus
1303 627 1341 685 ad

136 701 312 760 oblationem
347 698 460 757 unicam
486 696 601 773 Christi,
624 697 818 774 expiationem
845 711 1027 777 peccatorum
1048 712 1211 763 nostrorum
1235 706 1341 765 referat

136 779 354 858 synecdochice,
367 777 435 854 quia
448 775 503 834 fuit
517 783 682 835 caeterarum
704 779 832 837 omnium
852 782 1019 858 passionum
1043 784 1215 860 gravissima
1237 793 1266 844 ct
1288 806 1339 844 no-

137 861 266 934 vissima,
289 859 350 918 sinc
365 876 422 935 qua
436 863 546 914 caterae
561 876 660 916 omnes
682 858 886 918 antecedentes
909 881 968 919 non
989 861 1178 939 suffecissent,
1195 872 1227 923 ut
1245 865 1341 924 ultimi

135 938 304 1018 quadrantis
327 936 432 997 solutio
456 935 680 995 satisfactionem
704 938 838 1015 absolvit,
853 960 940 1017 quam
966 942 1156 1020 Chirographi
1178 944 1297 1020 scissio,
1311 954 1340 1005 et

135 1021 214 1079 datio
239 1018 356 1096 apochae
381 1015 545 1074 immediate
568 1017 705 1093 sequitur.
751 1017 834 1077 Licet
856 1040 926 1078 vero
950 1041 1026 1079 anno
1050 1023 1199 1101 trigesimo
1226 1033 1338 1084 tantum

135 1099 228 1159 atatis
239 1117 299 1157 suae
312 1097 428 1175 publice
443 1095 559 1154 Muneri
581 1115 633 1155 suo
658 1096 832 1157 Mediatoric
853 1099 1042 1178 inauguratus
1063 1101 1167 1180 fuerit;
1191 1104 1257 1162 Non
1271 1104 1338 1163 inde

134 1180 203 1238 licet
217 1177 311 1255 magis
326 1174 497 1235 concludere
512 1175 658 1234 Christum
673 1185 739 1235 ante
760 1177 834 1236 illud
848 1188 962 1258 tempus
976 1201 1034 1240 non
1048 1181 1137 1242 fuisse
1154 1182 1338 1243 Sacerdotem

135 1266 185 1317 aut
199 1258 365 1331 Victimam,
380 1275 466 1333 quam
491 1253 558 1314 inde
581 1256 717 1333 colligere
739 1257 817 1334 licet,
840 1279 900 1318 non
921 1260 1008 1320 fuisse
1028 1270 1113 1320 antea
1138 1263 1338 1323 Mediatorem.

135 1339 197 1397 Nec
222 1339 246 1396 si
262 1337 394 1396 Christus
415 1335 445 1392 in
468 1334 562 1411 matis
583 1337 674 1412 patris
694 1335 757 1411 fuit,
782 1346 811 1396 et
835 1339 929 1398 Filius
943 1341 1006 1417 ejus
1030 1341 1161 1419 dilectus,
1177 1343 1234 1403 imo
1252 1345 1339 1403 etiam

134 1417 312 1496 glorificatus
334 1413 489 1492 aliquando
512 1433 565 1492 per
587 1415 656 1474 vitae
678 1423 800 1492 tempus,
830 1418 903 1478 bene
925 1420 992 1478 inde
1015 1423 1158 1481 evincitur
1180 1443 1245 1482 eum
1266 1424 1339 1483 iram

135 1497 191 1556 Dei
215 1517 274 1555 non
287 1495 408 1571 tulissc;
431 1494 498 1571 quia
520 1514 577 1552 non
593 1504 661 1554 sunt
681 1495 824 1556 ἅσύστιτι.
867 1499 929 1558 Nec
942 1519 1068 1577 unquam
1083 1501 1113 1559 in
1139 1523 1169 1560 sc
1192 1512 1338 1582 spectatus

136 1577 268 1639 Christus
289 1575 374 1634 etiam
402 1574 433 1632 in
460 1573 531 1650 ipsis
555 1575 649 1633 crucis
667 1576 824 1653 angoribus
852 1576 938 1637 desiit
961 1599 1024 1639 esse
1047 1581 1232 1641 charissimus
1253 1585 1338 1660 patri,

135 1657 268 1733 quamvis
282 1663 315 1714 ut
330 1655 458 1731 Sponsor
467 1661 573 1729 noster,
589 1654 639 1712 ira
661 1656 774 1732 pondus
795 1667 912 1734 propter
932 1668 1051 1736 peccata
1072 1669 1170 1719 nostra
1194 1661 1288 1736 ferret,
1311 1671 1340 1721 et

136 1736 282 1795 execratio
302 1735 392 1794 tieret.
453 1733 515 1791 Nec
535 1753 628 1810 poenae
650 1735 764 1793 Christo
795 1736 937 1814 impositae
958 1747 1018 1796 tam
1041 1739 1162 1798 intensa
1184 1750 1339 1818 etgraves

134 1835 248 1892 semper
271 1813 432 1874 debuerunt
454 1831 526 1887 esse,
566 1813 636 1889 quin
664 1813 875 1890 mitigationem
906 1816 1033 1894 aliquam
1061 1821 1147 1878 certis
1175 1821 1338 1880 intervallis

134 1895 327 1968 admitterent,
353 1893 458 1970 quibus
486 1891 524 1949 ad
560 1891 672 1952 fortiter
699 1893 904 1954 decertandum
926 1906 1070 1956 certamen
1093 1899 1137 1956 illi
1157 1900 1337 1977 propositum

134 1974 229 2051 magis
243 1994 276 2032 ac
290 1973 383 2050 magis
396 1973 579 2030 animaretur.

176 2053 236 2112 IX.
260 2053 402 2127 Secundo,
418 2052 606 2129 supponimus
633 2052 663 2109 in
690 2053 853 2113 actionibus
880 2063 909 2114 et
936 2055 1119 2133 passionibus
1144 2059 1251 2117 Christi
1278 2058 1336 2118 dis-

133 2132 293 2210 tinguenda
307 2152 370 2192 esse
385 2131 451 2207 duo,
466 2131 614 2190 materiale
633 2139 663 2190 et
676 2131 813 2192 formale:
835 2137 982 2194 matemala
1005 2156 1143 2196 vocamus
1165 2138 1293 2197 actiones
1307 2149 1337 2199 et

134 2213 284 2289 passiones
298 2232 355 2289 qua
368 2211 442 2271 tales
456 2210 487 2268 in
507 2229 612 2287 genere
634 2211 719 2270 Entis
741 2213 953 2292 consideratas3
968 2219 1097 2290 formale
1121 2235 1190 2276 vero
1211 2217 1336 2295 easdem,

133 2299 276 2368 quatenus
287 2299 453 2369 spectantur
466 2290 497 2347 in
507 2309 612 2368 genere
627 2291 723 2366 moris,
736 2311 787 2352 seu
802 2294 898 2370 quoad
908 2295 959 2372 jus
979 2303 1009 2354 et
1032 2293 1167 2372 bambae,
1194 2297 1272 2374 quod
1300 2319 1338 2357 cx

133 2371 193 2429 illis
207 2371 297 2431 oritur
310 2371 399 2429 relate
418 2368 562 2428 adfurum
578 2369 642 2430 Dei.
686 2370 788 2444 Quoad
812 2373 900 2450 prius,
916 2375 1044 2434 actiones
1064 2385 1093 2436 et
1106 2377 1255 2454 passiones
1271 2388 1338 2438 sunt

133 2450 233 2508 multae
248 2460 277 2509 et
290 2450 394 2526 variae;
417 2448 469 2508 sed
482 2449 579 2525 quoad
592 2451 744 2526 posterius,
759 2453 845 2511 unica
859 2465 903 2513 est
923 2453 1024 2530 forma,
1039 2456 1093 2515 sub
1114 2476 1172 2533 qua
1186 2458 1337 2517 censenda

130 2530 261 2605 veniunt,
277 2530 412 2589 nimirum
426 2526 601 2604 deauramus,
617 2529 696 2606 quod
716 2539 809 2590 totum
824 2541 869 2592 est
886 2533 1032 2611 quoddam
1046 2556 1184 2595 enascens
1207 2557 1245 2595 ex
1259 2558 1337 2596 com-

131 2609 221 2687 plexu
236 2610 363 2668 omnium
378 2609 522 2668 aedanum
544 2617 573 2668 et
586 2609 753 2686 passionum
768 2611 854 2671 simul
878 2623 1075 2691 sumptarum;
1098 2616 1185 2675 Unde
1198 2637 1257 2676 una
1278 2618 1340 2676 sola

132 2690 207 2748 actio
221 2690 270 2748 vcl
283 2690 380 2767 passio
391 2709 450 2746 uon
467 2696 563 2766 potest
577 2688 635 2746 dici
655 2690 739 2765 plene
753 2693 900 2752 meritoria
918 2694 967 2752 vel
991 2694 1190 2771 satisfactoria,
1206 2696 1275 2772 quia
1300 2696 1339 2755 ad

131 2787 196 2827 eam
215 2769 371 2846 requiritur
385 2787 541 2828 concursus
565 2767 698 2845 perfectae
726 2770 915 2832 obedientiae:
965 2773 1044 2831 Hinc
1058 2774 1126 2832 licet
1140 2774 1214 2831 varii
1229 2775 1338 2852 gradus

131 2855 161 2906 et
175 2857 257 2907 actus
270 2849 383 2927 possint
397 2847 544 2906 observari
558 2848 588 2905 in
610 2847 774 2916 obedientia
789 2850 905 2927 Christi,
921 2871 1007 2930 qnam
1029 2872 1094 2912 cum
1109 2853 1172 2929 ipsa
1186 2853 1338 2912 nativitate

131 2927 288 3003 inchoavit,
323 2936 385 2986 tota
419 2927 480 2985 vita
514 2927 702 3004 continuavit,
745 2937 774 2987 et
807 2930 838 2987 in
872 2940 963 2990 morte
999 2933 1218 3006 consummavit,
1253 2934 1340 2992 unica

131 3015 229 3143 taflrinen
265 3015 310 3066 est
336 3006 434 3084 quoad
460 3005 622 3084 ἄποτίλινμ
653 3007 747 3085 operis
782 3009 893 3084 salutis,
922 3019 951 3069 et
981 3010 1077 3087 quoad
1111 3007 1237 3086 laxabas
1271 3012 1339 3071 inde

132 3105 148 3144 c
180 3107 321 3146 crescens.

172 3165 214 3226 X.
237 3167 344 3244 Tertio,
361 3165 549 3244 supponimus
568 3167 653 3226 istam
668 3166 861 3227 obedientiam
876 3168 984 3228 Christi
995 3170 1139 3248 duplicem
1153 3171 1209 3229 cam
1222 3170 1337 3247 habere,

131 3247 350 3322 saasfactoriam
371 3255 401 3305 et
422 3247 603 3322 amanam,
627 3247 716 3322 illam,
731 3267 790 3324 qna
809 3247 995 3309 liberemura
1019 3250 1121 3327 poenis,
1136 3250 1167 3307 in
1191 3270 1264 3327 quas
1287 3270 1339 3328 per

129 3335 280 3402 peccatum
291 3325 473 3402 incurrimus,
488 3325 573 3385 istam
588 3345 646 3403 qua
660 3327 824 3404 acquiratur
837 3328 921 3387 nobis
936 3329 957 3388 J
959 3349 994 3389 ns
1015 3328 1052 3387 ad
1066 3331 1157 3388 vitam
1171 3341 1200 3388 et
1214 3331 1337 3390 salutem

130 3414 265 3466 aeternam
287 3426 338 3483 per
358 3415 508 3483 peccatum
529 3407 674 3464 amissum.
726 3407 768 3466 Ut
789 3407 863 3466 enim
885 3417 1035 3486 peccatum
1055 3408 1113 3468 duo
1134 3410 1211 3468 mala
1235 3409 1264 3467 in
1286 3430 1340 3469 nos

129 3487 290 3563 accersivit,
316 3487 385 3545 vitae
403 3487 555 3563 jactmam,
582 3494 611 3544 et
632 3486 733 3544 mortis
753 3496 883 3562 reatum,
917 3489 964 3547 Ita
989 3488 1149 3566 redemptio
1178 3489 1235 3548 duo
1262 3491 1340 3548 bona

129 3567 262 3643 opposita
285 3565 386 3626 debuit
408 3565 518 3640 afferre,
541 3565 740 3624 liberationem
762 3586 779 3623 a
800 3575 900 3642 morte,
923 3577 952 3627 et
972 3569 1030 3628 Jus
1051 3568 1088 3627 ad
1108 3569 1208 3644 vitam,
1228 3570 1339 3629 exitum

128 3664 166 3703 ex
188 3645 309 3721 inferno,
333 3654 363 3704 et
382 3645 532 3703 introitum
553 3644 583 3702 in
604 3645 718 3704 coelum.
761 3646 829 3705 Huc
850 3646 994 3724 pertinent
1013 3649 1079 3707 loca
1102 3649 1183 3707 varia
1210 3649 1337 3726 Scriptu-

128 3743 176 3799 raa,
199 3745 264 3803 quae
285 3724 395 3802 duplex
415 3724 494 3784 istud
508 3724 680 3783 beneficium
694 3725 769 3784 clare
783 3727 957 3802 exprimunt.
1001 3727 1076 3786 Dan.
1091 3729 1131 3786 ix.
1143 3732 1191 3802 24,
1209 3732 1226 3762 “
1237 3729 1337 3806 Propi-

129 3803 210 3860 tiatio
241 3805 410 3881 iniquitatis,
439 3813 469 3863 et
497 3812 611 3863 aeternae
641 3805 764 3882 justitiae
791 3806 957 3882 adductio,”
980 3807 1094 3867 Christo
1124 3807 1282 3882 tribuitur;
1308 3816 1338 3866 et

131 3881 197 3938 Gal.
218 3882 259 3940 iii.
282 3883 328 3959 13,
352 3883 526 3943 “Liberatio
548 3904 565 3942 a
584 3883 786 3942 maledictione
806 3885 903 3962 Legis,
919 3895 948 3945 et
962 3887 1171 3946 benedictionis
1190 3887 1337 3959 collati0,''

129 3964 159 4016 et
181 3977 243 4035 cap.
264 3960 303 4018 iv.
332 3965 359 4036 5,
390 3963 561 4023 “Liberatid
589 3984 607 4021 a
633 3964 721 4041 Lege,
746 3971 775 4022 et
797 3964 913 4042 adoptio
937 3965 1102 4042 filiorum;''
1125 3965 1209 4022 Rom.
1231 3985 1260 4022 v.
1286 3967 1332 4040 10,

129 4036 285 4096 “Salvatio
305 4040 341 4099 ab
362 4041 412 4115 ira,
433 4051 462 4100 et
486 4043 553 4102 vitae
568 4043 715 4111 donatio‚”
739 4045 757 4076 “
769 4043 912 4103 Remissio
933 4053 1123 4122 peccatorum,
1140 4051 1168 4101 et
1183 4061 1245 4100 sors
1259 4044 1335 4102 inter

129 4117 352 4193 sanctificatos,'’
375 4119 441 4180 Act.
457 4122 539 4180 xxvi.
563 4125 609 4181 18.

170 4195 232 4255 XI.
255 4197 337 4257 Licet
350 4218 420 4258 vero
434 4200 491 4259 duo
505 4201 561 4261 ista
571 4202 711 4262 beneficia
729 4223 767 4260 ex
782 4202 889 4262 Christi
903 4201 1067 4262 obedientia
1085 4201 1239 4274 manantia,
1259 4201 1333 4259 indi-

128 4277 214 4336 vulso
228 4295 307 4336 nexu
332 4277 390 4336 sint
414 4280 547 4357 copulata
560 4282 590 4340 in
605 4282 728 4341 Foedere
743 4283 861 4357 Gratiae,
876 4291 909 4341 ut
922 4301 1007 4340 nemo
1021 4280 1217 4340 remissionem
1232 4300 1332 4356 pecca-

128 4365 224 4417 torum
245 4357 338 4434 possit
349 4358 486 4434 obtinere,
502 4360 552 4436 qui
562 4362 612 4437 jus
626 4361 664 4420 ad
678 4362 768 4420 vitam
788 4380 847 4419 non
861 4369 1071 4437 consequatur;
1102 4359 1167 4417 Non
1181 4369 1333 4436 propterea

128 4435 332 4495 confundenda
353 4445 428 4512 sunt,
444 4440 527 4515 quasi
551 4461 640 4498 unum
664 4450 693 4500 et
706 4441 783 4500 idem
804 4447 916 4516 esseut;
940 4439 990 4497 sed
1018 4438 1241 4515 distinguends3
1264 4439 1332 4515 quia
1410 4475 1414 4488 ·

126 4516 208 4575 aliud
221 4523 266 4574 est
280 4536 298 4574 a
311 4524 402 4575 morte
415 4517 546 4593 liberare,
561 4519 641 4578 aliud
654 4521 685 4578 in
699 4521 790 4579 vitam
803 4519 992 4594 introducere,
1008 4517 1087 4576 aliud
1098 4539 1136 4576 ex
1149 4517 1248 4576 inferis
1262 4518 1331 4576 edu·

127 4616 201 4672 cere,
224 4595 304 4654 aliud
318 4596 348 4656 in
367 4587 472 4655 coaldm
486 4599 616 4674 evehere,
631 4600 754 4658 liberare
769 4621 786 4658 a
806 4619 899 4677 poena,
916 4607 945 4658 et
958 4598 1108 4676 praemium
1122 4598 1238 4658 donare.
1261 4597 1331 4673 Nec,

126 4675 246 4735 sinemo
255 4683 352 4754 potest
365 4697 383 4736 a
396 4685 488 4736 morte
503 4678 600 4755 eximi,
612 4680 682 4756 quin
693 4681 760 4738 vitae
768 4679 820 4738 fiat
830 4679 981 4756 particeps,
993 4679 1122 4755 sequitur
1132 4678 1331 4737 liberationem
