3202 5194
125 347 242 400 quesn.
259 325 340 410 nvn]
637 346 677 386 un
691 347 768 388 esen
782 348 843 389 nur.
1298 339 1338 396 93

124 489 207 548 filios
224 487 329 548 invitis
352 484 521 566 perentibus
542 505 627 566 posse
651 488 756 549 emisso
772 495 842 550 voto
862 488 931 550 vites
953 490 1119 551 monasticae
1141 500 1172 552 se
1186 492 1338 557 addicere:

124 572 235 629 Thom.
249 569 280 627 ii.
296 572 325 643 2,
341 587 370 644 q.
386 569 435 642 88,
450 575 502 626 ert.
518 569 546 642 9,
563 568 667 628 “Post
683 589 774 628 ennos
794 569 954 647 pubertatis
975 580 1097 649 possunt
1116 572 1201 632 liberi
1223 593 1254 633 se
1268 585 1338 635 voto

126 648 297 727 Religionis
311 647 442 724 obligere
456 647 565 726 ubsque
578 649 728 708 voluntate
747 651 931 728 parentum;”
954 651 1032 730 quod
1053 652 1204 713 confirmet
1218 655 1337 733 Bellen,

124 731 182 790 liu
195 731 228 788 ii.
242 728 280 787 de
295 728 395 786 Mons.
411 748 435 786 c.
452 730 499 786 36.
542 728 603 786 Nos
617 749 686 788 vero
700 750 850 806 negamus.

172 863 179 875 ,
436 807 491 866 IV.
512 808 617 885 Primo,
634 809 708 884 Quia
723 809 854 870 Christus
866 810 922 869 hoc
937 830 1072 888 expresse
1087 811 1205 872 damnet
1219 812 1337 874 inPhs·

125 861 157 906 1²*
148 863 263 965 impu
271 873 377 964 Ξζῗᾪῗ
395 886 496 964 risaeis,
512 888 562 965 qui
580 897 724 966 pretextu
744 889 860 967 pietatis
879 898 908 950 et
922 891 983 950 voti
1001 892 1211 968 pertendebant
1230 894 1339 954 liberos

158 979 217 1023 sciis
233 977 377 1046 prmaeium
397 987 482 1044 posse
492 969 572 1045 juste
586 967 730 1046 denegare
744 969 837 1028 officis
855 971 1022 1047 perentibus
1044 971 1150 1048 debite,
1173 974 1259 1033 Mett.
1283 995 1334 1034 xv.

158 1041 225 1154 gx·
270 1035 378 1080 ederin-
399 1051 446 1186 ἢ)
439 1050 475 1107 5:
492 1051 510 1081 “
525 1048 725 1186 Quiepruquess’
740 1049 917 1142 inquiebent,
929 1052 947 1143 ‘f
956 1050 1063 1144 dixerit
1079 1053 1159 1145 Retri
1172 1061 1223 1146 eut
1237 1054 1335 1148 histri,

127 1229 278 1289 qusquam
291 1130 1337 1287 honoraverllludedlldmedlddlbedulndldilrdmudbelhdlientlueerhbsssbrlihi

126 1293 212 1350 locus
230 1290 288 1349 iste
301 1289 442 1348 obscurus
460 1289 548 1346 veriis
568 1287 849 1366 interpretationibus
870 1289 965 1349 locum
984 1290 1103 1367 dederit,
1127 1313 1226 1352 omnes
1240 1301 1338 1354 temen

26 1421 27 1440 ,
128 1372 161 1430 in
176 1391 211 1430 eo
225 1369 411 1444 conveniunt,
426 1367 493 1427 illos
507 1368 689 1427 existimasse
707 1368 857 1446 religionis
871 1376 900 1428 et
920 1371 1015 1428 cultus
1031 1371 1087 1430 Dei
1111 1373 1231 1432 obtentu
1251 1394 1337 1451 posse

26 1443 27 1488 l
128 1451 225 1510 officis
246 1449 416 1528 perentibus
437 1447 537 1507 debita
556 1448 676 1526 neguri;
709 1448 778 1507 Sive
796 1448 852 1514 lroe
873 1449 1053 1527 intelligetur
1070 1450 1107 1510 de
1128 1451 1204 1512 dono
1228 1453 1335 1530 eliquo,

128 1532 211 1608 quod
224 1529 303 1588 filius
318 1529 382 1588 Deo
396 1527 549 1587 obtulisset
563 1527 594 1585 in
612 1527 734 1605 gretiam
750 1527 853 1604 Petris,
872 1538 901 1588 et
920 1530 1003 1606 cujus
1021 1539 1165 1608 pretextu
1185 1534 1339 1593 recusabat

129 1631 215 1688 opem
229 1609 305 1669 serre
318 1608 432 1685 parenti
445 1627 546 1685 egeno,
553 1628 582 1685 q.
597 1607 635 1683 d,
652 1609 768 1666 Donum
782 1615 827 1666 cst
841 1627 1012 1686 quocunque
1026 1630 1044 1666 u
1057 1630 1104 1669 me
1113 1612 1213 1688 juvari
1226 1633 1336 1688 posses,

129 1691 181 1766 id,
197 1691 262 1748 Deo
276 1687 445 1747 consecravi
463 1687 494 1745 id
507 1708 591 1747 omne
606 1708 663 1765 quo
674 1687 783 1762 alioqui
796 1705 896 1765 posses
910 1706 928 1745 e
941 1707 987 1746 me
1001 1689 1051 1746 vel
1064 1710 1102 1748 ex
1122 1691 1194 1749 meis
1208 1691 1292 1751 bonis
1306 1693 1339 1750 in·

129 1772 186 1830 hnc
199 1775 330 1848 egestste
353 1767 507 1842 sublevari,
529 1775 616 1844 etque
635 1766 700 1826 ideo
714 1785 773 1824 non
793 1785 912 1843 possum
932 1767 1056 1844 emplius
1076 1767 1108 1825 id
1128 1769 1159 1826 in
1178 1789 1249 1828 usus
1270 1779 1337 1830 tuos

129 1849 270 1924 conferre,
286 1855 315 1906 et
328 1847 384 1905 hoc
397 1866 444 1904 mc
457 1846 583 1905 absolvit
592 1849 658 1924 jure
672 1845 751 1922 quod
765 1845 795 1902 in
809 1863 855 1902 me
865 1845 964 1920 habes,
977 1854 1006 1904 et
1017 1847 1095 1905 omni
1105 1868 1175 1924 erge
1185 1857 1213 1908 te
1227 1849 1337 1910 honore

129 1951 165 1988 sc
179 1929 274 1988 officio
289 1927 396 2001 debito,
417 1935 452 1985 ut
474 1925 552 1985 Bere
570 1934 600 1984 et
622 1925 752 2002 Scaliger
772 1924 1015 2002 interpretentur;
1040 1926 1118 2003 Sive,
1131 1927 1209 2005 quod
1227 1930 1337 2007 plscuit

130 2009 228 2068 Musio
243 2009 274 2067 in
289 2029 314 2066 c.
326 2006 365 2065 vi.
375 2004 484 2078 Judic,
500 2014 530 2065 et
543 2005 609 2064 eliis
618 2025 677 2064 non
691 2003 791 2083 paucis
804 2005 876 2062 viris
890 2004 992 2080 doctis,
999 2005 1134 2084 quodque
1148 2007 1232 2066 uobis
1243 2010 1337 2086 magis

129 2088 247 2164 arridet,
263 2086 444 2147 describetur
463 2085 511 2144 hic
524 2084 647 2144 formula
660 2084 722 2144 voti
736 2092 765 2142 et
775 2084 941 2162 juramenti,
957 2105 1015 2162 quo
1035 2086 1113 2146 filius
1133 2086 1250 2147 rebellis
1272 2090 1337 2149 Deo

129 2169 258 2228 devovet
266 2164 406 2244 quicquid
419 2173 517 2243 posset
530 2185 548 2222 e
562 2184 593 2224 se
606 2164 766 2242 profectum
778 2163 857 2222 Petri
871 2163 1017 2242 prodesse,
1028 2166 1084 2226 hoo
1099 2186 1194 2244 sensu,
1206 2169 1280 2228 Juro
1289 2190 1337 2229 me

129 2249 244 2308 nullum
257 2245 430 2306 beneficium
445 2245 498 2304 tibi
511 2244 715 2322 prestiturum,
730 2263 789 2302 non
802 2245 897 2321 magis
910 2264 997 2321 quem
1017 2265 1076 2304 non
1096 2246 1166 2307 licet
1185 2248 1228 2307 uti
1249 2247 1336 2309 rebus

131 2331 196 2388 Deo
210 2327 309 2401 sacris,
324 2326 355 2384 in
369 2344 490 2404 querum
504 2344 622 2384 censum
636 2343 744 2401 repono
758 2323 850 2382 veluti
863 2331 932 2382 voto
946 2344 1092 2402 expresso,
1114 2327 1253 2404 quicquid
1267 2329 1333 2388 sub·

132 2409 199 2468 sidii
222 2407 278 2466 tibi
300 2405 370 2464 dere
394 2423 526 2482 possem:
547 2407 672 2478 Donum,
695 2402 743 2462 vel
761 2410 795 2462 ut
816 2402 940 2463 hebetur
962 2405 1053 2465 Mero.
1073 2405 1186 2482 vii.11‚
1211 2407 1334 2486 Gorban,

131 2489 234 2566 supple
246 2487 292 2562 eit,
309 2485 349 2544 id.
363 2503 411 2543 res
425 2484 488 2543 Deo
502 2485 609 2543 devote
627 2493 657 2542 et
676 2503 766 2557 sucre,
790 2502 877 2559 quem
901 2483 1044 2561 attingere
1066 2485 1189 2546 ulterius
1210 2486 1255 2546 ses
1277 2509 1337 2548 non

130 2569 176 2643 sit,
191 2570 377 2645 praedonesque
390 2579 415 2622 u
423 2583 466 2622 mc
479 2565 529 2623 eti
543 2563 683 2641 proderit,
699 2561 738 2621 id.
758 2561 894 2638 prodesse
908 2563 1014 2641 poterit
1034 2573 1085 2624 eut
1097 2575 1204 2643 posset,
1220 2587 1287 2626 nam
1307 2573 1336 2626 ri

130 2653 275 2718 ἄφιλιῖήιι
300 2647 349 2704 hic
369 2651 414 2702 est
427 2644 547 2704 verbum
562 2641 690 2718 lemuzi»,
705 2641 784 2719 quod
803 2650 976 2719 poteststem
996 2643 1127 2719 includit,
1149 2654 1178 2704 ct
1198 2667 1254 2706 non
1274 2667 1335 2706 am-

125 2731 202 2806 plius
223 2725 408 2787 honoraverit
426 2733 540 2800 putrere
563 2733 615 2782 aut
634 2732 754 2782 matrem
774 2741 856 2780 suam
879 2722 909 2780 in
936 2729 1083 2800 posterum
1110 2725 1170 2783 ullo
1196 2726 1334 2804 subsidio,

130 2808 232 2886 supple
246 2808 342 2866 irremu
356 2803 417 2878 crit,
432 2804 481 2861 vel
494 2825 550 2863 non
564 2803 685 2880 amplius
697 2804 821 2877 honoret,
836 2809 870 2860 ut
890 2801 949 2860 sint
962 2801 1052 2861 verbe
1067 2803 1278 2864 Pharisaeorum
1291 2807 1338 2864 in-

130 2887 332 2947 terdicentium
349 2882 409 2942 filio
442 2884 534 2943 ereuti
547 2883 637 2942 ullem
652 2901 735 2959 opem
750 2881 831 2956 serre,
847 2888 880 2940 ut
894 2881 936 2940 sic
950 2881 1007 2959 ipsi
1027 2902 1092 2941 cum
1113 2883 1174 2941 filio
1195 2885 1335 2961 pertinen·

130 2977 178 3026 tnr
190 2987 269 3044 opes,
285 2963 365 3043 quod
379 2903 495 3022 viditur
507 2963 597 3037 innui,
613 2963 705 3020 Mero.
719 2961 770 3018 vii.
787 2962 833 3035 11,
849 2968 879 3019 et
899 2962 916 2994 “
931 2979 989 3019 non
1010 2961 1105 3020 sinitis
1125 2981 1190 3020 eum
1211 2964 1336 3040 emplius

129 3045 242 3124 aliquid
254 3045 349 3104 fecere
363 3042 468 3121 petri.”
511 3043 599 3103 Hunc
612 3062 682 3101 vero
696 3040 854 3118 genuinum
868 3059 932 3099 csse
947 3040 1003 3099 loci
1018 3040 1101 3098 istius
1115 3060 1240 3116 sensum,
1255 3052 1337 3118 petet

130 3147 173 3186 ex
186 3127 207 3184 J
210 3125 355 3185 udoeorum
369 3121 481 3198 ritibus,
497 3123 575 3201 opud
588 3141 662 3199 quos
676 3120 806 3180 sormulee
820 3120 885 3178 istae
898 3119 961 3178 voti
976 3129 1005 3178 et
1022 3119 1180 3196 juramenti
1202 3121 1336 3198 frequen·

130 3215 179 3266 tes
193 3212 282 3280 erent,
297 3212 328 3264 ut
342 3221 419 3280 saepe
434 3202 464 3260 in
473 3202 634 3262 Thelmude
649 3208 810 3275 occurrunt,
821 3200 946 3259 Tractat.
962 3199 998 3258 de
1009 3199 1031 3260 J
1032 3201 1189 3259 uremeutie
1203 3209 1232 3260 et
1239 3201 1334 3280 Votis,

130 3289 236 3364 ebrum
251 3307 305 3346 ure
324 3305 390 3364 turp,
419 3281 533 3342 Ocreae
552 3293 607 3342 este
628 3283 701 3340 illud
717 3300 804 3355 omne,
829 3300 883 3356 quo
905 3299 955 3356 epo
978 3280 1028 3338 tibi
1045 3280 1120 3338 utib's
1141 3301 1198 3340 esse
1212 3301 1334 3359 possem,

131 3363 179 3422 vel
193 3404 415 3422 ..........
436 3385 474 3424 ue
489 3386 567 3426 suune
584 3385 620 3424 ur
634 3367 664 3423 bs
678 3383 742 3441 pp,
765 3380 811 3419 ree
824 3369 864 3419 est
886 3369 992 3435 sancta,
1008 3379 1095 3436 quem
1119 3360 1230 3420 scilicet
1241 3363 1334 3432 ‚ettin-

132 3462 197 3518 gere
211 3461 272 3502 non
285 3441 400 3517 licebat,
416 3440 549 3518 quicquid
561 3461 580 3499 a
593 3460 637 3500 ure
645 3441 805 3516 profectum
819 3440 868 3498 eoi
880 3443 1018 3516 prodesse
1032 3450 1135 3515 posset.
1178 3441 1252 3516 Quis
1265 3461 1335 3503 vero

133 3521 271 3580 Pharisaei
295 3529 359 3579 rste
382 3520 528 3579 habebunt
552 3521 622 3578 tulis
643 3528 713 3578 vote
736 3519 845 3578 ratione
859 3519 958 3578 habite
979 3519 1157 3580 oblationum
1178 3541 1334 3598 secretum,

130 3599 615 3740 tt.ll¹t.lt¹tltlt.lttl‡3
624 3598 1336 3759 tuttellllttllttttistulis

130 3761 274 3838 poteetsti,
290 3779 349 3838 quo
363 3759 480 3819 nomine
493 3759 622 3838 graviter
635 3758 868 3836 perstringentur
881 3779 899 3818 e
912 3759 1035 3834 Christo,
1058 3766 1088 3818 et
1108 3779 1173 3819 cum
1193 3760 1231 3820 iis
1251 3769 1335 3838 quot-

129 3849 199 3918 quot
212 3861 263 3900 eos
277 3848 446 3917 sequuntur.

171 3920 209 3980 V.
232 3918 378 3994 Secundo,
401 3919 476 3994 Quis
489 3919 582 3978 honor
602 3917 771 3995 perentibus
790 3917 975 3995 praescriptus
996 3917 1026 3976 in
1049 3918 1138 3996 Lege,
1160 3938 1219 3976 non
1239 3927 1336 3996 potest

130 4000 288 4059 consistere
302 4019 368 4058 oum
382 4001 436 4059 hec
451 3999 602 4074 sententie,
624 4017 690 4075 quae
705 3997 850 4056 subtrahit
862 3997 969 4061 liberos
983 4017 1001 4056 e
1015 3997 1114 4057 debite
1127 3997 1185 4055 illis
1199 4017 1335 4057 reveren·

130 4081 172 4140 tie
184 4079 216 4137 in
229 4099 261 4138 re
275 4079 397 4137 maximi
411 4079 558 4154 momenti,
573 4085 645 4155 pute
658 4078 689 4136 in
703 4077 755 4136 teli
769 4077 837 4136 vitae
851 4097 958 4154 genere
972 4077 1116 4154 eligendo,
1138 4076 1217 4153 quod
1232 4087 1336 4138 evocst

131 4160 210 4236 ipsos
225 4178 242 4216 s
255 4157 355 4217 debito
369 4159 428 4218 illis
449 4158 605 4234 obsequio,
627 4157 685 4216 imo
706 4156 785 4234 quod
799 4157 900 4216 eximit
921 4157 1000 4235 ipsos
1013 4157 1051 4216 eb
1065 4156 1176 4232 officiis,
1199 4177 1264 4234 quse
1285 4177 1337 4235 per

128 4247 262 4298 naturam
276 4237 542 4316 iudispensebiliter
560 4245 696 4315 proestare
711 4245 854 4296 tenentur.
896 4237 958 4296 Nec
975 4237 1062 4314 juvet
1082 4237 1177 4296 dicere
1199 4236 1335 4296 obedien-

128 4319 200 4378 tiam
216 4317 280 4376 Deo
301 4318 382 4377 Petri
396 4317 549 4396 spirituum
562 4315 691 4376 debitum
712 4315 943 4394 anteponendum
956 4333 1020 4376 esse
1041 4315 1213 4376 obedientiee
1229 4315 1335 4373 Paren-

128 4399 208 4457 tibus
222 4397 387 4456 carnalibus
401 4397 524 4472 debitae;
547 4397 621 4456 Nem
635 4397 703 4456 licet
724 4397 779 4454 hoc
792 4396 868 4455 ultro
889 4395 1010 4474 demus;
1032 4396 1099 4454 Nou
1120 4393 1250 4468 sequitur
1263 4393 1336 4450 libe·

127 4497 193 4536 rum
206 4497 272 4536 esse
286 4485 316 4536 et
336 4477 483 4554 integrum
504 4475 572 4534 vite
592 4477 760 4535 monastices
781 4494 811 4534 se
832 4474 975 4551 addicere,
997 4475 1067 4553 quie
1086 4469 1251 4531 obedientie
1272 4471 1337 4528 Deo

127 4557 229 4616 debite
241 4556 273 4614 in
287 4575 322 4616 eo
336 4576 395 4614 nou
409 4562 551 4631 versetur,
574 4555 644 4632 quin
658 4555 702 4614 illi
723 4555 821 4634 potius
834 4563 986 4634 repugnet,
1008 4571 1097 4630 quum
1112 4555 1193 4607 vetet
1206 4567 1260 4606 nos
1274 4549 1338 4608 fieri

26 4719 27 4730 ,
127 4655 232 4696 servos
246 4635 405 4711 hominnm,
423 4639 438 4696 1
455 4635 522 4694 Gor.
538 4635 587 4694 vii.
603 4639 653 4695 23.
