<?xml version="1.0" encoding="UTF-8"?>
<!DOCTYPE html PUBLIC "-//W3C//DTD XHTML 1.0 Transitional//EN"
    "http://www.w3.org/TR/xhtml1/DTD/xhtml1-transitional.dtd">
<html xmlns="http://www.w3.org/1999/xhtml" xml:lang="en" lang="en">
 <head>
  <title>
</title>
<meta http-equiv="Content-Type" content="text/html;charset=utf-8" />
  <meta name='ocr-system' content='tesseract 3.04.00' />
  <meta name='ocr-capabilities' content='ocr_page ocr_carea ocr_par ocr_line ocrx_word'/>
</head>
<body>
  <div class='ocr_page' id='page_1' title='image "./francisciturret00pictgoog_0071.png"; bbox 0 0 3108 5198; ppageno 0'>
   <div class='ocr_carea' id='block_1_1' title="bbox 219 377 1543 460">
    <p class='ocr_par' dir='ltr' id='par_1_1' title="bbox 219 377 1543 460">
     <span class='ocr_line' id='line_1_1' title="bbox 219 377 1543 460; baseline -0.005 -19"><span class='ocrx_word' id='word_1_1' title='bbox 219 377 259 442; x_wconf 81' lang='grc'><strong>40</strong></span> <span class='ocrx_word' id='word_1_2' title='bbox 681 401 772 442; x_wconf 81' lang='lat' dir='ltr'><strong>nocue</strong></span> <span class='ocrx_word' id='word_1_3' title='bbox 788 401 966 442; x_wconf 82' lang='lat' dir='ltr'><strong>nnuncruua.</strong></span> <span class='ocrx_word' id='word_1_4' title='bbox 1225 378 1355 460; x_wconf 66' lang='lat' dir='ltr'><strong>[curaer.</strong></span> <span class='ocrx_word' id='word_1_5' title='bbox 1371 395 1430 438; x_wconf 84' lang='lat' dir='ltr'><strong>ru.</strong></span> <span class='ocrx_word' id='word_1_6' title='bbox 1542 407 1543 452; x_wconf 79' lang='lat'>3</span> 
     </span>
    </p>
   </div>
   <div class='ocr_carea' id='block_1_2' title="bbox 219 500 1543 700">
    <p class='ocr_par' dir='ltr' id='par_1_2' title="bbox 219 500 1543 700">
     <span class='ocr_line' id='line_1_2' title="bbox 219 500 1543 621; baseline -0.001 -20"><span class='ocrx_word' id='word_1_7' title='bbox 219 500 295 602; x_wconf 89' lang='lat' dir='ltr'><strong>inter</strong></span> <span class='ocrx_word' id='word_1_8' title='bbox 315 540 455 621; x_wconf 85' lang='lat' dir='ltr'><strong>primores</strong></span> <span class='ocrx_word' id='word_1_9' title='bbox 472 540 626 620; x_wconf 79' lang='lat' dir='ltr'><strong>,displicuit</strong></span> <span class='ocrx_word' id='word_1_10' title='bbox 645 542 676 602; x_wconf 86' lang='lat' dir='ltr'><strong>in</strong></span> <span class='ocrx_word' id='word_1_11' title='bbox 701 543 822 620; x_wconf 85' lang='lat' dir='ltr'><strong>Papetn,</strong></span> <span class='ocrx_word' id='word_1_12' title='bbox 845 543 1017 616; x_wconf 57' lang='lat' dir='ltr'><strong>maereo,</strong></span> <span class='ocrx_word' id='word_1_13' title='bbox 1042 541 1163 615; x_wconf 69' lang='lat' dir='ltr'><strong>Tharne,</strong></span> <span class='ocrx_word' id='word_1_14' title='bbox 1188 537 1431 614; x_wconf 66' lang='lat' dir='ltr'><strong>Alts&#39;sdodorensr&#39;,</strong></span> <span class='ocrx_word' id='word_1_15' title='bbox 1542 565 1543 600; x_wconf 65' lang='lat'><em>3</em></span> 
     </span>
     <span class='ocr_line' id='line_1_3' title="bbox 219 617 1435 700; baseline -0.007 -16"><span class='ocrx_word' id='word_1_16' title='bbox 219 623 371 698; x_wconf 81' lang='lat' dir='ltr'><strong>Benaceio,</strong></span> <span class='ocrx_word' id='word_1_17' title='bbox 387 622 478 698; x_wconf 82' lang='lat' dir='ltr'><strong>Estio,</strong></span> <span class='ocrx_word' id='word_1_18' title='bbox 494 630 523 682; x_wconf 91' lang='lat' dir='ltr'><strong>et</strong></span> <span class='ocrx_word' id='word_1_19' title='bbox 536 623 602 680; x_wconf 85' lang='lat' dir='ltr'><strong>eliis</strong></span> <span class='ocrx_word' id='word_1_20' title='bbox 615 621 755 700; x_wconf 89' lang='lat' dir='ltr'><strong>pluribus.</strong></span> <span class='ocrx_word' id='word_1_21' title='bbox 797 623 859 682; x_wconf 87' lang='lat' dir='ltr'><strong>Nec</strong></span> <span class='ocrx_word' id='word_1_22' title='bbox 874 623 898 682; x_wconf 87' lang='lat' dir='ltr'><strong>si</strong></span> <span class='ocrx_word' id='word_1_23' title='bbox 914 622 1012 682; x_wconf 78' lang='lat' dir='ltr'><strong>Sancti</strong></span> <span class='ocrx_word' id='word_1_24' title='bbox 1027 621 1128 679; x_wconf 84' lang='lat' dir='ltr'><strong>vident</strong></span> <span class='ocrx_word' id='word_1_25' title='bbox 1142 619 1244 679; x_wconf 82' lang='lat' dir='ltr'><strong>faciem</strong></span> <span class='ocrx_word' id='word_1_26' title='bbox 1259 619 1316 678; x_wconf 90' lang='lat' dir='ltr'><strong>Dei</strong></span> <span class='ocrx_word' id='word_1_27' title='bbox 1331 617 1435 677; x_wconf 87' lang='lat' dir='ltr'><strong>omnia</strong></span> 
     </span>
    </p>
   </div>
   <div class='ocr_carea' id='block_1_3' title="bbox 134 695 1543 940">
    <p class='ocr_par' dir='ltr' id='par_1_3' title="bbox 134 695 1543 940">
     <span class='ocr_line' id='line_1_4' title="bbox 220 695 1543 781; baseline -0.007 -17"><span class='ocrx_word' id='word_1_28' title='bbox 220 703 356 778; x_wconf 84' lang='lat' dir='ltr'><strong>videntis,</strong></span> <span class='ocrx_word' id='word_1_29' title='bbox 371 701 411 760; x_wconf 92' lang='lat' dir='ltr'><strong>id.</strong></span> <span class='ocrx_word' id='word_1_30' title='bbox 426 701 592 762; x_wconf 86' lang='lat' dir='ltr'><strong>immediata</strong></span> <span class='ocrx_word' id='word_1_31' title='bbox 605 703 669 781; x_wconf 88' lang='lat' dir='ltr'><strong>ejus</strong></span> <span class='ocrx_word' id='word_1_32' title='bbox 689 703 802 761; x_wconf 75' lang='lat' dir='ltr'><strong>visione</strong></span> <span class='ocrx_word' id='word_1_33' title='bbox 822 701 964 779; x_wconf 73' lang='lat' dir='ltr'><strong>huuutur,</strong></span> <span class='ocrx_word' id='word_1_34' title='bbox 986 700 1117 778; x_wconf 88' lang='lat' dir='ltr'><strong>sequitur</strong></span> <span class='ocrx_word' id='word_1_35' title='bbox 1130 719 1180 759; x_wconf 88' lang='lat' dir='ltr'><strong>cos</strong></span> <span class='ocrx_word' id='word_1_36' title='bbox 1201 699 1299 757; x_wconf 86' lang='lat' dir='ltr'><strong>omnia</strong></span> <span class='ocrx_word' id='word_1_37' title='bbox 1318 699 1350 756; x_wconf 88' lang='lat' dir='ltr'><strong>in</strong></span> <span class='ocrx_word' id='word_1_38' title='bbox 1365 698 1434 756; x_wconf 91' lang='lat' dir='ltr'><strong>Deo</strong></span> <span class='ocrx_word' id='word_1_39' title='bbox 1542 695 1543 702; x_wconf 65' lang='lat'><em>&#39;</em></span> 
     </span>
     <span class='ocr_line' id='line_1_5' title="bbox 134 779 1433 860; baseline -0.005 -18"><span class='ocrx_word' id='word_1_40' title='bbox 134 837 136 842; x_wconf 83' lang='lat'><em>.</em></span> <span class='ocrx_word' id='word_1_41' title='bbox 219 782 339 858; x_wconf 78' lang='lat' dir='ltr'><strong>videre3</strong></span> <span class='ocrx_word' id='word_1_42' title='bbox 361 783 434 841; x_wconf 88' lang='lat' dir='ltr'><strong>alias</strong></span> <span class='ocrx_word' id='word_1_43' title='bbox 455 801 514 840; x_wconf 90' lang='lat' dir='ltr'><strong>nou</strong></span> <span class='ocrx_word' id='word_1_44' title='bbox 535 783 703 860; x_wconf 78' lang='lat' dir='ltr'><strong>ignorarent</strong></span> <span class='ocrx_word' id='word_1_45' title='bbox 725 781 802 842; x_wconf 90' lang='lat' dir='ltr'><strong>diem</strong></span> <span class='ocrx_word' id='word_1_46' title='bbox 819 781 932 859; x_wconf 87' lang='lat' dir='ltr'><strong>judicii,</strong></span> <span class='ocrx_word' id='word_1_47' title='bbox 956 783 1007 860; x_wconf 92' lang='lat' dir='ltr'><strong>qui</strong></span> <span class='ocrx_word' id='word_1_48' title='bbox 1030 790 1128 840; x_wconf 88' lang='lat' dir='ltr'><strong>tamen</strong></span> <span class='ocrx_word' id='word_1_49' title='bbox 1149 779 1208 838; x_wconf 87' lang='lat' dir='ltr'><strong>illis</strong></span> <span class='ocrx_word' id='word_1_50' title='bbox 1231 779 1353 855; x_wconf 80' lang='lat' dir='ltr'><strong>ignotus</strong></span> <span class='ocrx_word' id='word_1_51' title='bbox 1374 787 1433 836; x_wconf 88' lang='lat' dir='ltr'><strong>est.</strong></span> 
     </span>
     <span class='ocr_line' id='line_1_6' title="bbox 221 857 1543 940; baseline -0.006 -18"><span class='ocrx_word' id='word_1_52' title='bbox 221 861 309 922; x_wconf 84' lang='lat' dir='ltr'><strong>Adde</strong></span> <span class='ocrx_word' id='word_1_53' title='bbox 320 861 398 939; x_wconf 90' lang='lat' dir='ltr'><strong>quod</strong></span> <span class='ocrx_word' id='word_1_54' title='bbox 409 862 558 940; x_wconf 88' lang='lat' dir='ltr'><strong>speculum</strong></span> <span class='ocrx_word' id='word_1_55' title='bbox 571 861 645 921; x_wconf 92' lang='lat' dir='ltr'><strong>illud</strong></span> <span class='ocrx_word' id='word_1_56' title='bbox 655 863 705 922; x_wconf 84' lang='lat' dir='ltr'><strong>vel</strong></span> <span class='ocrx_word' id='word_1_57' title='bbox 715 863 769 922; x_wconf 89' lang='lat' dir='ltr'><strong>erit</strong></span> <span class='ocrx_word' id='word_1_58' title='bbox 779 865 920 938; x_wconf 75' lang='lat' dir='ltr'><strong>naturate,</strong></span> <span class='ocrx_word' id='word_1_59' title='bbox 930 862 979 921; x_wconf 81' lang='lat' dir='ltr'><strong>rel</strong></span> <span class='ocrx_word' id='word_1_60' title='bbox 991 861 1200 932; x_wconf 64' lang='lat' dir='ltr'><strong>miratoriam</strong></span> <span class='ocrx_word' id='word_1_61' title='bbox 1216 858 1241 918; x_wconf 89' lang='lat' dir='ltr'><strong>si</strong></span> <span class='ocrx_word' id='word_1_62' title='bbox 1254 857 1345 936; x_wconf 88' lang='lat' dir='ltr'><strong>prius,</strong></span> <span class='ocrx_word' id='word_1_63' title='bbox 1355 857 1435 916; x_wconf 89' lang='lat' dir='ltr'><strong>nihil</strong></span> <span class='ocrx_word' id='word_1_64' title='bbox 1542 891 1543 904; x_wconf 65' lang='lat'>2</span> 
     </span>
    </p>
   </div>
   <div class='ocr_carea' id='block_1_4' title="bbox 180 937 1439 1402">
    <p class='ocr_par' dir='ltr' id='par_1_4' title="bbox 180 937 1439 1402">
     <span class='ocr_line' id='line_1_7' title="bbox 221 937 1434 1024; baseline -0.006 -22"><span class='ocrx_word' id='word_1_65' title='bbox 221 961 339 1024; x_wconf 85' lang='lat' dir='ltr'><strong>prorsus</strong></span> <span class='ocrx_word' id='word_1_66' title='bbox 352 942 411 1001; x_wconf 89' lang='lat' dir='ltr'><strong>illis</strong></span> <span class='ocrx_word' id='word_1_67' title='bbox 426 943 479 1001; x_wconf 89' lang='lat' dir='ltr'><strong>erit</strong></span> <span class='ocrx_word' id='word_1_68' title='bbox 493 941 703 1018; x_wconf 87' lang='lat' dir='ltr'><strong>absconditum,</strong></span> <span class='ocrx_word' id='word_1_69' title='bbox 718 962 778 1000; x_wconf 91' lang='lat' dir='ltr'><strong>non</strong></span> <span class='ocrx_word' id='word_1_70' title='bbox 791 942 886 1002; x_wconf 90' lang='lat' dir='ltr'><strong>minus</strong></span> <span class='ocrx_word' id='word_1_71' title='bbox 900 963 935 1001; x_wconf 87' lang='lat' dir='ltr'><strong>ac</strong></span> <span class='ocrx_word' id='word_1_72' title='bbox 950 942 1021 1016; x_wconf 91' lang='lat' dir='ltr'><strong>Deo,</strong></span> <span class='ocrx_word' id='word_1_73' title='bbox 1037 941 1116 1019; x_wconf 92' lang='lat' dir='ltr'><strong>quod</strong></span> <span class='ocrx_word' id='word_1_74' title='bbox 1129 939 1224 998; x_wconf 88' lang='lat' dir='ltr'><strong>dicere</strong></span> <span class='ocrx_word' id='word_1_75' title='bbox 1238 937 1378 1015; x_wconf 82' lang='lat' dir='ltr'><strong>impium-3</strong></span> <span class='ocrx_word' id='word_1_76' title='bbox 1405 937 1434 996; x_wconf 85' lang='lat' dir='ltr'><strong>si</strong></span> 
     </span>
     <span class='ocr_line' id='line_1_8' title="bbox 221 1019 1432 1098; baseline -0.004 -15"><span class='ocrx_word' id='word_1_77' title='bbox 221 1021 426 1097; x_wconf 79' lang='lat' dir='ltr'><strong>voluntarium,</strong></span> <span class='ocrx_word' id='word_1_78' title='bbox 441 1042 501 1098; x_wconf 90' lang='lat' dir='ltr'><strong>non</strong></span> <span class='ocrx_word' id='word_1_79' title='bbox 514 1022 572 1080; x_wconf 88' lang='lat' dir='ltr'><strong>alia</strong></span> <span class='ocrx_word' id='word_1_80' title='bbox 585 1023 616 1081; x_wconf 90' lang='lat' dir='ltr'><strong>in</strong></span> <span class='ocrx_word' id='word_1_81' title='bbox 630 1043 664 1082; x_wconf 91' lang='lat' dir='ltr'><strong>co</strong></span> <span class='ocrx_word' id='word_1_82' title='bbox 674 1022 824 1098; x_wconf 77' lang='lat' dir='ltr'><strong>videbunt,</strong></span> <span class='ocrx_word' id='word_1_83' title='bbox 837 1041 923 1098; x_wconf 89' lang='lat' dir='ltr'><strong>quam</strong></span> <span class='ocrx_word' id='word_1_84' title='bbox 933 1041 998 1098; x_wconf 81' lang='lat' dir='ltr'><strong>qua</strong></span> <span class='ocrx_word' id='word_1_85' title='bbox 1011 1021 1074 1080; x_wconf 89' lang='lat' dir='ltr'><strong>Deo</strong></span> <span class='ocrx_word' id='word_1_86' title='bbox 1084 1019 1202 1080; x_wconf 79' lang='lat' dir='ltr'><strong>libuerit</strong></span> <span class='ocrx_word' id='word_1_87' title='bbox 1212 1025 1432 1096; x_wconf 83' lang='lat' dir='ltr'><strong>repraesentare,</strong></span> 
     </span>
     <span class='ocr_line' id='line_1_9' title="bbox 180 1098 1439 1181; baseline -0.005 -19"><span class='ocrx_word' id='word_1_88' title='bbox 180 1168 185 1178; x_wconf 32' lang='lat'><strong>¹</strong></span> <span class='ocrx_word' id='word_1_89' title='bbox 222 1122 355 1180; x_wconf 77' lang='lat' dir='ltr'><strong>quanam</strong></span> <span class='ocrx_word' id='word_1_90' title='bbox 368 1121 438 1161; x_wconf 84' lang='lat' dir='ltr'><strong>vero</strong></span> <span class='ocrx_word' id='word_1_91' title='bbox 452 1101 503 1160; x_wconf 88' lang='lat' dir='ltr'><strong>illa</strong></span> <span class='ocrx_word' id='word_1_92' title='bbox 517 1102 576 1162; x_wconf 89' lang='lat' dir='ltr'><strong>sint</strong></span> <span class='ocrx_word' id='word_1_93' title='bbox 588 1102 654 1181; x_wconf 91' lang='lat' dir='ltr'><strong>quis</strong></span> <span class='ocrx_word' id='word_1_94' title='bbox 675 1102 805 1162; x_wconf 76' lang='lat' dir='ltr'><strong>dixerit?</strong></span> <span class='ocrx_word' id='word_1_95' title='bbox 846 1101 904 1161; x_wconf 89' lang='lat' dir='ltr'><strong>Vel</strong></span> <span class='ocrx_word' id='word_1_96' title='bbox 923 1102 1056 1161; x_wconf 74' lang='lat' dir='ltr'><strong>revelatio</strong></span> <span class='ocrx_word' id='word_1_97' title='bbox 1069 1101 1135 1174; x_wconf 81' lang='lat' dir='ltr'><strong>Dei,</strong></span> <span class='ocrx_word' id='word_1_98' title='bbox 1156 1098 1207 1176; x_wconf 87' lang='lat' dir='ltr'><strong>qui</strong></span> <span class='ocrx_word' id='word_1_99' title='bbox 1230 1098 1346 1158; x_wconf 85' lang='lat' dir='ltr'><strong>Sanctis</strong></span> <span class='ocrx_word' id='word_1_100' title='bbox 1367 1117 1439 1156; x_wconf 63' lang='lat' dir='ltr'><strong>ora-⁴</strong></span> 
     </span>
     <span class='ocr_line' id='line_1_10' title="bbox 221 1177 1434 1259; baseline -0.006 -17"><span class='ocrx_word' id='word_1_101' title='bbox 221 1181 316 1242; x_wconf 90' lang='lat' dir='ltr'><strong>tiones</strong></span> <span class='ocrx_word' id='word_1_102' title='bbox 330 1190 359 1241; x_wconf 93' lang='lat' dir='ltr'><strong>et</strong></span> <span class='ocrx_word' id='word_1_103' title='bbox 373 1181 564 1259; x_wconf 85' lang='lat' dir='ltr'><strong>cogitationes</strong></span> <span class='ocrx_word' id='word_1_104' title='bbox 577 1183 706 1244; x_wconf 88' lang='lat' dir='ltr'><strong>fidelium</strong></span> <span class='ocrx_word' id='word_1_105' title='bbox 720 1182 848 1257; x_wconf 76' lang='lat' dir='ltr'><strong>revelet3</strong></span> <span class='ocrx_word' id='word_1_106' title='bbox 870 1200 937 1241; x_wconf 90' lang='lat' dir='ltr'><strong>nem</strong></span> <span class='ocrx_word' id='word_1_107' title='bbox 951 1189 1142 1258; x_wconf 84' lang='lat' dir='ltr'><strong>praeterquam</strong></span> <span class='ocrx_word' id='word_1_108' title='bbox 1155 1177 1234 1256; x_wconf 92' lang='lat' dir='ltr'><strong>quod</strong></span> <span class='ocrx_word' id='word_1_109' title='bbox 1247 1177 1357 1237; x_wconf 84' lang='lat' dir='ltr'><strong>frustra</strong></span> <span class='ocrx_word' id='word_1_110' title='bbox 1364 1177 1434 1236; x_wconf 85' lang='lat' dir='ltr'><strong>talis</strong></span> 
     </span>
     <span class='ocr_line' id='line_1_11' title="bbox 222 1255 1435 1340; baseline -0.004 -21"><span class='ocrx_word' id='word_1_111' title='bbox 222 1261 362 1321; x_wconf 83' lang='lat' dir='ltr'><strong>revelatio</strong></span> <span class='ocrx_word' id='word_1_112' title='bbox 376 1261 543 1321; x_wconf 82' lang='lat' dir='ltr'><strong>obtenditur</strong></span> <span class='ocrx_word' id='word_1_113' title='bbox 556 1271 669 1322; x_wconf 88' lang='lat' dir='ltr'><strong>tacente</strong></span> <span class='ocrx_word' id='word_1_114' title='bbox 686 1262 841 1340; x_wconf 73' lang='lat' dir='ltr'><strong>Scriptura,</strong></span> <span class='ocrx_word' id='word_1_115' title='bbox 855 1261 913 1320; x_wconf 84' lang='lat' dir='ltr'><strong>Gur</strong></span> <span class='ocrx_word' id='word_1_116' title='bbox 922 1269 967 1321; x_wconf 91' lang='lat' dir='ltr'><strong>tot</strong></span> <span class='ocrx_word' id='word_1_117' title='bbox 980 1260 1117 1320; x_wconf 80' lang='lat' dir='ltr'><strong>chonitus</strong></span> <span class='ocrx_word' id='word_1_118' title='bbox 1129 1256 1277 1336; x_wconf 78' lang='lat' dir='ltr'><strong>querendi</strong></span> <span class='ocrx_word' id='word_1_119' title='bbox 1291 1266 1369 1333; x_wconf 89' lang='lat' dir='ltr'><strong>sunt,</strong></span> <span class='ocrx_word' id='word_1_120' title='bbox 1380 1255 1435 1315; x_wconf 91' lang='lat' dir='ltr'><strong>nbi</strong></span> 
     </span>
     <span class='ocr_line' id='line_1_12' title="bbox 225 1336 1434 1402; baseline -0.006 0"><span class='ocrx_word' id='word_1_121' title='bbox 225 1341 306 1402; x_wconf 92' lang='lat' dir='ltr'><strong>Deus</strong></span> <span class='ocrx_word' id='word_1_122' title='bbox 319 1349 399 1400; x_wconf 86' lang='lat' dir='ltr'><strong>recta</strong></span> <span class='ocrx_word' id='word_1_123' title='bbox 412 1361 465 1400; x_wconf 89' lang='lat' dir='ltr'><strong>nos</strong></span> <span class='ocrx_word' id='word_1_124' title='bbox 479 1340 517 1400; x_wconf 88' lang='lat' dir='ltr'><strong>ed</strong></span> <span class='ocrx_word' id='word_1_125' title='bbox 538 1362 569 1401; x_wconf 90' lang='lat' dir='ltr'><strong>ee</strong></span> <span class='ocrx_word' id='word_1_126' title='bbox 583 1345 693 1402; x_wconf 86' lang='lat' dir='ltr'><strong>vocat?</strong></span> <span class='ocrx_word' id='word_1_127' title='bbox 734 1342 773 1400; x_wconf 86' lang='lat' dir='ltr'><strong>Et</strong></span> <span class='ocrx_word' id='word_1_128' title='bbox 786 1341 834 1401; x_wconf 89' lang='lat' dir='ltr'><strong>cui</strong></span> <span class='ocrx_word' id='word_1_129' title='bbox 847 1342 924 1400; x_wconf 90' lang='lat' dir='ltr'><strong>bono</strong></span> <span class='ocrx_word' id='word_1_130' title='bbox 943 1341 1085 1400; x_wconf 84' lang='lat' dir='ltr'><strong>revelaret</strong></span> <span class='ocrx_word' id='word_1_131' title='bbox 1099 1339 1180 1398; x_wconf 85' lang='lat' dir='ltr'><strong>Deus</strong></span> <span class='ocrx_word' id='word_1_132' title='bbox 1196 1336 1311 1397; x_wconf 87' lang='lat' dir='ltr'><strong>Sanctis</strong></span> <span class='ocrx_word' id='word_1_133' title='bbox 1330 1356 1434 1396; x_wconf 85' lang='lat' dir='ltr'><strong>neces-</strong></span> 
     </span>
    </p>
   </div>
   <div class='ocr_carea' id='block_1_5' title="bbox 224 1415 1543 1498">
    <p class='ocr_par' dir='ltr' id='par_1_5' title="bbox 224 1415 1543 1498">
     <span class='ocr_line' id='line_1_13' title="bbox 224 1415 1543 1498; baseline -0.007 -17"><span class='ocrx_word' id='word_1_134' title='bbox 224 1421 325 1481; x_wconf 83' lang='lat' dir='ltr'><strong>sitates</strong></span> <span class='ocrx_word' id='word_1_135' title='bbox 338 1430 369 1481; x_wconf 91' lang='lat' dir='ltr'><strong>et</strong></span> <span class='ocrx_word' id='word_1_136' title='bbox 387 1441 488 1498; x_wconf 89' lang='lat' dir='ltr'><strong>preces</strong></span> <span class='ocrx_word' id='word_1_137' title='bbox 507 1431 630 1497; x_wconf 86' lang='lat' dir='ltr'><strong>nostras,</strong></span> <span class='ocrx_word' id='word_1_138' title='bbox 651 1431 685 1484; x_wconf 91' lang='lat' dir='ltr'><strong>ut</strong></span> <span class='ocrx_word' id='word_1_139' title='bbox 705 1441 754 1481; x_wconf 89' lang='lat' dir='ltr'><strong>eas</strong></span> <span class='ocrx_word' id='word_1_140' title='bbox 775 1420 831 1481; x_wconf 89' lang='lat' dir='ltr'><strong>sibi</strong></span> <span class='ocrx_word' id='word_1_141' title='bbox 844 1420 940 1480; x_wconf 90' lang='lat' dir='ltr'><strong>denuo</strong></span> <span class='ocrx_word' id='word_1_142' title='bbox 961 1419 1120 1480; x_wconf 82' lang='lat' dir='ltr'><strong>offerrent?</strong></span> <span class='ocrx_word' id='word_1_143' title='bbox 1160 1417 1221 1476; x_wconf 90' lang='lat' dir='ltr'><strong>Nec</strong></span> <span class='ocrx_word' id='word_1_144' title='bbox 1243 1417 1268 1475; x_wconf 92' lang='lat' dir='ltr'><strong>si</strong></span> <span class='ocrx_word' id='word_1_145' title='bbox 1283 1417 1365 1475; x_wconf 88' lang='lat' dir='ltr'><strong>Deus</strong></span> <span class='ocrx_word' id='word_1_146' title='bbox 1379 1416 1434 1474; x_wconf 89' lang='lat' dir='ltr'><strong>ali·</strong></span> <span class='ocrx_word' id='word_1_147' title='bbox 1542 1415 1543 1418; x_wconf 72' lang='grc'>’</span> 
     </span>
    </p>
   </div>
   <div class='ocr_carea' id='block_1_6' title="bbox 224 1495 1438 2453">
    <p class='ocr_par' dir='ltr' id='par_1_6' title="bbox 224 1495 1437 2356">
     <span class='ocr_line' id='line_1_14' title="bbox 224 1495 1435 1579; baseline -0.005 -19"><span class='ocrx_word' id='word_1_148' title='bbox 224 1500 340 1579; x_wconf 89' lang='lat' dir='ltr'><strong>quando</strong></span> <span class='ocrx_word' id='word_1_149' title='bbox 356 1501 510 1578; x_wconf 89' lang='lat' dir='ltr'><strong>Prophetis</strong></span> <span class='ocrx_word' id='word_1_150' title='bbox 522 1501 616 1561; x_wconf 87' lang='lat' dir='ltr'><strong>voluit</strong></span> <span class='ocrx_word' id='word_1_151' title='bbox 629 1502 758 1562; x_wconf 84' lang='lat' dir='ltr'><strong>revelare</strong></span> <span class='ocrx_word' id='word_1_152' title='bbox 772 1501 962 1578; x_wconf 82' lang='lat' dir='ltr'><strong>cogitationes</strong></span> <span class='ocrx_word' id='word_1_153' title='bbox 976 1499 1080 1574; x_wconf 87' lang='lat' dir='ltr'><strong>cordis,</strong></span> <span class='ocrx_word' id='word_1_154' title='bbox 1091 1499 1237 1558; x_wconf 68' lang='lat' dir='ltr'><strong>ut&#39;mnnus</strong></span> <span class='ocrx_word' id='word_1_155' title='bbox 1252 1515 1337 1555; x_wconf 89' lang='lat' dir='ltr'><strong>suum</strong></span> <span class='ocrx_word' id='word_1_156' title='bbox 1352 1495 1435 1555; x_wconf 89' lang='lat' dir='ltr'><strong>obire</strong></span> 
     </span>
     <span class='ocr_line' id='line_1_15' title="bbox 224 1575 1436 1659; baseline -0.005 -20"><span class='ocrx_word' id='word_1_157' title='bbox 224 1591 351 1659; x_wconf 82' lang='lat' dir='ltr'><strong>possent,</strong></span> <span class='ocrx_word' id='word_1_158' title='bbox 363 1589 396 1640; x_wconf 91' lang='lat' dir='ltr'><strong>ut</strong></span> <span class='ocrx_word' id='word_1_159' title='bbox 410 1579 518 1642; x_wconf 87' lang='lat' dir='ltr'><strong>factum</strong></span> <span class='ocrx_word' id='word_1_160' title='bbox 533 1582 651 1658; x_wconf 81' lang='lat' dir='ltr'><strong>Elizaeo,</strong></span> <span class='ocrx_word' id='word_1_161' title='bbox 667 1585 684 1640; x_wconf 80' lang='lat'>2</span> <span class='ocrx_word' id='word_1_162' title='bbox 701 1581 775 1658; x_wconf 87' lang='lat' dir='ltr'><strong>ch.</strong></span> <span class='ocrx_word' id='word_1_163' title='bbox 789 1601 819 1640; x_wconf 84' lang='lat' dir='ltr'><strong>v.</strong></span> <span class='ocrx_word' id='word_1_164' title='bbox 834 1583 882 1657; x_wconf 79' lang='lat'><strong>26,</strong></span> <span class='ocrx_word' id='word_1_165' title='bbox 898 1580 1028 1657; x_wconf 84' lang='lat' dir='ltr'><strong>seqnitur</strong></span> <span class='ocrx_word' id='word_1_166' title='bbox 1047 1581 1102 1638; x_wconf 93' lang='lat' dir='ltr'><strong>hoc</strong></span> <span class='ocrx_word' id='word_1_167' title='bbox 1117 1575 1260 1637; x_wconf 85' lang='lat' dir='ltr'><strong>ordinarie</strong></span> <span class='ocrx_word' id='word_1_168' title='bbox 1278 1575 1342 1634; x_wconf 88' lang='lat' dir='ltr'><strong>fieri</strong></span> <span class='ocrx_word' id='word_1_169' title='bbox 1363 1595 1436 1652; x_wconf 84' lang='lat' dir='ltr'><strong>erga</strong></span> 
     </span>
     <span class='ocr_line' id='line_1_16' title="bbox 227 1656 1436 1738; baseline -0.004 -18"><span class='ocrx_word' id='word_1_170' title='bbox 227 1661 358 1737; x_wconf 83' lang='lat' dir='ltr'><strong>Sanctus,</strong></span> <span class='ocrx_word' id='word_1_171' title='bbox 375 1681 440 1720; x_wconf 87' lang='lat' dir='ltr'><strong>oum</strong></span> <span class='ocrx_word' id='word_1_172' title='bbox 454 1660 491 1723; x_wconf 90' lang='lat' dir='ltr'><strong>de</strong></span> <span class='ocrx_word' id='word_1_173' title='bbox 507 1662 563 1721; x_wconf 93' lang='lat' dir='ltr'><strong>hoc</strong></span> <span class='ocrx_word' id='word_1_174' title='bbox 584 1669 679 1720; x_wconf 84' lang='lat' dir='ltr'><strong>teneat</strong></span> <span class='ocrx_word' id='word_1_175' title='bbox 700 1661 857 1738; x_wconf 77' lang='lat' dir='ltr'><strong>Scriptura,</strong></span> <span class='ocrx_word' id='word_1_176' title='bbox 878 1660 928 1719; x_wconf 86' lang='lat' dir='ltr'><strong>vel</strong></span> <span class='ocrx_word' id='word_1_177' title='bbox 948 1660 991 1718; x_wconf 91' lang='lat' dir='ltr'><strong>illi</strong></span> <span class='ocrx_word' id='word_1_178' title='bbox 1011 1659 1104 1719; x_wconf 88' lang='lat' dir='ltr'><strong>ullum</strong></span> <span class='ocrx_word' id='word_1_179' title='bbox 1124 1677 1230 1717; x_wconf 88' lang='lat' dir='ltr'><strong>munus</strong></span> <span class='ocrx_word' id='word_1_180' title='bbox 1249 1656 1281 1714; x_wconf 91' lang='lat' dir='ltr'><strong>in</strong></span> <span class='ocrx_word' id='word_1_181' title='bbox 1299 1656 1436 1716; x_wconf 90' lang='lat' dir='ltr'><strong>homines</strong></span> 
     </span>
     <span class='ocr_line' id='line_1_17' title="bbox 226 1737 1437 1818; baseline -0.006 -18"><span class='ocrx_word' id='word_1_182' title='bbox 226 1741 362 1817; x_wconf 87' lang='lat' dir='ltr'><strong>babeant,</strong></span> <span class='ocrx_word' id='word_1_183' title='bbox 378 1740 416 1799; x_wconf 91' lang='lat' dir='ltr'><strong>ad</strong></span> <span class='ocrx_word' id='word_1_184' title='bbox 429 1741 509 1818; x_wconf 88' lang='lat' dir='ltr'><strong>qnod</strong></span> <span class='ocrx_word' id='word_1_185' title='bbox 522 1741 687 1802; x_wconf 89' lang='lat' dir='ltr'><strong>obeundum</strong></span> <span class='ocrx_word' id='word_1_186' title='bbox 701 1741 768 1800; x_wconf 90' lang='lat' dir='ltr'><strong>talis</strong></span> <span class='ocrx_word' id='word_1_187' title='bbox 781 1740 885 1799; x_wconf 87' lang='lat' dir='ltr'><strong>notitia</strong></span> <span class='ocrx_word' id='word_1_188' title='bbox 898 1740 936 1800; x_wconf 87' lang='lat' dir='ltr'><strong>sit</strong></span> <span class='ocrx_word' id='word_1_189' title='bbox 949 1740 1119 1800; x_wconf 85' lang='lat' dir='ltr'><strong>necessarie.</strong></span> <span class='ocrx_word' id='word_1_190' title='bbox 1157 1737 1215 1797; x_wconf 84' lang='lat' dir='ltr'><strong>Vel</strong></span> <span class='ocrx_word' id='word_1_191' title='bbox 1229 1737 1333 1796; x_wconf 76' lang='grc' dir='ltr'><strong>ἅοιιιιηι</strong></span> <span class='ocrx_word' id='word_1_192' title='bbox 1346 1737 1437 1794; x_wconf 75' lang='lat' dir='ltr'><strong>tean-</strong></span> 
     </span>
     <span class='ocr_line' id='line_1_18' title="bbox 224 1815 1436 1899; baseline -0.005 -19"><span class='ocrx_word' id='word_1_193' title='bbox 224 1822 337 1896; x_wconf 76' lang='lat' dir='ltr'><strong>tadiais,</strong></span> <span class='ocrx_word' id='word_1_194' title='bbox 354 1821 437 1899; x_wconf 87' lang='lat' dir='ltr'><strong>eujus</strong></span> <span class='ocrx_word' id='word_1_195' title='bbox 450 1821 482 1881; x_wconf 87' lang='lat' dir='ltr'><strong>vi</strong></span> <span class='ocrx_word' id='word_1_196' title='bbox 495 1821 554 1898; x_wconf 86' lang='lat' dir='ltr'><strong>fiat,</strong></span> <span class='ocrx_word' id='word_1_197' title='bbox 569 1831 603 1882; x_wconf 89' lang='lat' dir='ltr'><strong>ut</strong></span> <span class='ocrx_word' id='word_1_198' title='bbox 616 1842 632 1881; x_wconf 91' lang='lat' dir='ltr'><strong>s</strong></span> <span class='ocrx_word' id='word_1_199' title='bbox 645 1821 720 1881; x_wconf 89' lang='lat' dir='ltr'><strong>coelo</strong></span> <span class='ocrx_word' id='word_1_200' title='bbox 734 1841 780 1879; x_wconf 91' lang='lat' dir='ltr'><strong>res</strong></span> <span class='ocrx_word' id='word_1_201' title='bbox 791 1840 855 1898; x_wconf 88' lang='lat' dir='ltr'><strong>qnae</strong></span> <span class='ocrx_word' id='word_1_202' title='bbox 869 1820 917 1879; x_wconf 86' lang='lat' dir='ltr'><strong>hio</strong></span> <span class='ocrx_word' id='word_1_203' title='bbox 928 1827 1068 1896; x_wconf 85' lang='lat' dir='ltr'><strong>geruntur</strong></span> <span class='ocrx_word' id='word_1_204' title='bbox 1081 1817 1185 1878; x_wconf 88' lang='lat' dir='ltr'><strong>intueri</strong></span> <span class='ocrx_word' id='word_1_205' title='bbox 1195 1816 1317 1894; x_wconf 84' lang='lat' dir='ltr'><strong>possint,</strong></span> <span class='ocrx_word' id='word_1_206' title='bbox 1327 1822 1360 1875; x_wconf 94' lang='lat' dir='ltr'><strong>ut</strong></span> <span class='ocrx_word' id='word_1_207' title='bbox 1370 1815 1436 1875; x_wconf 88' lang='lat' dir='ltr'><strong>vult</strong></span> 
     </span>
     <span class='ocr_line' id='line_1_19' title="bbox 229 1895 1433 1980; baseline -0.007 -19"><span class='ocrx_word' id='word_1_208' title='bbox 229 1902 368 1978; x_wconf 69' lang='lat' dir='ltr'><strong>Corterate,</strong></span> <span class='ocrx_word' id='word_1_209' title='bbox 385 1901 503 1960; x_wconf 86' lang='lat' dir='ltr'><strong>Enehir.</strong></span> <span class='ocrx_word' id='word_1_210' title='bbox 518 1921 580 1980; x_wconf 90' lang='lat' dir='ltr'><strong>cap.</strong></span> <span class='ocrx_word' id='word_1_211' title='bbox 597 1905 644 1961; x_wconf 81' lang='lat'><strong>14.</strong></span> <span class='ocrx_word' id='word_1_212' title='bbox 688 1901 864 1978; x_wconf 88' lang='lat' dir='ltr'><strong>Suppcnitur</strong></span> <span class='ocrx_word' id='word_1_213' title='bbox 874 1900 952 1958; x_wconf 87' lang='lat' dir='ltr'><strong>enim</strong></span> <span class='ocrx_word' id='word_1_214' title='bbox 965 1899 1039 1958; x_wconf 88' lang='lat' dir='ltr'><strong>falso</strong></span> <span class='ocrx_word' id='word_1_215' title='bbox 1052 1907 1082 1958; x_wconf 89' lang='lat' dir='ltr'><strong>et</strong></span> <span class='ocrx_word' id='word_1_216' title='bbox 1102 1897 1190 1957; x_wconf 74' lang='lat' dir='ltr'><strong>mlem</strong></span> <span class='ocrx_word' id='word_1_217' title='bbox 1203 1896 1346 1955; x_wconf 83' lang='lat' dir='ltr'><strong>visionem</strong></span> <span class='ocrx_word' id='word_1_218' title='bbox 1360 1895 1433 1972; x_wconf 81' lang='lat' dir='ltr'><strong>dari,</strong></span> 
     </span>
     <span class='ocr_line' id='line_1_20' title="bbox 227 1975 1437 2055; baseline -0.005 -15"><span class='ocrx_word' id='word_1_219' title='bbox 227 1990 257 2040; x_wconf 95' lang='lat' dir='ltr'><strong>et</strong></span> <span class='ocrx_word' id='word_1_220' title='bbox 270 1980 364 2042; x_wconf 87' lang='lat' dir='ltr'><strong>facere</strong></span> <span class='ocrx_word' id='word_1_221' title='bbox 377 1980 416 2038; x_wconf 89' lang='lat' dir='ltr'><strong>ad</strong></span> <span class='ocrx_word' id='word_1_222' title='bbox 431 1981 646 2042; x_wconf 86' lang='lat' dir='ltr'><strong>Bcetitudinem</strong></span> <span class='ocrx_word' id='word_1_223' title='bbox 668 1981 847 2040; x_wconf 87' lang='lat' dir='ltr'><strong>Sanctorum.</strong></span> <span class='ocrx_word' id='word_1_224' title='bbox 890 1980 952 2039; x_wconf 89' lang='lat' dir='ltr'><strong>Nec</strong></span> <span class='ocrx_word' id='word_1_225' title='bbox 965 1979 1015 2038; x_wconf 90' lang='lat' dir='ltr'><strong>vel</strong></span> <span class='ocrx_word' id='word_1_226' title='bbox 1036 1977 1175 2055; x_wconf 84' lang='lat' dir='ltr'><strong>Stephani</strong></span> <span class='ocrx_word' id='word_1_227' title='bbox 1189 1975 1365 2053; x_wconf 82' lang='lat' dir='ltr'><strong>exemplum,</strong></span> <span class='ocrx_word' id='word_1_228' title='bbox 1388 1975 1437 2034; x_wconf 90' lang='lat' dir='ltr'><strong>cui</strong></span> 
     </span>
     <span class='ocr_line' id='line_1_21' title="bbox 227 2055 1437 2138; baseline -0.004 -19"><span class='ocrx_word' id='word_1_229' title='bbox 227 2079 279 2138; x_wconf 92' lang='lat' dir='ltr'><strong>per</strong></span> <span class='ocrx_word' id='word_1_230' title='bbox 292 2059 549 2120; x_wconf 87' lang='lat' dir='ltr'><strong>extraordinariam</strong></span> <span class='ocrx_word' id='word_1_231' title='bbox 564 2060 806 2136; x_wconf 82' lang='lat' dir='ltr'><strong>dispensationem</strong></span> <span class='ocrx_word' id='word_1_232' title='bbox 820 2077 989 2118; x_wconf 87' lang='lat' dir='ltr'><strong>concessum</strong></span> <span class='ocrx_word' id='word_1_233' title='bbox 1003 2066 1055 2134; x_wconf 87' lang='lat' dir='ltr'><strong>est,</strong></span> <span class='ocrx_word' id='word_1_234' title='bbox 1070 2067 1103 2117; x_wconf 93' lang='lat' dir='ltr'><strong>ut</strong></span> <span class='ocrx_word' id='word_1_235' title='bbox 1117 2056 1229 2116; x_wconf 86' lang='lat' dir='ltr'><strong>videret</strong></span> <span class='ocrx_word' id='word_1_236' title='bbox 1243 2055 1392 2114; x_wconf 85' lang='lat' dir='ltr'><strong>Christum</strong></span> <span class='ocrx_word' id='word_1_237' title='bbox 1405 2055 1437 2114; x_wconf 93' lang='lat' dir='ltr'><strong>in</strong></span> 
     </span>
     <span class='ocr_line' id='line_1_22' title="bbox 228 2135 1437 2215; baseline -0.002 -18"><span class='ocrx_word' id='word_1_238' title='bbox 228 2139 319 2214; x_wconf 86' lang='lat' dir='ltr'><strong>coelis,</strong></span> <span class='ocrx_word' id='word_1_239' title='bbox 334 2138 383 2197; x_wconf 85' lang='lat' dir='ltr'><strong>vel</strong></span> <span class='ocrx_word' id='word_1_240' title='bbox 398 2138 482 2197; x_wconf 89' lang='lat' dir='ltr'><strong>Pauli</strong></span> <span class='ocrx_word' id='word_1_241' title='bbox 496 2139 657 2199; x_wconf 87' lang='lat' dir='ltr'><strong>intertium</strong></span> <span class='ocrx_word' id='word_1_242' title='bbox 670 2139 775 2198; x_wconf 90' lang='lat' dir='ltr'><strong>coelum</strong></span> <span class='ocrx_word' id='word_1_243' title='bbox 789 2139 873 2215; x_wconf 90' lang='lat' dir='ltr'><strong>rapti,</strong></span> <span class='ocrx_word' id='word_1_244' title='bbox 895 2147 925 2198; x_wconf 87' lang='lat' dir='ltr'><strong>ct</strong></span> <span class='ocrx_word' id='word_1_245' title='bbox 938 2136 1095 2199; x_wconf 88' lang='lat' dir='ltr'><strong>ineffabilia</strong></span> <span class='ocrx_word' id='word_1_246' title='bbox 1108 2137 1150 2196; x_wconf 91' lang='lat' dir='ltr'><strong>ibi</strong></span> <span class='ocrx_word' id='word_1_247' title='bbox 1163 2135 1316 2210; x_wconf 83' lang='lat' dir='ltr'><strong>audientis,</strong></span> <span class='ocrx_word' id='word_1_248' title='bbox 1338 2142 1437 2212; x_wconf 83' lang='lat' dir='ltr'><strong>potest</strong></span> 
     </span>
     <span class='ocr_line' id='line_1_23' title="bbox 228 2215 1437 2354; baseline -0.004 -76"><span class='ocrx_word' id='word_1_249' title='bbox 228 2218 349 2292; x_wconf 89' lang='lat' dir='ltr'><strong>efficere,</strong></span> <span class='ocrx_word' id='word_1_250' title='bbox 358 2225 394 2354; x_wconf 67' lang='lat' dir='ltr'><strong>pt</strong></span> <span class='ocrx_word' id='word_1_251' title='bbox 406 2217 505 2278; x_wconf 86' lang='lat' dir='ltr'><strong>Sancti</strong></span> <span class='ocrx_word' id='word_1_252' title='bbox 515 2217 546 2276; x_wconf 92' lang='lat' dir='ltr'><strong>in</strong></span> <span class='ocrx_word' id='word_1_253' title='bbox 556 2217 638 2278; x_wconf 89' lang='lat' dir='ltr'><strong>coelis</strong></span> <span class='ocrx_word' id='word_1_254' title='bbox 652 2218 792 2296; x_wconf 77' lang='lat' dir='ltr'><strong>degentes</strong></span> <span class='ocrx_word' id='word_1_255' title='bbox 806 2217 996 2295; x_wconf 85' lang='lat' dir='ltr'><strong>cogitationes</strong></span> <span class='ocrx_word' id='word_1_256' title='bbox 1009 2217 1113 2294; x_wconf 88' lang='lat' dir='ltr'><strong>cordia,</strong></span> <span class='ocrx_word' id='word_1_257' title='bbox 1126 2215 1204 2294; x_wconf 92' lang='lat' dir='ltr'><strong>qnod</strong></span> <span class='ocrx_word' id='word_1_258' title='bbox 1218 2215 1273 2274; x_wconf 84' lang='lat' dir='ltr'><strong>soli</strong></span> <span class='ocrx_word' id='word_1_259' title='bbox 1283 2215 1348 2274; x_wconf 89' lang='lat' dir='ltr'><strong>Deo</strong></span> <span class='ocrx_word' id='word_1_260' title='bbox 1357 2234 1437 2275; x_wconf 87' lang='lat' dir='ltr'><strong>com·</strong></span> 
     </span>
     <span class='ocr_line' id='line_1_24' title="bbox 249 2297 453 2356; baseline -0.005 0"><span class='ocrx_word' id='word_1_261' title='bbox 249 2298 288 2356; x_wconf 90' lang='lat' dir='ltr'><strong>eti</strong></span> <span class='ocrx_word' id='word_1_262' title='bbox 325 2297 357 2356; x_wconf 82' lang='lat' dir='ltr'><strong>vi</strong></span> <span class='ocrx_word' id='word_1_263' title='bbox 377 2304 453 2355; x_wconf 89' lang='lat' dir='ltr'><strong>cent.</strong></span> 
     </span>
    </p>

    <p class='ocr_par' dir='ltr' id='par_1_7' title="bbox 228 2305 1438 2453">
     <span class='ocr_line' id='line_1_25' title="bbox 228 2305 1438 2453; baseline -0.004 -15"><span class='ocrx_word' id='word_1_264' title='bbox 228 2317 248 2376; x_wconf 75' lang='lat' dir='ltr'>p</span> <span class='ocrx_word' id='word_1_265' title='bbox 289 2305 310 2376; x_wconf 85' lang='lat' dir='ltr'><strong>t,</strong></span> <span class='ocrx_word' id='word_1_266' title='bbox 532 2378 605 2438; x_wconf 86' lang='lat' dir='ltr'><strong>XV.</strong></span> <span class='ocrx_word' id='word_1_267' title='bbox 626 2381 655 2436; x_wconf 84' lang='grc'><strong>4.</strong></span> <span class='ocrx_word' id='word_1_268' title='bbox 670 2375 745 2452; x_wconf 89' lang='lat' dir='ltr'><strong>Quia</strong></span> <span class='ocrx_word' id='word_1_269' title='bbox 758 2377 854 2438; x_wconf 87' lang='lat' dir='ltr'><strong>cultus</strong></span> <span class='ocrx_word' id='word_1_270' title='bbox 874 2376 968 2436; x_wconf 90' lang='lat' dir='ltr'><strong>omnis</strong></span> <span class='ocrx_word' id='word_1_271' title='bbox 988 2383 1018 2436; x_wconf 90' lang='lat' dir='ltr'><strong>et</strong></span> <span class='ocrx_word' id='word_1_272' title='bbox 1038 2373 1348 2453; x_wconf 75' lang='lat' dir='ltr'><strong>invocatioreligiosa,</strong></span> <span class='ocrx_word' id='word_1_273' title='bbox 1371 2393 1438 2451; x_wconf 74' lang='lat' dir='ltr'><strong>que</strong></span> 
     </span>
    </p>
   </div>
   <div class='ocr_carea' id='block_1_7' title="bbox 235 2441 1439 2615">
    <p class='ocr_par' dir='ltr' id='par_1_8' title="bbox 235 2441 1439 2615">
     <span class='ocr_line' id='line_1_26' title="bbox 235 2441 1438 2546; baseline -0.012 -21"><span class='ocrx_word' id='word_1_274' title='bbox 235 2443 257 2487; x_wconf 81' lang='lat'><strong>⁴·</strong></span> <span class='ocrx_word' id='word_1_275' title='bbox 269 2441 464 2546; x_wconf 50' lang='lat' dir='ltr'><strong>owen</strong></span> <span class='ocrx_word' id='word_1_276' title='bbox 491 2457 530 2516; x_wconf 74' lang='grc' dir='ltr'><strong>ιι</strong></span> <span class='ocrx_word' id='word_1_277' title='bbox 543 2458 632 2517; x_wconf 78' lang='lat' dir='ltr'><strong>arum</strong></span> <span class='ocrx_word' id='word_1_278' title='bbox 646 2477 733 2535; x_wconf 74' lang='lat' dir='ltr'><strong>quem</strong></span> <span class='ocrx_word' id='word_1_279' title='bbox 746 2457 785 2516; x_wconf 72' lang='grc' dir='ltr'><strong>ιι</strong></span> <span class='ocrx_word' id='word_1_280' title='bbox 799 2458 894 2516; x_wconf 74' lang='lat' dir='ltr'><strong>neum</strong></span> <span class='ocrx_word' id='word_1_281' title='bbox 908 2457 1050 2534; x_wconf 59' lang='lat' dir='ltr'><strong>emper,</strong></span> <span class='ocrx_word' id='word_1_282' title='bbox 1065 2464 1110 2516; x_wconf 72' lang='lat' dir='ltr'><strong>est</strong></span> <span class='ocrx_word' id='word_1_283' title='bbox 1122 2454 1321 2530; x_wconf 57' lang='lat' dir='ltr'><strong>idololatriam</strong></span> <span class='ocrx_word' id='word_1_284' title='bbox 1338 2453 1438 2512; x_wconf 65' lang='lat' dir='ltr'><strong>ruore</strong></span> 
     </span>
     <span class='ocr_line' id='line_1_27' title="bbox 490 2535 1439 2615; baseline -0.004 -19"><span class='ocrx_word' id='word_1_285' title='bbox 490 2537 576 2598; x_wconf 87' lang='lat' dir='ltr'><strong>latria</strong></span> <span class='ocrx_word' id='word_1_286' title='bbox 589 2538 665 2596; x_wconf 88' lang='lat' dir='ltr'><strong>enim</strong></span> <span class='ocrx_word' id='word_1_287' title='bbox 679 2556 714 2597; x_wconf 86' lang='lat' dir='ltr'><strong>es</strong></span> <span class='ocrx_word' id='word_1_288' title='bbox 727 2557 796 2596; x_wconf 84' lang='lat' dir='ltr'><strong>vere</strong></span> <span class='ocrx_word' id='word_1_289' title='bbox 816 2536 930 2612; x_wconf 88' lang='lat' dir='ltr'><strong>dicitur,</strong></span> <span class='ocrx_word' id='word_1_290' title='bbox 950 2555 1009 2615; x_wconf 87' lang='lat' dir='ltr'><strong>qus</strong></span> <span class='ocrx_word' id='word_1_291' title='bbox 1029 2543 1160 2596; x_wconf 83' lang='lat' dir='ltr'><strong>creature</strong></span> <span class='ocrx_word' id='word_1_292' title='bbox 1179 2535 1284 2594; x_wconf 88' lang='lat' dir='ltr'><strong>colitur</strong></span> <span class='ocrx_word' id='word_1_293' title='bbox 1304 2537 1378 2614; x_wconf 60' lang='lat' dir='ltr'><strong>ragel</strong></span> <span class='ocrx_word' id='word_1_294' title='bbox 1398 2539 1439 2592; x_wconf 71' lang='grc' dir='ltr'><strong>τὸι</strong></span> 
     </span>
    </p>
   </div>
   <div class='ocr_carea' id='block_1_8' title="bbox 229 2613 1543 2695">
    <p class='ocr_par' dir='ltr' id='par_1_9' title="bbox 229 2613 1543 2695">
     <span class='ocr_line' id='line_1_28' title="bbox 229 2613 1543 2695; baseline -0.004 -16"><span class='ocrx_word' id='word_1_295' title='bbox 229 2621 359 2694; x_wconf 68' lang='lat' dir='ltr'><strong>estune,</strong></span> <span class='ocrx_word' id='word_1_296' title='bbox 369 2627 479 2695; x_wconf 77' lang='lat' dir='ltr'><strong>prater</strong></span> <span class='ocrx_word' id='word_1_297' title='bbox 494 2618 667 2692; x_wconf 77' lang='lat' dir='ltr'><strong>Creatorem,</strong></span> <span class='ocrx_word' id='word_1_298' title='bbox 677 2617 726 2677; x_wconf 84' lang='lat' dir='ltr'><strong>vel</strong></span> <span class='ocrx_word' id='word_1_299' title='bbox 739 2639 771 2676; x_wconf 87' lang='lat' dir='ltr'><strong>eo</strong></span> <span class='ocrx_word' id='word_1_300' title='bbox 782 2616 935 2694; x_wconf 73' lang='lat' dir='ltr'><strong>prmtcritsr,</strong></span> <span class='ocrx_word' id='word_1_301' title='bbox 952 2617 1036 2676; x_wconf 84' lang='lat' dir='ltr'><strong>Rom.</strong></span> <span class='ocrx_word' id='word_1_302' title='bbox 1050 2615 1071 2674; x_wconf 89' lang='lat' dir='ltr'><strong>i.</strong></span> <span class='ocrx_word' id='word_1_303' title='bbox 1085 2617 1134 2690; x_wconf 79' lang='lat'><strong>25,</strong></span> <span class='ocrx_word' id='word_1_304' title='bbox 1141 2634 1230 2692; x_wconf 89' lang='lat' dir='ltr'><strong>quum</strong></span> <span class='ocrx_word' id='word_1_305' title='bbox 1244 2613 1381 2674; x_wconf 88' lang='lat' dir='ltr'><strong>coluntur</strong></span> <span class='ocrx_word' id='word_1_306' title='bbox 1394 2615 1440 2674; x_wconf 92' lang='lat' dir='ltr'><strong>illi</strong></span> <span class='ocrx_word' id='word_1_307' title='bbox 1542 2679 1543 2682; x_wconf 8' lang='grc' dir='ltr'><strong>Ἴ</strong></span> 
     </span>
    </p>
   </div>
   <div class='ocr_carea' id='block_1_9' title="bbox 229 2694 1439 2855">
    <p class='ocr_par' dir='ltr' id='par_1_10' title="bbox 229 2694 1439 2855">
     <span class='ocr_line' id='line_1_29' title="bbox 291 2694 1438 2775; baseline -0.004 -16"><span class='ocrx_word' id='word_1_308' title='bbox 291 2709 398 2759; x_wconf 81' lang='lat' dir='ltr'><strong>notura</strong></span> <span class='ocrx_word' id='word_1_309' title='bbox 411 2718 467 2758; x_wconf 85' lang='lat' dir='ltr'><strong>non</strong></span> <span class='ocrx_word' id='word_1_310' title='bbox 480 2707 544 2757; x_wconf 84' lang='lat' dir='ltr'><strong>eant</strong></span> <span class='ocrx_word' id='word_1_311' title='bbox 554 2698 614 2773; x_wconf 83' lang='lat' dir='ltr'><strong>Dii,</strong></span> <span class='ocrx_word' id='word_1_312' title='bbox 631 2697 697 2756; x_wconf 88' lang='lat' dir='ltr'><strong>Gal.</strong></span> <span class='ocrx_word' id='word_1_313' title='bbox 711 2698 751 2757; x_wconf 86' lang='lat' dir='ltr'><strong>iv.</strong></span> <span class='ocrx_word' id='word_1_314' title='bbox 767 2699 795 2773; x_wconf 87' lang='lat'><strong>8,</strong></span> <span class='ocrx_word' id='word_1_315' title='bbox 810 2697 889 2775; x_wconf 91' lang='lat' dir='ltr'><strong>quod</strong></span> <span class='ocrx_word' id='word_1_316' title='bbox 903 2696 939 2755; x_wconf 91' lang='lat' dir='ltr'><strong>de</strong></span> <span class='ocrx_word' id='word_1_317' title='bbox 954 2695 1061 2756; x_wconf 88' lang='lat' dir='ltr'><strong>sanctis</strong></span> <span class='ocrx_word' id='word_1_318' title='bbox 1075 2703 1152 2754; x_wconf 90' lang='lat' dir='ltr'><strong>recte</strong></span> <span class='ocrx_word' id='word_1_319' title='bbox 1167 2694 1225 2754; x_wconf 91' lang='lat' dir='ltr'><strong>dici</strong></span> <span class='ocrx_word' id='word_1_320' title='bbox 1238 2713 1324 2752; x_wconf 88' lang='lat' dir='ltr'><strong>nemo</strong></span> <span class='ocrx_word' id='word_1_321' title='bbox 1337 2702 1438 2771; x_wconf 77' lang='lat' dir='ltr'><strong>negat.</strong></span> 
     </span>
     <span class='ocr_line' id='line_1_30' title="bbox 229 2721 1439 2855; baseline -0.007 -15"><span class='ocrx_word' id='word_1_322' title='bbox 229 2721 311 2840; x_wconf 52' lang='lat' dir='ltr'><strong>gine</strong></span> <span class='ocrx_word' id='word_1_323' title='bbox 326 2778 508 2838; x_wconf 82' lang='lat' dir='ltr'><strong>Nazianzenc</strong></span> <span class='ocrx_word' id='word_1_324' title='bbox 522 2777 686 2837; x_wconf 85' lang='lat' dir='ltr'><strong>idololatria</strong></span> <span class='ocrx_word' id='word_1_325' title='bbox 700 2776 813 2852; x_wconf 87' lang='lat' dir='ltr'><strong>dicitur,</strong></span> <span class='ocrx_word' id='word_1_326' title='bbox 829 2777 896 2837; x_wconf 88' lang='lat' dir='ltr'><strong>Ora.</strong></span> <span class='ocrx_word' id='word_1_327' title='bbox 918 2779 966 2851; x_wconf 84' lang='grc'><strong>38,</strong></span> <span class='ocrx_word' id='word_1_328' title='bbox 980 2775 1107 2852; x_wconf 63' lang='lat' dir='ltr'><strong>antaee</strong></span> <span class='ocrx_word' id='word_1_329' title='bbox 1127 2781 1169 2840; x_wconf 65' lang='lat' dir='ltr'><strong>rte</strong></span> <span class='ocrx_word' id='word_1_330' title='bbox 1189 2777 1372 2855; x_wconf 62' lang='lat' dir='ltr'><strong>spaosines</strong></span> <span class='ocrx_word' id='word_1_331' title='bbox 1386 2779 1439 2832; x_wconf 65' lang='grc' dir='ltr'><strong>ἰπὶ</strong></span> 
     </span>
    </p>
   </div>
   <div class='ocr_carea' id='block_1_10' title="bbox 229 2855 1543 2934">
    <p class='ocr_par' dir='ltr' id='par_1_11' title="bbox 229 2855 1543 2934">
     <span class='ocr_line' id='line_1_31' title="bbox 229 2855 1543 2934; baseline -0.004 -16"><span class='ocrx_word' id='word_1_332' title='bbox 229 2866 274 2919; x_wconf 70' lang='grc' dir='ltr'><strong>τοῦ</strong></span> <span class='ocrx_word' id='word_1_333' title='bbox 288 2857 444 2924; x_wconf 66' lang='lat' dir='ltr'><strong>mactandus</strong></span> <span class='ocrx_word' id='word_1_334' title='bbox 459 2859 499 2916; x_wconf 67' lang='lat' dir='ltr'><strong>iet</strong></span> <span class='ocrx_word' id='word_1_335' title='bbox 512 2861 546 2916; x_wconf 74' lang='lat' dir='ltr'><strong>el</strong></span> <span class='ocrx_word' id='word_1_336' title='bbox 560 2858 699 2934; x_wconf 66' lang='lat' dir='ltr'><strong>arripare,</strong></span> <span class='ocrx_word' id='word_1_337' title='bbox 716 2857 864 2918; x_wconf 68' lang='lat' dir='ltr'><strong>dramdalt&#39;o</strong></span> <span class='ocrx_word' id='word_1_338' title='bbox 878 2856 1053 2916; x_wconf 70' lang='lat' dir='ltr'><strong>adorationis</strong></span> <span class='ocrx_word' id='word_1_339' title='bbox 1067 2876 1087 2914; x_wconf 86' lang='lat' dir='ltr'><strong>a</strong></span> <span class='ocrx_word' id='word_1_340' title='bbox 1109 2857 1246 2915; x_wconf 69' lang='lat' dir='ltr'><strong>Crantore</strong></span> <span class='ocrx_word' id='word_1_341' title='bbox 1259 2857 1302 2913; x_wconf 78' lang='lat' dir='ltr'><strong>ad</strong></span> <span class='ocrx_word' id='word_1_342' title='bbox 1315 2855 1438 2914; x_wconf 64' lang='lat' dir='ltr'><em>(17er-</em></span> <span class='ocrx_word' id='word_1_343' title='bbox 1542 2899 1543 2930; x_wconf 45' lang='grc' dir='ltr'>ι</span> 
     </span>
    </p>
   </div>
   <div class='ocr_carea' id='block_1_11' title="bbox 229 2934 1445 4688">
    <p class='ocr_par' dir='ltr' id='par_1_12' title="bbox 229 2934 1445 4688">
     <span class='ocr_line' id='line_1_32' title="bbox 229 2934 1440 3016; baseline -0.007 -16"><span class='ocrx_word' id='word_1_344' title='bbox 229 2961 290 3016; x_wconf 79' lang='lat' dir='ltr'><strong>ras,</strong></span> <span class='ocrx_word' id='word_1_345' title='bbox 305 2949 334 3000; x_wconf 88' lang='lat' dir='ltr'><strong>et</strong></span> <span class='ocrx_word' id='word_1_346' title='bbox 354 2941 489 3014; x_wconf 81' lang='lat' dir='ltr'><strong>Thomas,</strong></span> <span class='ocrx_word' id='word_1_347' title='bbox 505 2939 535 2999; x_wconf 88' lang='lat' dir='ltr'><strong>ii.</strong></span> <span class='ocrx_word' id='word_1_348' title='bbox 556 2943 585 3014; x_wconf 79' lang='lat'><strong>2,</strong></span> <span class='ocrx_word' id='word_1_349' title='bbox 603 2957 635 3016; x_wconf 80' lang='lat' dir='ltr'><strong>q.</strong></span> <span class='ocrx_word' id='word_1_350' title='bbox 651 2941 699 2998; x_wconf 81' lang='lat'><strong>94.</strong></span> <span class='ocrx_word' id='word_1_351' title='bbox 722 2940 749 3015; x_wconf 88' lang='lat'><strong>3,</strong></span> <span class='ocrx_word' id='word_1_352' title='bbox 772 2937 971 2997; x_wconf 86' lang='lat' dir='ltr'><strong>Idololatriam</strong></span> <span class='ocrx_word' id='word_1_353' title='bbox 992 2935 1100 3010; x_wconf 90' lang='lat' dir='ltr'><strong>definit,</strong></span> <span class='ocrx_word' id='word_1_354' title='bbox 1123 2954 1208 3012; x_wconf 80' lang='lat' dir='ltr'><strong>quam</strong></span> <span class='ocrx_word' id='word_1_355' title='bbox 1227 2935 1331 3010; x_wconf 67' lang='lat' dir='ltr'><strong>aliquus</strong></span> <span class='ocrx_word' id='word_1_356' title='bbox 1350 2934 1440 2992; x_wconf 76' lang='lat' dir='ltr'><strong>hono·</strong></span> 
     </span>
     <span class='ocr_line' id='line_1_33' title="bbox 229 3012 1439 3097; baseline -0.007 -18"><span class='ocrx_word' id='word_1_357' title='bbox 229 3041 291 3080; x_wconf 86' lang='lat' dir='ltr'><strong>rem</strong></span> <span class='ocrx_word' id='word_1_358' title='bbox 304 3021 428 3081; x_wconf 62' lang='lat' dir='ltr'><strong>dianam</strong></span> <span class='ocrx_word' id='word_1_359' title='bbox 441 3029 581 3082; x_wconf 69' lang='lat' dir='ltr'><strong>mendara</strong></span> <span class='ocrx_word' id='word_1_360' title='bbox 593 3019 735 3097; x_wconf 79' lang='lat' dir='ltr'><strong>impendit.</strong></span> <span class='ocrx_word' id='word_1_361' title='bbox 768 3017 830 3076; x_wconf 89' lang='lat' dir='ltr'><strong>Nec</strong></span> <span class='ocrx_word' id='word_1_362' title='bbox 843 3036 936 3091; x_wconf 75' lang='lat' dir='ltr'><strong>vene,</strong></span> <span class='ocrx_word' id='word_1_363' title='bbox 951 3035 1016 3094; x_wconf 74' lang='lat' dir='ltr'><strong>qua</strong></span> <span class='ocrx_word' id='word_1_364' title='bbox 1026 3035 1045 3073; x_wconf 86' lang='lat' dir='ltr'><strong>a</strong></span> <span class='ocrx_word' id='word_1_365' title='bbox 1059 3013 1219 3074; x_wconf 90' lang='lat' dir='ltr'><strong>Pontificiis</strong></span> <span class='ocrx_word' id='word_1_366' title='bbox 1233 3012 1439 3088; x_wconf 70' lang='lat' dir='ltr'><strong>ohnuduntur,</strong></span> 
     </span>
     <span class='ocr_line' id='line_1_34' title="bbox 230 3093 1442 3172; baseline -0.008 -10"><span class='ocrx_word' id='word_1_367' title='bbox 230 3101 430 3162; x_wconf 86' lang='lat' dir='ltr'><strong>distinctiones</strong></span> <span class='ocrx_word' id='word_1_368' title='bbox 444 3100 702 3162; x_wconf 80' lang='lat' dir='ltr'><strong>etincmstationes</strong></span> <span class='ocrx_word' id='word_1_369' title='bbox 716 3107 828 3158; x_wconf 89' lang='lat' dir='ltr'><strong>tantum</strong></span> <span class='ocrx_word' id='word_1_370' title='bbox 842 3097 950 3156; x_wconf 85' lang='lat' dir='ltr'><strong>crimen</strong></span> <span class='ocrx_word' id='word_1_371' title='bbox 960 3095 1057 3154; x_wconf 90' lang='lat' dir='ltr'><strong>eluere</strong></span> <span class='ocrx_word' id='word_1_372' title='bbox 1070 3101 1207 3172; x_wconf 91' lang='lat' dir='ltr'><strong>possuut;</strong></span> <span class='ocrx_word' id='word_1_373' title='bbox 1223 3093 1319 3169; x_wconf 82' lang='lat' dir='ltr'><strong>Quum</strong></span> <span class='ocrx_word' id='word_1_374' title='bbox 1329 3103 1442 3170; x_wconf 83' lang='lat' dir='ltr'><strong>negant</strong></span> 
     </span>
     <span class='ocr_line' id='line_1_35' title="bbox 230 3172 1441 3256; baseline -0.007 -16"><span class='ocrx_word' id='word_1_375' title='bbox 230 3199 262 3240; x_wconf 89' lang='lat' dir='ltr'><strong>se</strong></span> <span class='ocrx_word' id='word_1_376' title='bbox 276 3180 385 3240; x_wconf 82' lang='lat' dir='ltr'><strong>crrltum</strong></span> <span class='ocrx_word' id='word_1_377' title='bbox 400 3199 565 3256; x_wconf 88' lang='lat' dir='ltr'><strong>supremum</strong></span> <span class='ocrx_word' id='word_1_378' title='bbox 578 3179 629 3255; x_wconf 88' lang='lat' dir='ltr'><strong>qui</strong></span> <span class='ocrx_word' id='word_1_379' title='bbox 653 3179 717 3238; x_wconf 91' lang='lat' dir='ltr'><strong>Deo</strong></span> <span class='ocrx_word' id='word_1_380' title='bbox 741 3177 870 3252; x_wconf 78' lang='lat' dir='ltr'><strong>debean,</strong></span> <span class='ocrx_word' id='word_1_381' title='bbox 887 3175 937 3235; x_wconf 88' lang='lat' dir='ltr'><strong>sed</strong></span> <span class='ocrx_word' id='word_1_382' title='bbox 959 3181 1072 3234; x_wconf 84' lang='lat' dir='ltr'><strong>tantum</strong></span> <span class='ocrx_word' id='word_1_383' title='bbox 1097 3174 1302 3249; x_wconf 83' lang='lat' dir='ltr'><strong>subaltemum‚</strong></span> <span class='ocrx_word' id='word_1_384' title='bbox 1327 3172 1441 3232; x_wconf 86' lang='lat' dir='ltr'><strong>deferre</strong></span> 
     </span>
     <span class='ocr_line' id='line_1_36' title="bbox 233 3252 1443 3332; baseline -0.007 -12"><span class='ocrx_word' id='word_1_385' title='bbox 233 3259 356 3332; x_wconf 84' lang='lat' dir='ltr'><strong>Sanctis,</strong></span> <span class='ocrx_word' id='word_1_386' title='bbox 371 3277 430 3316; x_wconf 91' lang='lat' dir='ltr'><strong>non</strong></span> <span class='ocrx_word' id='word_1_387' title='bbox 443 3258 514 3316; x_wconf 71' lang='lat' dir='ltr'><strong>eiciet</strong></span> <span class='ocrx_word' id='word_1_388' title='bbox 532 3260 597 3316; x_wconf 84' lang='lat' dir='ltr'><strong>Deo</strong></span> <span class='ocrx_word' id='word_1_389' title='bbox 618 3256 669 3319; x_wconf 88' lang='lat' dir='ltr'><strong>scd</strong></span> <span class='ocrx_word' id='word_1_390' title='bbox 682 3257 752 3316; x_wconf 70' lang='lat' dir='ltr'><strong>aaut</strong></span> <span class='ocrx_word' id='word_1_391' title='bbox 764 3257 861 3316; x_wconf 67' lang='lat' dir='ltr'><strong>ommes</strong></span> <span class='ocrx_word' id='word_1_392' title='bbox 874 3256 941 3314; x_wconf 79' lang='lat' dir='ltr'><strong>Dei.</strong></span> <span class='ocrx_word' id='word_1_393' title='bbox 984 3258 1011 3314; x_wconf 92' lang='grc'><strong>1.</strong></span> <span class='ocrx_word' id='word_1_394' title='bbox 1026 3254 1101 3329; x_wconf 85' lang='lat' dir='ltr'><strong>Quia</strong></span> <span class='ocrx_word' id='word_1_395' title='bbox 1118 3273 1268 3332; x_wconf 86' lang='lat' dir='ltr'><strong>perperam</strong></span> <span class='ocrx_word' id='word_1_396' title='bbox 1287 3252 1443 3330; x_wconf 86' lang='lat' dir='ltr'><strong>finguntur</strong></span> 
     </span>
     <span class='ocr_line' id='line_1_37' title="bbox 231 3332 1442 3414; baseline -0.004 -19"><span class='ocrx_word' id='word_1_397' title='bbox 231 3336 340 3414; x_wconf 83' lang='lat' dir='ltr'><strong>gradus</strong></span> <span class='ocrx_word' id='word_1_398' title='bbox 353 3337 384 3394; x_wconf 87' lang='lat' dir='ltr'><strong>iu</strong></span> <span class='ocrx_word' id='word_1_399' title='bbox 397 3335 478 3394; x_wconf 86' lang='lat' dir='ltr'><strong>cultu</strong></span> <span class='ocrx_word' id='word_1_400' title='bbox 490 3335 636 3411; x_wconf 87' lang='lat' dir='ltr'><strong>religioso,</strong></span> <span class='ocrx_word' id='word_1_401' title='bbox 651 3335 702 3410; x_wconf 91' lang='lat' dir='ltr'><strong>qui</strong></span> <span class='ocrx_word' id='word_1_402' title='bbox 714 3335 817 3393; x_wconf 86' lang='lat' dir='ltr'><strong>unicus</strong></span> <span class='ocrx_word' id='word_1_403' title='bbox 831 3343 883 3408; x_wconf 89' lang='lat' dir='ltr'><strong>est,</strong></span> <span class='ocrx_word' id='word_1_404' title='bbox 899 3342 929 3393; x_wconf 90' lang='lat' dir='ltr'><strong>et</strong></span> <span class='ocrx_word' id='word_1_405' title='bbox 941 3333 1136 3393; x_wconf 81' lang='lat' dir='ltr'><strong>indivisibilis.</strong></span> <span class='ocrx_word' id='word_1_406' title='bbox 1168 3337 1195 3392; x_wconf 80' lang='lat'><strong>2.</strong></span> <span class='ocrx_word' id='word_1_407' title='bbox 1211 3333 1285 3392; x_wconf 88' lang='lat' dir='ltr'><strong>Haec</strong></span> <span class='ocrx_word' id='word_1_408' title='bbox 1308 3332 1365 3391; x_wconf 85' lang='lat' dir='ltr'><strong>fuit</strong></span> <span class='ocrx_word' id='word_1_409' title='bbox 1388 3352 1442 3390; x_wconf 85' lang='lat' dir='ltr'><strong>cx-</strong></span> 
     </span>
     <span class='ocr_line' id='line_1_38' title="bbox 231 3412 1441 3494; baseline -0.003 -18"><span class='ocrx_word' id='word_1_410' title='bbox 231 3417 327 3494; x_wconf 88' lang='lat' dir='ltr'><strong>ocptio</strong></span> <span class='ocrx_word' id='word_1_411' title='bbox 342 3415 511 3490; x_wconf 78' lang='lat' dir='ltr'><strong>Gentilium,</strong></span> <span class='ocrx_word' id='word_1_412' title='bbox 526 3414 576 3490; x_wconf 89' lang='lat' dir='ltr'><strong>qui</strong></span> <span class='ocrx_word' id='word_1_413' title='bbox 590 3412 807 3490; x_wconf 81' lang='lat' dir='ltr'><strong>distinguebant</strong></span> <span class='ocrx_word' id='word_1_414' title='bbox 820 3413 895 3472; x_wconf 88' lang='lat' dir='ltr'><strong>inter</strong></span> <span class='ocrx_word' id='word_1_415' title='bbox 915 3414 1009 3474; x_wconf 88' lang='lat' dir='ltr'><strong>Deum</strong></span> <span class='ocrx_word' id='word_1_416' title='bbox 1031 3433 1183 3490; x_wconf 86' lang='lat' dir='ltr'><strong>summum,</strong></span> <span class='ocrx_word' id='word_1_417' title='bbox 1206 3413 1253 3472; x_wconf 91' lang='lat' dir='ltr'><strong>cui</strong></span> <span class='ocrx_word' id='word_1_418' title='bbox 1273 3412 1370 3471; x_wconf 90' lang='lat' dir='ltr'><strong>cultus</strong></span> <span class='ocrx_word' id='word_1_419' title='bbox 1391 3431 1441 3472; x_wconf 91' lang='lat' dir='ltr'><strong>su·</strong></span> 
     </span>
     <span class='ocr_line' id='line_1_39' title="bbox 231 3490 1442 3573; baseline -0.002 -19"><span class='ocrx_word' id='word_1_420' title='bbox 231 3514 349 3573; x_wconf 84' lang='lat' dir='ltr'><strong>premas</strong></span> <span class='ocrx_word' id='word_1_421' title='bbox 362 3493 529 3568; x_wconf 85' lang='lat' dir='ltr'><strong>debebatur,</strong></span> <span class='ocrx_word' id='word_1_422' title='bbox 545 3493 787 3556; x_wconf 82' lang='lat' dir='ltr'><strong>etmedioxumos</strong></span> <span class='ocrx_word' id='word_1_423' title='bbox 801 3491 1001 3568; x_wconf 72' lang='lat' dir='ltr'><strong>etimatiores,</strong></span> <span class='ocrx_word' id='word_1_424' title='bbox 1016 3494 1122 3571; x_wconf 88' lang='lat' dir='ltr'><strong>quibus</strong></span> <span class='ocrx_word' id='word_1_425' title='bbox 1143 3492 1260 3552; x_wconf 85' lang='lat' dir='ltr'><strong>inferior</strong></span> <span class='ocrx_word' id='word_1_426' title='bbox 1279 3492 1368 3552; x_wconf 87' lang='lat' dir='ltr'><strong>etiam</strong></span> <span class='ocrx_word' id='word_1_427' title='bbox 1389 3490 1442 3551; x_wconf 88' lang='lat' dir='ltr'><strong>de·</strong></span> 
     </span>
     <span class='ocr_line' id='line_1_40' title="bbox 232 3571 1441 3648; baseline -0.007 -11"><span class='ocrx_word' id='word_1_428' title='bbox 232 3575 362 3637; x_wconf 89' lang='lat' dir='ltr'><strong>ferretur.</strong></span> <span class='ocrx_word' id='word_1_429' title='bbox 405 3576 434 3633; x_wconf 87' lang='grc'><strong>3.</strong></span> <span class='ocrx_word' id='word_1_430' title='bbox 455 3572 574 3634; x_wconf 84' lang='lat' dir='ltr'><strong>Arriani</strong></span> <span class='ocrx_word' id='word_1_431' title='bbox 588 3581 617 3634; x_wconf 90' lang='lat' dir='ltr'><strong>et</strong></span> <span class='ocrx_word' id='word_1_432' title='bbox 631 3572 796 3632; x_wconf 88' lang='lat' dir='ltr'><strong>Nestorieni</strong></span> <span class='ocrx_word' id='word_1_433' title='bbox 810 3573 956 3633; x_wconf 85' lang='lat' dir='ltr'><strong>Christum</strong></span> <span class='ocrx_word' id='word_1_434' title='bbox 974 3593 1034 3633; x_wconf 90' lang='lat' dir='ltr'><strong>non</strong></span> <span class='ocrx_word' id='word_1_435' title='bbox 1057 3573 1217 3632; x_wconf 88' lang='lat' dir='ltr'><strong>adorabant</strong></span> <span class='ocrx_word' id='word_1_436' title='bbox 1237 3571 1312 3631; x_wconf 88' lang='lat' dir='ltr'><strong>sicut</strong></span> <span class='ocrx_word' id='word_1_437' title='bbox 1333 3572 1441 3648; x_wconf 91' lang='lat' dir='ltr'><strong>Deum,</strong></span> 
     </span>
     <span class='ocr_line' id='line_1_41' title="bbox 233 3651 1442 3732; baseline -0.003 -18"><span class='ocrx_word' id='word_1_438' title='bbox 233 3673 320 3732; x_wconf 89' lang='lat' dir='ltr'><strong>quem</strong></span> <span class='ocrx_word' id='word_1_439' title='bbox 334 3653 377 3711; x_wconf 92' lang='lat' dir='ltr'><strong>illi</strong></span> <span class='ocrx_word' id='word_1_440' title='bbox 392 3652 487 3712; x_wconf 85' lang='lat' dir='ltr'><strong>Deum</strong></span> <span class='ocrx_word' id='word_1_441' title='bbox 501 3661 637 3728; x_wconf 84' lang='lat' dir='ltr'><strong>creatum,</strong></span> <span class='ocrx_word' id='word_1_442' title='bbox 652 3652 683 3711; x_wconf 91' lang='lat' dir='ltr'><strong>hi</strong></span> <span class='ocrx_word' id='word_1_443' title='bbox 697 3653 843 3713; x_wconf 90' lang='lat' dir='ltr'><strong>hominem</strong></span> <span class='ocrx_word' id='word_1_444' title='bbox 857 3672 875 3712; x_wconf 89' lang='lat' dir='ltr'><strong>a</strong></span> <span class='ocrx_word' id='word_1_445' title='bbox 889 3653 1017 3713; x_wconf 87' lang='lat' dir='ltr'><strong>Persona</strong></span> <span class='ocrx_word' id='word_1_446' title='bbox 1037 3657 1115 3724; x_wconf 67' lang='lat' dir='ltr'><strong>styra</strong></span> <span class='ocrx_word' id='word_1_447' title='bbox 1136 3651 1271 3727; x_wconf 87' lang='lat' dir='ltr'><strong>divisum,</strong></span> <span class='ocrx_word' id='word_1_448' title='bbox 1290 3651 1442 3710; x_wconf 86' lang='lat' dir='ltr'><strong>existima·</strong></span> 
     </span>
     <span class='ocr_line' id='line_1_42' title="bbox 232 3729 1443 3808; baseline -0.005 -12"><span class='ocrx_word' id='word_1_449' title='bbox 232 3734 312 3808; x_wconf 89' lang='lat' dir='ltr'><strong>bant,</strong></span> <span class='ocrx_word' id='word_1_450' title='bbox 328 3741 467 3794; x_wconf 89' lang='lat' dir='ltr'><strong>ettamen</strong></span> <span class='ocrx_word' id='word_1_451' title='bbox 480 3753 499 3791; x_wconf 84' lang='lat' dir='ltr'><strong>c</strong></span> <span class='ocrx_word' id='word_1_452' title='bbox 513 3732 649 3792; x_wconf 85' lang='lat' dir='ltr'><strong>Patribus</strong></span> <span class='ocrx_word' id='word_1_453' title='bbox 662 3732 831 3793; x_wconf 81' lang='lat' dir='ltr'><strong>idololatria</strong></span> <span class='ocrx_word' id='word_1_454' title='bbox 845 3742 1025 3793; x_wconf 85' lang='lat' dir='ltr'><strong>accusantur.</strong></span> <span class='ocrx_word' id='word_1_455' title='bbox 1047 3737 1075 3793; x_wconf 88' lang='lat'><strong>4.</strong></span> <span class='ocrx_word' id='word_1_456' title='bbox 1098 3733 1169 3808; x_wconf 85' lang='lat' dir='ltr'><strong>Quis</strong></span> <span class='ocrx_word' id='word_1_457' title='bbox 1182 3731 1269 3791; x_wconf 89' lang='lat' dir='ltr'><strong>ferret</strong></span> <span class='ocrx_word' id='word_1_458' title='bbox 1279 3729 1443 3790; x_wconf 87' lang='lat' dir='ltr'><strong>adulteram</strong></span> 
     </span>
     <span class='ocr_line' id='line_1_43' title="bbox 231 3810 1442 3892; baseline -0.005 -16"><span class='ocrx_word' id='word_1_459' title='bbox 231 3833 263 3876; x_wconf 83' lang='lat' dir='ltr'><strong>ee</strong></span> <span class='ocrx_word' id='word_1_460' title='bbox 279 3820 466 3872; x_wconf 84' lang='lat' dir='ltr'><strong>excusantem</strong></span> <span class='ocrx_word' id='word_1_461' title='bbox 480 3832 514 3872; x_wconf 92' lang='lat' dir='ltr'><strong>eo</strong></span> <span class='ocrx_word' id='word_1_462' title='bbox 528 3812 608 3890; x_wconf 90' lang='lat' dir='ltr'><strong>quod</strong></span> <span class='ocrx_word' id='word_1_463' title='bbox 620 3812 733 3890; x_wconf 87' lang='lat' dir='ltr'><strong>copiam</strong></span> <span class='ocrx_word' id='word_1_464' title='bbox 746 3813 874 3892; x_wconf 87' lang='lat' dir='ltr'><strong>corporis</strong></span> <span class='ocrx_word' id='word_1_465' title='bbox 893 3813 938 3872; x_wconf 91' lang='lat' dir='ltr'><strong>sui</strong></span> <span class='ocrx_word' id='word_1_466' title='bbox 959 3813 1058 3872; x_wconf 84' lang='lat' dir='ltr'><strong>lecerit</strong></span> <span class='ocrx_word' id='word_1_467' title='bbox 1078 3813 1169 3886; x_wconf 86' lang='lat' dir='ltr'><strong>alteri,</strong></span> <span class='ocrx_word' id='word_1_468' title='bbox 1191 3829 1250 3870; x_wconf 89' lang='lat' dir='ltr'><strong>non</strong></span> <span class='ocrx_word' id='word_1_469' title='bbox 1269 3818 1303 3869; x_wconf 90' lang='lat' dir='ltr'><strong>nt</strong></span> <span class='ocrx_word' id='word_1_470' title='bbox 1325 3810 1442 3886; x_wconf 89' lang='lat' dir='ltr'><strong>marito,</strong></span> 
     </span>
     <span class='ocr_line' id='line_1_44' title="bbox 235 3890 1443 3970; baseline -0.004 -17"><span class='ocrx_word' id='word_1_471' title='bbox 235 3893 286 3954; x_wconf 89' lang='lat' dir='ltr'><strong>sed</strong></span> <span class='ocrx_word' id='word_1_472' title='bbox 299 3901 332 3952; x_wconf 91' lang='lat' dir='ltr'><strong>nt</strong></span> <span class='ocrx_word' id='word_1_473' title='bbox 346 3892 442 3952; x_wconf 87' lang='lat' dir='ltr'><strong>mariti</strong></span> <span class='ocrx_word' id='word_1_474' title='bbox 454 3893 571 3953; x_wconf 76' lang='lat' dir='ltr'><strong>amico?</strong></span> <span class='ocrx_word' id='word_1_475' title='bbox 591 3891 635 3952; x_wconf 83' lang='lat' dir='ltr'><strong>At</strong></span> <span class='ocrx_word' id='word_1_476' title='bbox 649 3901 706 3952; x_wconf 89' lang='lat' dir='ltr'><strong>tam</strong></span> <span class='ocrx_word' id='word_1_477' title='bbox 721 3893 776 3952; x_wconf 89' lang='lat' dir='ltr'><strong>soli</strong></span> <span class='ocrx_word' id='word_1_478' title='bbox 791 3894 855 3952; x_wconf 89' lang='lat' dir='ltr'><strong>Deo</strong></span> <span class='ocrx_word' id='word_1_479' title='bbox 872 3893 1005 3970; x_wconf 89' lang='lat' dir='ltr'><strong>proprius</strong></span> <span class='ocrx_word' id='word_1_480' title='bbox 1025 3901 1071 3952; x_wconf 89' lang='lat' dir='ltr'><strong>est</strong></span> <span class='ocrx_word' id='word_1_481' title='bbox 1090 3893 1184 3952; x_wconf 87' lang='lat' dir='ltr'><strong>omnis</strong></span> <span class='ocrx_word' id='word_1_482' title='bbox 1203 3890 1358 3968; x_wconf 85' lang='lat' dir='ltr'><strong>religiosus</strong></span> <span class='ocrx_word' id='word_1_483' title='bbox 1380 3891 1443 3949; x_wconf 91' lang='lat' dir='ltr'><strong>cul·</strong></span> 
     </span>
     <span class='ocr_line' id='line_1_45' title="bbox 234 3971 1445 4050; baseline 0.001 -18"><span class='ocrx_word' id='word_1_484' title='bbox 234 3980 290 4048; x_wconf 88' lang='lat' dir='ltr'><strong>tus,</strong></span> <span class='ocrx_word' id='word_1_485' title='bbox 319 3992 407 4050; x_wconf 85' lang='lat' dir='ltr'><strong>quam</strong></span> <span class='ocrx_word' id='word_1_486' title='bbox 434 3971 597 4050; x_wconf 85' lang='lat' dir='ltr'><strong>conjugalis</strong></span> <span class='ocrx_word' id='word_1_487' title='bbox 623 3973 826 4033; x_wconf 86' lang='lat' dir='ltr'><strong>benevolentia</strong></span> <span class='ocrx_word' id='word_1_488' title='bbox 852 3973 908 4032; x_wconf 90' lang='lat' dir='ltr'><strong>soli</strong></span> <span class='ocrx_word' id='word_1_489' title='bbox 934 3973 1037 4032; x_wconf 86' lang='lat' dir='ltr'><strong>marito</strong></span> <span class='ocrx_word' id='word_1_490' title='bbox 1065 3971 1204 4046; x_wconf 84' lang='lat' dir='ltr'><strong>debetur;</strong></span> <span class='ocrx_word' id='word_1_491' title='bbox 1234 3990 1300 4030; x_wconf 86' lang='lat' dir='ltr'><strong>enm</strong></span> <span class='ocrx_word' id='word_1_492' title='bbox 1327 3978 1445 4034; x_wconf 80' lang='lat' dir='ltr'><strong>constet</strong></span> 
     </span>
     <span class='ocr_line' id='line_1_46' title="bbox 235 4048 1443 4131; baseline -0.002 -21"><span class='ocrx_word' id='word_1_493' title='bbox 235 4052 464 4111; x_wconf 89' lang='lat' dir='ltr'><strong>communionem</strong></span> <span class='ocrx_word' id='word_1_494' title='bbox 483 4061 611 4112; x_wconf 86' lang='lat' dir='ltr'><strong>nostram</strong></span> <span class='ocrx_word' id='word_1_495' title='bbox 633 4073 699 4112; x_wconf 88' lang='lat' dir='ltr'><strong>cum</strong></span> <span class='ocrx_word' id='word_1_496' title='bbox 718 4054 791 4130; x_wconf 90' lang='lat' dir='ltr'><strong>Deo,</strong></span> <span class='ocrx_word' id='word_1_497' title='bbox 817 4053 952 4131; x_wconf 87' lang='lat' dir='ltr'><strong>conjugio</strong></span> <span class='ocrx_word' id='word_1_498' title='bbox 976 4052 1081 4129; x_wconf 82' lang='lat' dir='ltr'><strong>sapius</strong></span> <span class='ocrx_word' id='word_1_499' title='bbox 1101 4050 1275 4126; x_wconf 88' lang='lat' dir='ltr'><strong>adumbrari,</strong></span> <span class='ocrx_word' id='word_1_500' title='bbox 1297 4057 1327 4108; x_wconf 90' lang='lat' dir='ltr'><strong>et</strong></span> <span class='ocrx_word' id='word_1_501' title='bbox 1348 4048 1443 4110; x_wconf 92' lang='lat' dir='ltr'><strong>idolo-</strong></span> 
     </span>
     <span class='ocr_line' id='line_1_47' title="bbox 234 4129 1444 4208; baseline -0.002 -18"><span class='ocrx_word' id='word_1_502' title='bbox 234 4129 350 4190; x_wconf 85' lang='lat' dir='ltr'><strong>latriam</strong></span> <span class='ocrx_word' id='word_1_503' title='bbox 374 4129 515 4191; x_wconf 88' lang='lat' dir='ltr'><strong>edultcrio</strong></span> <span class='ocrx_word' id='word_1_504' title='bbox 539 4139 568 4191; x_wconf 90' lang='lat' dir='ltr'><strong>et</strong></span> <span class='ocrx_word' id='word_1_505' title='bbox 589 4132 785 4192; x_wconf 82' lang='lat' dir='ltr'><strong>fornicatione.</strong></span> <span class='ocrx_word' id='word_1_506' title='bbox 839 4135 866 4191; x_wconf 77' lang='lat'><strong>5.</strong></span> <span class='ocrx_word' id='word_1_507' title='bbox 889 4131 998 4207; x_wconf 84' lang='lat' dir='ltr'><strong>Cultus,</strong></span> <span class='ocrx_word' id='word_1_508' title='bbox 1021 4150 1108 4208; x_wconf 92' lang='lat' dir='ltr'><strong>quem</strong></span> <span class='ocrx_word' id='word_1_509' title='bbox 1136 4131 1274 4190; x_wconf 87' lang='lat' dir='ltr'><strong>creaturis</strong></span> <span class='ocrx_word' id='word_1_510' title='bbox 1301 4129 1444 4189; x_wconf 85' lang='lat' dir='ltr'><strong>exhibent</strong></span> 
     </span>
     <span class='ocr_line' id='line_1_48' title="bbox 237 4207 1444 4289; baseline 0 -19"><span class='ocrx_word' id='word_1_511' title='bbox 237 4211 443 4288; x_wconf 88' lang='lat' dir='ltr'><strong>Romanenses,</strong></span> <span class='ocrx_word' id='word_1_512' title='bbox 468 4230 527 4270; x_wconf 90' lang='lat' dir='ltr'><strong>non</strong></span> <span class='ocrx_word' id='word_1_513' title='bbox 549 4210 645 4270; x_wconf 86' lang='lat' dir='ltr'><strong>differt</strong></span> <span class='ocrx_word' id='word_1_514' title='bbox 672 4230 690 4270; x_wconf 89' lang='lat' dir='ltr'><strong>a</strong></span> <span class='ocrx_word' id='word_1_515' title='bbox 713 4213 794 4271; x_wconf 87' lang='lat' dir='ltr'><strong>cultu</strong></span> <span class='ocrx_word' id='word_1_516' title='bbox 820 4210 928 4286; x_wconf 89' lang='lat' dir='ltr'><strong>divino,</strong></span> <span class='ocrx_word' id='word_1_517' title='bbox 953 4229 1007 4270; x_wconf 88' lang='lat' dir='ltr'><strong>nec</strong></span> <span class='ocrx_word' id='word_1_518' title='bbox 1034 4210 1131 4289; x_wconf 86' lang='lat' dir='ltr'><strong>quoad</strong></span> <span class='ocrx_word' id='word_1_519' title='bbox 1158 4209 1267 4269; x_wconf 88' lang='lat' dir='ltr'><strong>cultum</strong></span> <span class='ocrx_word' id='word_1_520' title='bbox 1294 4207 1444 4270; x_wconf 88' lang='lat' dir='ltr'><strong>internum</strong></span> 
     </span>
     <span class='ocr_line' id='line_1_49' title="bbox 235 4288 1443 4368; baseline -0.002 -18"><span class='ocrx_word' id='word_1_521' title='bbox 235 4289 349 4350; x_wconf 77' lang='lat' dir='ltr'><strong>fiducia</strong></span> <span class='ocrx_word' id='word_1_522' title='bbox 364 4297 393 4348; x_wconf 89' lang='lat' dir='ltr'><strong>et</strong></span> <span class='ocrx_word' id='word_1_523' title='bbox 408 4290 477 4368; x_wconf 84' lang='lat' dir='ltr'><strong>spei,</strong></span> <span class='ocrx_word' id='word_1_524' title='bbox 492 4309 579 4367; x_wconf 87' lang='lat' dir='ltr'><strong>quam</strong></span> <span class='ocrx_word' id='word_1_525' title='bbox 593 4291 624 4350; x_wconf 90' lang='lat' dir='ltr'><strong>in</strong></span> <span class='ocrx_word' id='word_1_526' title='bbox 636 4291 695 4350; x_wconf 89' lang='lat' dir='ltr'><strong>illis</strong></span> <span class='ocrx_word' id='word_1_527' title='bbox 712 4289 863 4367; x_wconf 79' lang='lat' dir='ltr'><strong>collocant,</strong></span> <span class='ocrx_word' id='word_1_528' title='bbox 878 4308 932 4349; x_wconf 87' lang='lat' dir='ltr'><strong>nec</strong></span> <span class='ocrx_word' id='word_1_529' title='bbox 952 4289 1049 4368; x_wconf 88' lang='lat' dir='ltr'><strong>quoad</strong></span> <span class='ocrx_word' id='word_1_530' title='bbox 1069 4290 1179 4350; x_wconf 88' lang='lat' dir='ltr'><strong>cultum</strong></span> <span class='ocrx_word' id='word_1_531' title='bbox 1200 4297 1352 4349; x_wconf 81' lang='lat' dir='ltr'><strong>externum</strong></span> <span class='ocrx_word' id='word_1_532' title='bbox 1371 4288 1443 4348; x_wconf 89' lang='lat' dir='ltr'><strong>ado·</strong></span> 
     </span>
     <span class='ocr_line' id='line_1_50' title="bbox 236 4368 1445 4449; baseline -0.001 -20"><span class='ocrx_word' id='word_1_533' title='bbox 236 4371 356 4430; x_wconf 89' lang='lat' dir='ltr'><strong>rationis</strong></span> <span class='ocrx_word' id='word_1_534' title='bbox 381 4379 411 4429; x_wconf 91' lang='lat' dir='ltr'><strong>et</strong></span> <span class='ocrx_word' id='word_1_535' title='bbox 432 4369 631 4448; x_wconf 80' lang='lat' dir='ltr'><strong>invocationis,</strong></span> <span class='ocrx_word' id='word_1_536' title='bbox 660 4390 746 4449; x_wconf 89' lang='lat' dir='ltr'><strong>quam</strong></span> <span class='ocrx_word' id='word_1_537' title='bbox 774 4369 833 4428; x_wconf 90' lang='lat' dir='ltr'><strong>illis</strong></span> <span class='ocrx_word' id='word_1_538' title='bbox 857 4369 997 4445; x_wconf 74' lang='lat' dir='ltr'><strong>deferunt,</strong></span> <span class='ocrx_word' id='word_1_539' title='bbox 1020 4378 1053 4429; x_wconf 91' lang='lat' dir='ltr'><strong>ut</strong></span> <span class='ocrx_word' id='word_1_540' title='bbox 1078 4389 1164 4447; x_wconf 87' lang='lat' dir='ltr'><strong>supra</strong></span> <span class='ocrx_word' id='word_1_541' title='bbox 1188 4368 1292 4443; x_wconf 89' lang='lat' dir='ltr'><strong>visum,</strong></span> <span class='ocrx_word' id='word_1_542' title='bbox 1318 4376 1349 4426; x_wconf 91' lang='lat' dir='ltr'><strong>et</strong></span> <span class='ocrx_word' id='word_1_543' title='bbox 1372 4368 1445 4428; x_wconf 85' lang='lat' dir='ltr'><strong>alibi</strong></span> 
     </span>
     <span class='ocr_line' id='line_1_51' title="bbox 236 4445 1445 4528; baseline 0 -20"><span class='ocrx_word' id='word_1_544' title='bbox 236 4451 389 4527; x_wconf 88' lang='lat' dir='ltr'><strong>probatum</strong></span> <span class='ocrx_word' id='word_1_545' title='bbox 403 4449 544 4526; x_wconf 91' lang='lat' dir='ltr'><strong>dedimus,</strong></span> <span class='ocrx_word' id='word_1_546' title='bbox 560 4451 643 4528; x_wconf 90' lang='lat' dir='ltr'><strong>Disp.</strong></span> <span class='ocrx_word' id='word_1_547' title='bbox 658 4450 739 4509; x_wconf 81' lang='lat' dir='ltr'><strong>lide</strong></span> <span class='ocrx_word' id='word_1_548' title='bbox 754 4449 895 4510; x_wconf 85' lang='lat' dir='ltr'><strong>Necessit</strong></span> <span class='ocrx_word' id='word_1_549' title='bbox 912 4449 1034 4510; x_wconf 86' lang='lat' dir='ltr'><strong>Secessi.</strong></span> <span class='ocrx_word' id='word_1_550' title='bbox 1049 4449 1090 4509; x_wconf 89' lang='lat' dir='ltr'><strong>th.</strong></span> <span class='ocrx_word' id='word_1_551' title='bbox 1108 4445 1277 4525; x_wconf 76' lang='lat' dir='ltr'><strong>16‚17‚&amp;c.</strong></span> <span class='ocrx_word' id='word_1_552' title='bbox 1314 4447 1403 4510; x_wconf 89' lang='lat' dir='ltr'><strong>Unde</strong></span> <span class='ocrx_word' id='word_1_553' title='bbox 1419 4449 1445 4508; x_wconf 87' lang='lat' dir='ltr'><strong>si</strong></span> 
     </span>
     <span class='ocr_line' id='line_1_52' title="bbox 236 4525 1445 4624; baseline 0.002 -36"><span class='ocrx_word' id='word_1_554' title='bbox 236 4529 334 4623; x_wconf 71' lang='lat' dir='ltr'><strong>perbis</strong></span> <span class='ocrx_word' id='word_1_555' title='bbox 348 4530 536 4624; x_wconf 81' lang='lat' dir='ltr'><strong>distinguitur</strong></span> <span class='ocrx_word' id='word_1_556' title='bbox 546 4531 584 4590; x_wconf 88' lang='lat' dir='ltr'><strong>ad</strong></span> <span class='ocrx_word' id='word_1_557' title='bbox 596 4529 776 4592; x_wconf 84' lang='lat' dir='ltr'><strong>illudendum</strong></span> <span class='ocrx_word' id='word_1_558' title='bbox 790 4529 1021 4608; x_wconf 77' lang='lat' dir='ltr'><strong>simplicioribus,</strong></span> <span class='ocrx_word' id='word_1_559' title='bbox 1036 4525 1130 4607; x_wconf 86' lang='lat' dir='ltr'><strong>r&#39;eipsa</strong></span> <span class='ocrx_word' id='word_1_560' title='bbox 1143 4537 1241 4588; x_wconf 88' lang='lat' dir='ltr'><strong>tamen</strong></span> <span class='ocrx_word' id='word_1_561' title='bbox 1253 4527 1331 4588; x_wconf 90' lang='lat' dir='ltr'><strong>idem</strong></span> <span class='ocrx_word' id='word_1_562' title='bbox 1345 4538 1445 4590; x_wconf 82' lang='lat' dir='ltr'><strong>manet</strong></span> 
     </span>
     <span class='ocr_line' id='line_1_53' title="bbox 238 4629 374 4688; baseline 0.007 -20"><span class='ocrx_word' id='word_1_563' title='bbox 238 4629 268 4668; x_wconf 89' lang='lat' dir='ltr'><strong>m</strong></span> <span class='ocrx_word' id='word_1_564' title='bbox 282 4630 374 4688; x_wconf 79' lang='lat' dir='ltr'><strong>praxi.</strong></span> 
     </span>
    </p>
   </div>
   <div class='ocr_carea' id='block_1_12' title="bbox 0 0 1572 5198">
    <p class='ocr_par' dir='ltr' id='par_1_13' title="bbox 0 0 1572 5198">
     <span class='ocr_line' id='line_1_54' title="bbox 0 0 1572 5198; baseline 0 0"><span class='ocrx_word' id='word_1_565' title='bbox 0 0 1572 5198; x_wconf 95' lang='lat' dir='ltr'><strong> </strong></span> 
     </span>
    </p>
   </div>
  </div>
 </body>
</html>
