3146 5210
275 355 334 414 458
680 367 772 408 cocus
787 365 916 406 necinus
931 365 1066 414 Qururas.
1302 342 1433 426 [esaar.
1447 367 1482 404 rr.

272 517 321 588 nl,
335 511 422 572 “Sed
435 510 501 569 dico
512 531 518 569 :
531 509 558 568 N
560 509 670 586 unquid
680 509 770 567 lsrael
779 528 836 567 non
848 508 1010 584 cognovit?
1025 507 1153 566 Primum
1166 507 1271 566 Moses
1281 505 1367 580 dicit,
1379 507 1443 584 Ego
1456 509 1486 565 ad

272 591 484 652 aemulationem
498 609 552 648 vos
573 589 714 647 adducam
729 591 758 647 iu
774 609 831 646 non
846 597 971 666 gentem,
987 588 1018 645 in
1032 597 1149 665 gentem
1160 588 1365 665 insipientem,
1379 588 1411 644 in
1424 591 1484 644 imru

270 693 324 732 voa
339 673 465 746 mittam;
490 671 584 728 Isa'r'as
599 679 695 728 autem
707 669 794 728 audet
809 679 838 727 et
852 669 931 742 dicit,
948 669 1089 728 Inventus
1104 687 1169 726 sum
1184 689 1202 726 a
1216 687 1278 726 nou
1292 670 1486 744 quaerentibn

270 773 325 828 me,
347 762 375 810 et
389 752 484 829 palam
499 750 618 828 apparui
645 750 681 808 iis
696 750 746 826 qui
760 769 806 808 me
831 766 890 807 non
917 747 1146 826 interrogabant.
1188 747 1241 806 Ad
1272 747 1374 806 lsrael
1398 766 1485 806 autur

271 833 350 906 dicit,
366 833 441 890 Tota
460 831 506 890 die
528 830 654 907 expandi
679 849 781 888 manus
796 849 874 888 meas
889 829 926 886 ad
945 830 1083 906 populum
1105 847 1165 888 non
1179 827 1358 887 credentem
1384 838 1416 886 et
1429 850 1486 885 cru·

271 913 490 972 tradicentem.’'
534 911 672 984 Quanam
687 929 756 968 vero
781 910 948 987 congruitas
965 909 1143 984 Vocationis,
1159 917 1189 968 ct
1204 907 1347 985 aptitudo
1358 908 1400 966 ad
1415 910 1487 966 obse·

272 993 427 1071 quendum,
444 992 474 1049 in
487 1011 545 1049 non
556 990 775 1067 quaerentibus?

314 1073 405 1132 VIII.
429 1072 511 1130 Licet
520 1091 588 1128 voro
599 1069 701 1129 Gratia
713 1069 823 1144 efficaX,
836 1089 894 1146 qua
902 1069 942 1128 ita
955 1078 1088 1127 movetur
1096 1068 1242 1142 voluntas,
1255 1077 1291 1126 ut
1300 1068 1490 1126 intullibilirrr

273 1153 312 1212 sit
325 1153 488 1230 praestitura
502 1170 682 1224 consensum,
699 1169 827 1226 congrua
847 1149 1163 1228 possitquodamsensn
1175 1149 1410 1225 dici,quateuus
1420 1151 1490 1207 Deus

273 1233 428 1290 efficaciter
442 1231 586 1289 movendo
601 1231 789 1302 voluntatem,
805 1249 932 1307 congrue
953 1229 1032 1287 illam
1050 1239 1156 1303 movet,
1172 1239 1205 1286 ut
1220 1229 1408 1298 consentiat,
1424 1243 1452 1286 ct
1466 1249 1490 1287 :a

273 1311 408 1389 congruit
432 1320 542 1369 naturae
567 1312 733 1385 voluntatis,
758 1311 838 1368 Nihil
859 1311 924 1368 ideo
938 1309 1050 1368 accedit
1073 1309 1231 1367 Sententiae
1256 1308 1409 1368 Bellarm.
1431 1312 1491 1386 quis

272 1391 439 1469 congruitas
454 1391 510 1448 ista
523 1411 582 1449 non
595 1391 757 1449 desumitur
771 1411 788 1448 a
804 1390 992 1468 dispositione
1006 1390 1098 1466 ipsIus
1112 1389 1284 1463 voluntatis,
1301 1389 1357 1446 vel
1372 1391 1490 1447 circuu-

272 1472 387 1531 stantiis
401 1471 582 1530 extrinsecus
596 1471 651 1548 ipsi
665 1471 775 1530 auxilio
787 1469 894 1528 efficaci
909 1469 1121 1543 accedentibus,
1132 1477 1166 1528 ut
1179 1469 1316 1527 varietur
1332 1471 1490 1528 secundum

272 1553 406 1612 diversas
420 1552 649 1610 circumstantias
670 1561 700 1610 et
720 1551 875 1628 qualitates
896 1550 1029 1626 subjecti,
1052 1559 1138 1626 atque
1156 1549 1229 1607 adeo
1242 1550 1353 1624 motio,
1369 1570 1439 1627 qnae
1453 1567 1489 1608 aar

272 1653 401 1710 congrua
420 1638 553 1708 respectu
574 1632 668 1706 unius,
686 1633 723 1689 sit
744 1631 904 1707 incongrua
927 1628 1208 1706 mspectualterius,
1224 1637 1256 1686 et
1271 1641 1394 1688 eontra.
1440 1633 1490 1689 hed

270 1713 344 1772 illud
358 1733 456 1772 seeum
470 1711 554 1770 affert
567 1712 708 1770 auxilium
722 1710 800 1788 quod
816 1711 921 1769 dicitur
934 1709 1045 1785 efficax,
1061 1709 1195 1786 quodque
1210 1709 1279 1768 ideo
1294 1710 1490 1788 distinguitur

270 1813 288 1852 a
311 1794 404 1871 gratia
426 1791 573 1866 inefficaci,
598 1811 663 1868 quae
686 1811 744 1850 non
767 1792 916 1849 conversis
939 1790 1083 1849 tribuitur.
1134 1789 1330 1867 Objectiones
1355 1810 1428 1867 quae
1450 1794 1491 1849 hir,

210 1871 213 1880 ’
271 1875 382 1932 moveri
397 1873 492 1931 solent
505 1872 685 1930 commodius
700 1872 849 1931 solventur
863 1871 894 1929 in
908 1871 1073 1945 Quastione
1088 1871 1229 1946 sequenti.

271 1991 512 2038 sertraSentmtiaa
574 1952 633 2012 IX.
656 1953 754 2011 Tertia
776 1951 918 2010 sententia
937 1959 981 2009 est
1003 1951 1217 2008 Thomistarum
1232 1949 1490 2010 etDominicano-

301 2053 404 2108 Physica
416 2051 511 2095 Pradc-
532 2053 605 2107 rum,
616 2033 667 2108 qui
682 2032 851 2091 Vocationis
862 2031 1017 2089 efficaciam
1028 2031 1207 2089 constituunt
1218 2031 1249 2087 ln
1264 2031 1401 2106 Pagasaea
1416 2035 1490 2090 Pra-

301 2110 482 2155 terminatione.
533 2114 771 2187 determinatione,
783 2121 944 2170 asserentes
959 2111 1089 2169 Gratiam
1099 2109 1243 2168 efficacem
1258 2130 1328 2169 esse
1344 2115 1489 2172 actionem

272 2195 327 2254 Dei
341 2195 492 2271 physicam
507 2201 536 2252 et
550 2194 665 2268 realem,
681 2212 745 2268 quae
769 2192 940 2250 determinat
962 2191 1141 2250 voluntatem
1156 2191 1193 2248 ad
1207 2190 1378 2250 volendum
1394 2205 1427 2252 et
1442 2197 1487 2252 eli-

270 2273 397 2352 gendum
420 2274 528 2331 bonum
551 2273 606 2349 ipsi
629 2294 646 2330 a
668 2273 763 2348 gratia
785 2273 929 2331 excitante
952 2271 1130 2348 inspiratum,
1154 2271 1193 2328 Et
1213 2269 1285 2347 quia
1305 2291 1374 2330 non
1397 2285 1490 2351 potest

270 2353 340 2425 fieri,
356 2361 389 2410 ut
405 2353 484 2409 Deus
499 2353 618 2428 physice
632 2353 864 2428 praedeterminet
875 2352 1063 2426 voluntatem,
1076 2351 1145 2428 quin
1157 2351 1219 2428 ipsa
1233 2351 1382 2412 voluntas
1398 2355 1489 2413 deter-

270 2432 403 2504 minetur,
420 2439 449 2488 et
463 2431 535 2489 velit
549 2430 587 2504 id,
605 2431 641 2488 ad
655 2433 734 2506 quod
748 2432 962 2505 determinatur,
981 2431 1052 2490 Ideo
1070 2431 1132 2490 fieri
1146 2449 1204 2488 non
1226 2450 1325 2507 posse,
1345 2445 1383 2492 ut
1398 2439 1490 2512 gratia

268 2512 325 2570 ista
338 2531 397 2568 non
408 2510 513 2569 habeat
524 2509 666 2568 effectum.
684 2511 732 2569 Sic
743 2532 841 2571 eorum
852 2521 978 2570 mentem
989 2512 1115 2590 explicat
1125 2510 1261 2568 Bellarm.
1277 2511 1332 2570 lib.
1355 2517 1383 2588 l,
1401 2535 1429 2573 c.
1448 2521 1489 2572 lt.

270 2591 341 2667 Quae
353 2590 503 2666 sententia,
516 2590 584 2649 licet
595 2611 612 2648 a
623 2590 801 2650 Bellarmino
812 2593 966 2670 rejiciatur,
979 2600 1116 2668 tanquam
1127 2591 1211 2649 liberi
1221 2591 1340 2651 arbitrii
1357 2594 1490 2654 destruc·

268 2674 338 2748 tiva,
354 2671 392 2730 ad
406 2672 558 2730 veritatem
568 2671 700 2748 proxime
712 2671 831 2748 aceedit,
843 2680 908 2731 utut
918 2673 1014 2731 minus
1025 2672 1097 2731 forte
1112 2679 1246 2730 accurate
1260 2690 1315 2748 per
1329 2675 1489 2750 physicam

268 2753 596 2832 praedeterminationem
619 2752 806 2829 exprimatur,
821 2773 855 2810 eo
878 2753 957 2829 quod
982 2750 1176 2811 Providentiae
1190 2759 1272 2809 actus
1287 2756 1450 2814 naturales
1465 2769 1488 2813 et

269 2835 403 2892 omnihus
418 2833 580 2910 agentibus,
596 2842 625 2891 et
639 2833 716 2891 omui
732 2833 819 2891 statui
832 2833 967 2908 hominis,
983 2853 1020 2891 ex
1037 2839 1147 2891 naturae
1162 2831 1298 2890 secundae
1313 2836 1489 2895 conditione

268 2914 454 2986 necessarios,
470 2933 535 2972 cum
551 2913 816 2989 supernaturalibus
839 2913 939 2989 gratia
968 2913 1017 2990 qui
1038 2913 1068 2970 in
1089 2920 1165 2972 statu
1186 2913 1300 2989 peccati
1314 2914 1358 2971 ad
1383 2935 1488 2974 sanan

268 2994 336 3053 dam
350 2994 530 3053 voluntatem
539 2993 731 3070 requiruntur,
748 2991 922 3050 confundere
943 2992 1067 3069 videtur,
1084 3001 1113 3052 et
1126 2992 1242 3050 modum
1252 2993 1368 3070 agendi
1379 2999 1488 3054 ration·

268 3075 343 3133 alem
358 3084 387 3133 et
401 3074 547 3148 moralem,
563 3073 613 3151 qui
635 3073 722 3131 etiam
746 3073 777 3130 in
800 3072 996 3146 conversione,
1011 3081 1044 3132 ut
1064 3081 1174 3132 naturae
1189 3074 1373 3133 conveniens
1388 3097 1409 3134 a
1426 3078 1488 3134 Dm

268 3155 430 3229 adhibetur,
447 3154 610 3213 excludere.
655 3153 740 3212 Unde
757 3153 889 3211 danseri.
905 3152 924 3210 l.
940 3155 969 3228 8,
985 3153 1020 3212 de
1042 3154 1111 3212 Gra.
1128 3173 1152 3211 c.
1168 3156 1195 3228 3,
1212 3153 1294 3210 varia
1308 3153 1485 3214 discrimina

268 3234 352 3293 affert
374 3235 450 3292 inter
475 3233 663 3309 Adjutorium
688 3233 745 3291 Dei
769 3233 955 3307 medecinale,
981 3243 1010 3292 et
1035 3233 1376 3293 Praedeterminationem
1396 3237 1482 3295 istam

268 3311 427 3390 physicam,
458 3323 544 3390 prout
566 3333 583 3371 a
606 3312 814 3371 Defensoribus
837 3313 899 3388 ejus
923 3313 1054 3372 traditur.
1105 3313 1276 3390 Quanquam
1303 3315 1484 3376 Franciscus

269 3392 379 3465 Cumel,
390 3393 470 3469 llisp.
478 3393 559 3467 vari,
573 3393 602 3450 in
614 3396 686 3467 lma,
697 3395 1029 3470 lae,pag.109,mentem
1040 3402 1159 3451 suamet
1170 3413 1287 3452 suorum
1299 3393 1348 3452 lon
1352 3417 1392 3472 ge
1405 3417 1481 3455 com·

270 3470 383 3528 modius
397 3472 532 3548 explicat.
576 3474 594 3504 “
605 3472 690 3530 Hanc
702 3474 853 3549 gratiam,''
866 3473 968 3549 inquit,
983 3475 1001 3506 “
1014 3474 1069 3531 Dei
1078 3473 1231 3548 efficacem,
1243 3493 1262 3530 a
1271 3475 1335 3532 Deo
1351 3476 1481 3534 efficien-

268 3557 313 3608 ter
337 3550 450 3626 proprie
475 3552 700 3627 provenientem,
726 3561 755 3610 et
778 3573 831 3612 nos
853 3563 1085 3629 praemoventem,
1112 3563 1141 3612 et
1165 3552 1479 3631 praedeterminantenr,

268 3638 386 3708 propter
399 3629 490 3687 solam
505 3630 681 3706 prioritatem
696 3633 881 3708 causalitatiS,
894 3653 957 3691 esse
972 3633 1131 3692 vocandam
1145 3633 1479 3711 praedeterminationcru

268 3709 426 3788 physicam,
443 3718 561 3767 censent
583 3710 709 3768 Autorcs
731 3714 870 3788 oppositae
891 3714 1049 3788 sententiae,
1068 3715 1151 3792 cujus
1172 3714 1307 3772 vocabuli
1322 3715 1379 3792 ipsi
1394 3718 1479 3793 primi

269 3791 435 3849 inventores
454 3788 587 3848 fuerunt:
609 3809 675 3847 nam
698 3799 764 3850 anto
785 3812 885 3852 eorum
905 3801 1035 3870 tempora
1053 3814 1107 3852 nos
1121 3794 1205 3852 aliter
1217 3794 1419 3870 loquebamur,
1436 3798 1478 3853 di-

268 3880 366 3930 centes
381 3869 611 3930 constituendam
627 3890 690 3928 esse
710 3871 854 3931 efficacem
876 3874 930 3931 Dei
946 3875 1067 3951 gratiam
1083 3875 1234 3949 actualem,
1248 3885 1476 3952 pramoventcm

268 3972 330 4027 nos,
338 3960 367 4011 et
378 3952 472 4010 Deum
493 3971 547 4009 nos
556 3951 711 4010 efficienter
722 3954 834 4030 proprie
846 3973 962 4012 movere
974 3955 1083 4013 anxilio
1098 3954 1199 4030 gratiae
1214 3973 1282 4012 suae.
1304 3955 1477 4029 Quocirca,”

269 4032 371 4110 inquit,
389 4037 474 4091 “non
489 4041 533 4090 est
547 4053 598 4091 cur
618 4033 704 4091 toties
718 4041 849 4109 repetant
873 4033 1023 4110 physicam
1044 4034 1385 4112 praedeterminationem,
1411 4057 1474 4111 qna.

267 4113 507 4190 nonestphysica,
515 4112 707 4187 iduaturalia,
715 4114 1206 4190 sedsupematuralisetdivina,non
1218 4115 1336 4173 moralis
1346 4118 1473 4192 praecise,

268 4193 319 4251 sed
335 4194 558 4269 supernaturalis
573 4193 699 4252 efficiens
712 4194 824 4270 proprie
834 4213 871 4252 ex
885 4193 1011 4252 efficacia
1025 4194 1131 4253 divinae
1146 4194 1255 4270 gratia,
1266 4215 1331 4271 quae
1342 4205 1471 4254 naturam

267 4272 387 4350 perficit,
402 4293 461 4331 non
481 4273 561 4333 laedit
576 4273 734 4347 arbitrium,
747 4273 797 4332 sed
814 4274 906 4350 ipsum
923 4282 1003 4334 tanto
1017 4275 1135 4334 liberius
1152 4283 1204 4349 est,
1222 4284 1251 4334 et
1268 4275 1390 4334 liberius
1404 4277 1470 4353 agit,

267 4353 483 4429 quantomagis
498 4353 649 4430 subjicitur
663 4354 762 4430 gratiae
778 4354 882 4412 actuali
898 4355 983 4412 Dei.''

268 4471 397 4516 Sententia
421 4471 510 4516 Orrho-
570 4433 612 4490 X.
635 4432 796 4492 Orthodoxi
811 4433 981 4492 Vocationis
995 4435 1150 4493 efficaciam
1172 4455 1225 4494 nec
1240 4435 1422 4512 suspendunt
1435 4437 1469 4494 ab

298 4531 416 4573 doxorurrr
442 4531 510 4584 quin.
531 4511 655 4586 Eventu,
672 4532 724 4570 nec
746 4512 783 4570 ab
808 4513 870 4588 ejus
896 4512 1092 4590 congruitate.
1136 4515 1194 4574 Sed
1216 4517 1468 4591 petuntavirtute

297 4588 510 4689 ffiffuf‘ffiii*
531 4592 739 4668 supernaturali
759 4592 868 4667 gratiae,
884 4599 914 4650 et
934 4593 1033 4653 divina
1054 4616 1087 4654 ac
1109 4595 1248 4653 ineffabili
1263 4595 1319 4654 Dei
1333 4597 1467 4666 motione,

420 4659 435 4702 Ρ
489 4661 510 4689 ‘¹'
531 4690 595 4747 quse
610 4672 650 4729 ita
664 4671 791 4730 suaviter
804 4679 833 4729 et
849 4681 981 4748 potenter
995 4675 1080 4734 simul
1095 4676 1239 4734 hominem
1254 4676 1352 4751 afficit,
1368 4685 1400 4736 ut
1414 4697 1469 4734 uon
