3192 5206
65 1489 67 1500 .
156 1473 206 1505 tm.

142 310 232 357 cassu.
246 291 325 374 vus]
488 314 526 353 cs
542 313 674 354 rnnsosa
690 315 725 354 nr
740 313 829 355 sraru
845 315 970 355 cumsrr.
1268 301 1326 358 285
1425 337 1428 344 ,

137 454 277 528 personae.”
319 453 391 512 Cum
414 473 471 530 quo
485 453 554 514 facit
580 455 688 516 Paulus
714 456 827 515 Ebcrus
852 454 1096 534 Wittebergensis
1117 457 1284 536 Theologus
1297 459 1328 517 in

137 531 176 589 lib.
189 533 221 591 de
234 534 287 592 hoc
302 543 473 610 argumento
488 534 575 594 edito.

168 613 249 671 VIII.
272 614 340 672 Non
353 614 491 691 quaeritur
505 635 613 689 rursus,
629 615 678 673 An
692 616 882 694 proprietates
896 622 1006 673 natura
1020 618 1154 675 hnmanae
1168 620 1327 677 communi·

136 700 194 750 cata
207 694 262 752 sint
275 703 388 753 naturae
407 693 537 753 divinae?
558 695 636 772 quod
657 695 719 754 fieri
740 716 796 753 non
818 715 903 772 posse
924 693 1049 756 fatentur
1064 696 1244 758 Adversarii.
1267 699 1327 758 Nec

135 771 175 828 An
188 793 288 832 omnes
310 773 500 852 proprietates
516 785 625 834 naturae
637 775 743 833 divinae
755 777 813 834 sint
824 775 1041 835 communicata
1051 786 1161 837 naturae
1172 779 1329 839 humanae?

138 851 185 910 Sed
204 863 313 914 tantum
336 854 478 932 quaedam,
501 865 533 914 ut
553 855 800 932 Omniprsesentia,
819 855 1035 933 Omniscientia,
1056 856 1279 936 Omnipotentia,
1300 869 1330 920 et

134 930 178 990 l'is
190 933 381 994 vivificandi?
402 934 486 1008 Quod
500 935 543 993 illi
558 943 698 1009 asserunt,
742 937 802 994 Nos
816 955 965 1014 negamus.

144 1049 337 1098 Commentatio-
424 1014 483 1073 IX.
507 1017 646 1074 Rationes
661 1023 747 1074 sunt:
791 1018 817 1074 1.
841 1015 915 1090 Qriia
938 1016 1074 1074 Essentia
1093 1017 1192 1076 divina
1205 1039 1263 1077 non
1277 1039 1328 1098 po-

153 1123 202 1177 pam
211 1111 359 1157 latomorum
380 1102 438 1155 test
452 1095 658 1154 communicari
672 1105 818 1171 creaturae,
834 1097 903 1174 quia
923 1116 969 1154 res
980 1104 1076 1155 creata
1086 1117 1145 1155 non
1158 1107 1253 1175 potest
1267 1101 1330 1158 fieri

154 1173 358 1274 prestraptpnon
381 1176 516 1250 increata,
532 1176 605 1235 alias
624 1184 700 1234 esset
715 1177 815 1252 Deus;
838 1197 908 1253 ergo
927 1195 980 1234 nec
1001 1178 1190 1254 proprietates
1205 1179 1261 1238 Dei
1282 1200 1327 1238 es-

134 1287 149 1326 1·
166 1241 356 1333 Qidr‘irfflh
381 1255 524 1328 sentiales,
537 1275 602 1333 qua
616 1255 830 1314 identificantur
840 1276 905 1314 curn
917 1256 1041 1316 essentia
1052 1257 1169 1334 divine;
1194 1259 1242 1319 Sic
1251 1261 1329 1318 enirn

67 1331 69 1402 j
153 1343 224 1389 nens
240 1360 290 1390 non
308 1361 357 1404 po-
377 1335 477 1394 eedem
497 1345 601 1394 natura
621 1344 698 1394 esset
718 1337 803 1394 simul
825 1346 920 1395 creata
940 1345 970 1395 et
990 1337 1124 1412 increata,
1140 1339 1281 1398 immensa
1301 1350 1331 1400 et

154 1405 198 1474 aa
221 1408 353 1449 sommum-
377 1415 467 1490 finita,
479 1415 533 1474 &a
549 1415 627 1492 quod
638 1425 682 1474 est
697 1416 958 1476 contradictorium.
1001 1417 1063 1476 Nec
1073 1419 1262 1479 contradictio
1272 1421 1328 1480 sol-

377 1495 464 1572 vitur,
477 1495 599 1554 dicendo
613 1516 665 1573 per
675 1505 768 1554 actum
778 1505 889 1555 namra
899 1497 1053 1555 convenire
1068 1505 1177 1556 naturae
1187 1501 1328 1575 humauae,

62 1609 64 1650 9
128 1579 154 1628 nt
166 1574 200 1632 sit
214 1583 321 1650 creata,
337 1583 366 1635 et
380 1575 469 1650 finita,
486 1577 538 1634 sed
551 1595 602 1653 per
616 1585 708 1634 actum
714 1595 846 1651 persone
860 1595 922 1634 esse
937 1577 1092 1634 increatam
1108 1586 1137 1635 et
1150 1579 1328 1638 immensam.

60 1673 62 1734 j
130 1655 151 1710 l.
171 1653 241 1728 Quia
264 1656 459 1734 personalitas
486 1676 544 1714 non
572 1665 616 1714 est
636 1665 726 1730 actus,
759 1655 811 1714 sed
838 1655 942 1714 modus
966 1655 1030 1730 rci3
1063 1664 1092 1713 et
1111 1657 1136 1714 si
1155 1657 1329 1717 humanitati

129 1731 223 1794 Christi
238 1747 323 1795 actus
337 1755 467 1814 personae
481 1736 626 1812 convenit,
641 1737 741 1812 utique
754 1754 878 1813 persona
891 1735 954 1792 erit.
997 1735 1058 1792 Nec
1078 1734 1213 1795 desinunt
1224 1757 1327 1815 propo·

128 1811 235 1874 sitiones
260 1817 327 1874 istae
352 1835 429 1874 verae
446 1835 518 1892 esse,
543 1817 663 1875 Verbum
679 1817 757 1876 Caro
774 1817 887 1891 sactum
906 1824 953 1889 est,
972 1823 999 1872 et
1017 1816 1112 1873 Homo
1127 1826 1167 1874 est
1183 1819 1281 1894 Deus3
1305 1819 1329 1876 si

128 1891 252 1955 Essentia
273 1895 378 1954 diviua
396 1915 427 1954 se
447 1916 505 1954 non
522 1897 714 1955 communicat
728 1905 837 1954 naturae
851 1896 993 1969 humanae,
1010 1895 1078 1971 quia
1091 1896 1200 1954 veritas
1214 1897 1329 1957 illarum

126 1991 176 2030 non
195 1977 300 2036 nititur
324 1976 582 2034 communicatione
603 1976 810 2054 proprietatum
831 1975 861 2032 in
882 1975 1046 2050 abstracto;
1074 1976 1132 2035 Sed
1146 1977 1251 2036 unione
1266 1998 1329 2055 per-

127 2055 209 2113 souali
222 2056 349 2116 duarum
363 2066 528 2116 naturarum
540 2055 570 2113 in
580 2065 722 2115 concreto.
745 2057 802 2114 Per
815 2056 1060 2133 regenerationem
1076 2056 1161 2115 fimus
1175 2058 1329 2136 participes

126 2143 224 2196 mturae
235 2136 356 2212 diuinae,
379 2145 397 2194 2
420 2137 483 2195 Pet.
498 2135 517 2194 i.
533 2140 561 2212 4,
578 2156 636 2194 non
649 2137 815 2212 formaliter,
832 2136 884 2196 sed
894 2136 1042 2213 analogice
1054 2137 1164 2196 ratione
1175 2138 1327 2198 donorum.

127 2251 363 2314 tQunProprists-
426 2217 468 2275 X.
493 2217 635 2291 Secundo,
651 2217 726 2291 Quia
744 2216 824 2294 quod
843 2217 989 2295 proprium
1011 2226 1055 2276 est
1075 2218 1134 2294 uni,
1156 2239 1215 2277 non
1235 2227 1331 2296 potest

151 2315 242 2360 arnas
254 2327 365 2358 commu·
385 2297 468 2355 elteri
487 2297 699 2372 communicari,
715 2297 786 2356 alias
800 2297 946 2375 proprium
962 2317 1024 2356 esse
1038 2297 1190 2375 desineret,
1206 2309 1235 2359 et
1249 2299 1332 2360 fieret

152 2371 271 2419 niemtur.
384 2396 535 2436 commune
546 2376 597 2452 illi,
614 2377 660 2435 cui
672 2379 907 2436 communicatur.
950 2379 1071 2437 Frustra
1082 2381 1223 2457 regeritur
1235 2382 1252 2413 “
1264 2380 1331 2439 Non

125 2473 201 2532 posse
212 2459 333 2536 quidem
345 2456 549 2517 communicari
557 2459 628 2516 κατι)
637 2459 726 2533 pitseo
738 2458 786 2516 sed
796 2461 864 2516 susal
872 2455 999 2517 rodim
1007 2479 1058 2536 per
1068 2459 1217 2538 utriusque
1228 2461 1330 2520 union-

126 2555 173 2612 em,
188 2548 219 2599 nt
232 2541 333 2597 locum
348 2538 452 2596 habeat
466 2538 495 2595 in
511 2538 647 2614 subjectis
662 2535 898 2615 waldonephaqst
921 2539 995 2613 Quia
1010 2536 1136 2605 mihim
1150 2540 1200 2598 illa
1214 2561 1272 2598 non
1287 2548 1331 2599 est

127 2615 152 2674 in
176 2619 288 2679 naturis
316 2617 406 2676 unitis
433 2617 463 2674 in
490 2617 654 2693 abstracto;
679 2619 737 2678 Sed
756 2619 786 2676 in
801 2621 936 2693 Persona,
966 2638 1017 2677 seu
1049 2621 1123 2678 Toto
1152 2639 1189 2677 ex
1219 2621 1330 2678 naturis

80 2707 84 2712 ’
126 2699 205 2758 unitis
220 2707 375 2758 constante
390 2698 419 2755 in
434 2707 576 2757 concreto.
629 2703 657 2756 2.
674 2702 691 2732 “
704 2699 898 2774 Proprietates
912 2699 1116 2757 communicari
1135 2717 1228 2774 posse,
1244 2707 1273 2757 et
1287 2707 1330 2756 ta·

125 2795 184 2837 men
209 2798 331 2838 manere
358 2779 555 2855 proprietates,
585 2797 650 2836 cum
671 2779 725 2837 soli
754 2779 817 2837 Deo
842 2778 1015 2835 conueniant
1035 2797 1086 2852 per
1107 2785 1247 2851 naturam,
1276 2779 1331 2836 hn-

125 2875 208 2920 manae
227 2879 298 2918 vero
312 2867 422 2917 naturae
433 2877 484 2935 per
494 2857 647 2934 gratiam.”
690 2857 764 2933 Quia
775 2857 853 2933 quod
864 2875 1013 2914 commune
1025 2855 1057 2913 fit
1068 2856 1159 2929 alteri,
1172 2855 1331 2932 quomodo-

125 2957 234 3018 cunque
249 2939 484 3012 communicetur,
500 2957 559 2996 non
571 2945 668 3014 potest
681 2937 805 3014 amplius
819 2955 882 2993 esse
896 2935 1051 3011 proprium.
1095 2935 1156 2992 Nec
1173 2935 1327 2995 diversitas

124 3028 230 3080 uatrrrae
249 3021 384 3079 humauae
400 3018 506 3076 Christi
520 3018 557 3076 ab
572 3016 636 3074 aliis
649 3017 736 3074 rebus
751 3014 855 3074 creatis
870 3014 965 3071 favere
980 3021 1076 3089 potest
1089 3013 1157 3072 huic
1171 3017 1329 3073 communi·

125 3101 236 3176 cationi,
252 3119 318 3176 quae
328 3099 425 3158 locum
444 3099 473 3155 in
496 3097 531 3155 iis
548 3095 654 3154 habere
668 3115 726 3153 non
743 3101 847 3172 potest,
863 3093 932 3169 quia
946 3093 975 3148 in
990 3093 1162 3151 excellentia
1178 3093 1328 3170 donorum,

125 3178 266 3258 dignitate
284 3179 421 3253 muneris,
444 3185 474 3236 et
494 3175 690 3252 assumptione
709 3174 739 3232 in
761 3175 919 3233 Personam
938 3171 1094 3253 ffiastgdxoo
1116 3173 1256 3250 consistit,
1272 3194 1331 3234 non

127 3257 153 3316 in
167 3260 430 3320 communicatione
444 3257 659 3334 proprietatum.

126 3381 137 3420 ,
168 3379 235 3431 Quis
253 3383 297 3424 aut
316 3393 365 3422 om·
426 3337 486 3396 XI.
502 3336 608 3412 Tertio,
625 3336 751 3413 quiaaut
766 3353 865 3392 omnes
879 3333 1067 3411 proprietates
1091 3334 1208 3394 Naturae
1223 3335 1330 3396 divinae

138 3409 194 3484 'nes
206 3439 366 3483 debentem.
388 3426 455 3476 sunt
469 3417 694 3492 communicate,
711 3425 761 3474 aut
782 3415 878 3490 nulla,
894 3415 963 3491 quia
986 3423 1052 3474 sunt
1071 3416 1286 3493 inseparabiles,
1302 3426 1332 3478 et

150 3497 278 3552 manicati,
310 3501 355 3540 ⁸¹¹2
382 3498 499 3557 realiter
519 3517 617 3556 unum.
641 3498 748 3555 Eorum
763 3515 833 3554 vero
848 3515 912 3571 quas
927 3504 994 3554 sunt
1008 3496 1124 3554 realiter
1139 3517 1236 3574 unum,
1252 3519 1330 3558 corn·

150 3557 234 3601 ''¹¹¹¹‘'
385 3578 531 3636 municato
551 3597 617 3652 uno,
639 3577 802 3635 necessario
823 3576 1052 3638 communicatur
1071 3578 1202 3636 alterum.
1245 3577 1332 3638 Adde

123 3661 200 3736 quod
215 3661 239 3718 si
253 3667 370 3738 propter
386 3658 529 3717 Unionem
551 3657 763 3734 hypostaticam
782 3656 998 3715 communicatae
1018 3665 1086 3716 sunt
1100 3658 1186 3716 Carni
1200 3659 1332 3736 quaedam

123 3742 321 3818 proprietates,
334 3759 399 3798 cum
413 3749 492 3810 Atyn
514 3757 544 3796 se
567 3747 659 3796 totum
683 3736 810 3795 univerit
830 3736 916 3810 carni,
939 3736 1101 3796 debuerunt
1122 3739 1209 3796 etiam
1233 3757 1333 3796 omnes

123 3821 207 3893 Λόγου
227 3822 416 3898 proprietates
438 3817 651 3892 communicari,
672 3817 726 3874 nisi
748 3817 828 3888 Λέγω
854 3816 983 3875 dividere
1006 3817 1138 3875 velimus.
1181 3817 1242 3874 Nec
1270 3817 1333 3874 dari

123 3910 222 3978 potest
256 3901 339 3973 ratic,
369 3919 420 3957 cur
452 3896 584 3975 quaedam
609 3898 826 3955 communicatae
852 3897 918 3970 sint,
941 3896 1074 3974 quaedam
1096 3915 1177 3970 n0u;
1210 3896 1285 3952 Nam
1306 3895 1332 3954 si

124 3981 222 4040 dicant
253 3979 387 4039 humana
421 3988 531 4036 naturae
558 3996 728 4054 repugnare,
757 3985 790 4036 ut
818 3977 855 4035 sit
883 3984 997 4050 aeterna,
1027 3975 1128 4051 quidni
1158 3975 1333 4051 repugnabit

124 4064 211 4122 etiam
232 4079 296 4118 esse
318 4059 589 4136 omnipraesentem;
619 4059 662 4114 At
683 4076 720 4115 ex
740 4057 896 4134 hypothesi
916 4055 1144 4114 Luthcranorum
1159 4072 1217 4111 non
1232 4073 1332 4113 omnes

126 4150 194 4201 sunt
208 4140 437 4201 communicatae.
480 4137 560 4214 Ergo
573 4137 671 4195 nullae.
713 4135 775 4194 Nec
797 4135 994 4214 reponendum
1008 4133 1163 4192 discrimen
1178 4151 1242 4191 esse
1257 4134 1333 4192 inter

123 4222 315 4300 proprietates
331 4220 400 4295 Dei,
426 4218 554 4294 aliasque
577 4235 640 4275 esse
654 4215 803 4296 inmunde
822 4237 886 4293 quae
900 4212 1094 4292 peculiaribus
1118 4213 1332 4289 operationibus

124 4303 163 4360 ad
176 4311 260 4361 extra
269 4321 300 4360 se
309 4299 465 4378 proferunt,
481 4306 511 4357 et
525 4317 646 4374 quanam
667 4297 889 4355 communicatio
905 4293 1067 4352 necessaria
1080 4292 1134 4351 fuir
1148 4292 1185 4350 ad
1200 4291 1332 4351 Officium

125 4382 340 4457 Mediatorium,
356 4379 428 4438 alias
448 4381 605 4460 ἇνιςγητιιὶς
634 4395 706 4454 quas
720 4376 924 4435 communicari
938 4393 996 4432 non
1010 4373 1064 4431 fuit
1079 4391 1159 4449 opus.
1202 4371 1276 4445 Quia
1289 4380 1332 4430 ta·

125 4462 162 4520 lis
176 4461 339 4521 differentia
352 4469 464 4519 tantum
476 4459 587 4517 obtinet
597 4465 730 4534 respectu
744 4455 918 4530 effectorum,
934 4462 963 4512 et
976 4453 1076 4528 nostri,
1092 4472 1150 4510 non
1164 4471 1233 4509 vero
1247 4451 1276 4508 in
1292 4471 1332 4527 se,

126 4549 155 4600 et
166 4542 329 4616 intrinsece,
345 4539 395 4598 ubi
416 4539 496 4597 nulla
509 4538 576 4597 talis
590 4537 752 4596 differentia
765 4536 827 4595 dari
841 4543 936 4614 potest
950 4542 1067 4612 propter
1081 4551 1220 4592 summam
1235 4551 1331 4591 essen-

126 4621 174 4681 tia
189 4620 402 4699 simplicitatem
417 4641 425 4694 3
448 4639 500 4676 nec
515 4616 634 4694 proinde
653 4616 807 4675 diversitas
821 4617 850 4674 in
865 4613 1132 4675 communicatione.
1175 4612 1235 4670 Nec
1247 4613 1333 4690 juvat
