3152 5198
149 389 264 442 auser.
281 359 317 452 a]
588 383 626 426 as
642 381 915 426 ssacrrsrrrrross.
1298 365 1354 424 stt

150 529 347 592 renovationis
362 529 489 588 internae.
532 529 559 586 3.
582 526 706 585 Ratione
726 527 840 600 sabjecti
852 517 1024 662 recipientis.
1067 519 1117 582 Ad
1131 518 1209 582 illam
1225 518 1310 581 homo
1325 541 1356 582 se

148 611 237 670 habet
261 631 298 668 ex
323 616 403 686 parte
429 608 483 665 Dei
504 605 682 664 absolventis
703 603 854 678 objective,
879 603 906 662 A
950 605 1034 662 istam
1049 624 1118 662 vero
1138 624 1175 661 ex
1197 613 1277 680 parte
1300 603 1355 662 Dei

145 689 317 749 renovantis
332 687 501 764 subjective.
529 688 557 742 4.
574 684 697 743 Ratione
709 687 862 760 producar.
890 683 1068 742 Justificatio
1082 681 1112 740 in
1126 682 1181 740 hac
1195 681 1256 740 vita
1270 681 1355 758 plena

146 769 243 844 datur,
266 766 334 844 quia
347 766 432 843 plane
446 763 663 824 reconciliamur
678 764 750 837 Deo,
765 762 807 821 ita
826 771 859 821 ut
876 762 1027 838 justificati
1051 761 1108 820 fide
1130 781 1230 838 pacem
1250 759 1354 820 habea·

147 865 213 906 mus
228 845 306 923 apud
321 845 425 918 Deum,
440 863 493 902 nec
516 843 576 902 ulla
598 843 635 901 sit
648 841 783 906 fidelibus
797 841 1006 916 condemnetis,
1031 839 1089 899 Sed
1109 839 1297 899 sanctificatio
1311 841 1353 898 in-

148 927 268 985 choatur
283 923 399 1002 quidem
413 923 444 980 in
457 923 512 980 hac
526 922 594 996 vita,
611 920 662 980 sed
676 940 734 979 noa
748 920 894 997 perficitur
902 920 958 978 nisi
968 917 998 976 in
1011 920 1109 978 altera.
1152 919 1208 976 Illa
1222 918 1255 976 fit
1269 920 1355 978 simul

147 1015 177 1064 et
192 1003 288 1078 semel,
311 1001 384 1060 Haec
410 1019 477 1060 vero
503 999 645 1078 gradatim
670 1008 699 1058 et
723 999 894 1058 successive.
937 1001 965 1058 5.
992 998 1115 1057 Ratione
1137 996 1254 1056 ordinis.
1298 999 1355 1057 Illa

158 1084 225 1142 trior
249 1091 294 1141 est
317 1081 417 1140 ordine
439 1081 541 1139 saltem
557 1088 677 1153 natura,
698 1079 845 1155 quianon
869 1077 1030 1136 sanctificat
1049 1078 1129 1138 Deus
1149 1077 1206 1135 nisi
1228 1079 1355 1138 reconci-

146 1103 233 1221 liatos
247 1169 276 1220 et
286 1160 460 1238 justificatos
474 1179 525 1236 per
538 1158 643 1233 tidem;
668 1158 729 1216 Ista
743 1173 812 1216 vero
826 1155 964 1232 sequitur.

187 1241 248 1300 XI.
271 1239 409 1314 Quamvis
425 1237 533 1298 Paulus
547 1238 578 1295 in
592 1245 693 1295 eatena
707 1236 809 1294 salutis
826 1235 1000 1294 mentionem
1015 1253 1073 1294 non
1087 1233 1174 1294 faciat
1187 1254 1353 1313 expressam

147 1318 398 1392 sanctificationis;
421 1317 488 1376 Non
501 1317 630 1393 sequitur
644 1335 706 1373 eam
726 1314 865 1373 contineri
880 1315 934 1372 sub
949 1334 1019 1372 voce
1029 1313 1255 1389 justificationis,
1270 1317 1353 1393 quasi

147 1417 212 1458 cum
227 1418 261 1457 ea
273 1395 483 1470 identificetur;
505 1397 573 1472 quia
585 1395 673 1471 longe
688 1394 790 1470 aptius,
806 1393 854 1452 vel
868 1393 922 1451 sub
934 1393 1094 1451 Vocatione
1107 1393 1273 1468 includitur,
1288 1415 1353 1472 quae

148 1487 193 1537 est
207 1475 441 1536 sanctificationis
455 1473 577 1548 initium,
597 1473 646 1531 vel
666 1473 744 1550 quod
761 1473 857 1531 verius
886 1491 1044 1547 censemus,
1065 1471 1119 1531 sub
1134 1472 1351 1551 glorificatione,

147 1576 213 1634 qua
234 1565 278 1614 est
299 1549 363 1629 ejus
384 1553 592 1612 consummatio
613 1561 642 1611 et
663 1551 911 1628 complementum,
932 1560 965 1609 ut
986 1550 1173 1610 sanctificatio
1194 1560 1238 1610 est
1252 1552 1352 1628 gloriae

147 1635 337 1715 principium3
361 1632 447 1693 Unde
468 1651 527 1690 non
547 1652 611 1692 raro
633 1629 686 1689 snb
707 1650 779 1689 voca
800 1629 900 1708 gloriae
921 1629 1097 1707 designatur,
1114 1631 1198 1688 Rom.
1214 1629 1254 1688 iii.
1269 1634 1351 1708 23,2

149 1717 214 1774 Cor.
230 1714 270 1771 iii.
287 1714 334 1770 18.

189 1792 266 1850 XII.
290 1791 372 1850 Licet
394 1805 445 1867 per
469 1785 722 1849 sanctificationem
743 1787 817 1863 justi
841 1788 944 1846 fiamus
966 1787 1169 1865 habitualiter;
1190 1810 1249 1849 non
1267 1789 1352 1850 fimus

149 1881 245 1932 tamen
255 1870 329 1948 justi
343 1869 522 1946 imputative,
537 1869 585 1928 vel
600 1869 695 1947 potius
704 1863 877 1944 justificati;
893 1888 945 1927 nec
959 1868 1032 1927 ratio
1047 1868 1135 1946 etymi
1150 1869 1205 1928 hoe
1219 1870 1351 1930 evincere

148 1959 251 2030 potest,
267 1960 300 2009 ut
313 1957 398 2007 antea
412 1947 516 2007 visum.

188 2029 282 2088 XIII.
307 2028 338 2086 Si
354 2025 548 2086 Sanctificatio
562 2047 616 2087 nos
629 2036 734 2106 purgat
755 2028 791 2087 ab
812 2026 890 2086 omni
903 2037 1040 2107 peccato,
1062 2029 1118 2088 hoc
1131 2027 1352 2107 intelligendum

149 2117 262 2170 tantum
286 2105 383 2186 quoad
405 2108 548 2166 maculem
572 2107 758 2166 inhaerentem
783 2107 814 2165 in
836 2108 929 2182 nobis,
944 2128 1003 2166 non
1027 2129 1097 2167 vero
1120 2108 1216 2184 quoad
1240 2117 1351 2168 reatum

150 2189 343 2248 adhaerentem
358 2205 454 2244 coram
470 2187 541 2260 Deo,
557 2194 587 2244 et
599 2205 653 2244 nos
666 2186 808 2245 obnoxios
822 2186 989 2246 reddentem
1003 2185 1066 2260 ejus
1076 2187 1197 2264 judicio.

189 2263 280 2326 XIV.
302 2265 440 2340 Quamvis
466 2265 660 2324 Sanctificatio
683 2265 720 2323 ab
744 2264 844 2324 eadem
867 2285 954 2326 causa
976 2266 1100 2344 pendeat
1121 2286 1186 2326 cum
1201 2267 1350 2327 iustifica-

150 2346 236 2420 tione,
260 2345 396 2403 nimirum
416 2364 434 2402 a
458 2345 598 2422 sanguine
620 2353 650 2402 et
674 2353 765 2403 morte
787 2345 903 2420 Christi,
918 2365 976 2404 non
990 2356 1141 2423 propterea
1154 2347 1232 2406 idem
1246 2345 1353 2408 debent

150 2443 230 2500 esse;
253 2423 327 2498 Quia
341 2442 398 2481 non
418 2423 518 2482 eodem
539 2423 625 2482 modo
647 2423 726 2482 illam
749 2423 890 2501 producit.
933 2425 1008 2483 Nam
1021 2425 1207 2486 materialiter
1220 2445 1251 2486 se
1265 2427 1353 2487 habet

151 2505 189 2562 ad
199 2501 443 2581 justificationem,
460 2511 602 2579 quatenus
623 2511 667 2561 est
687 2503 807 2562 materia
820 2511 850 2562 st
863 2502 1082 2563 fundamentum
1095 2512 1201 2564 nostra
1211 2505 1352 2581 justifica·

150 2582 247 2657 tionis,
263 2580 342 2659 quod
354 2581 518 2641 immediate
542 2582 623 2640 illam
644 2590 711 2659 post
729 2601 760 2641 se
780 2582 885 2659 trahit3
908 2583 959 2642 sed
973 2592 1105 2661 respectu
1119 2585 1353 2643 sanctificationis

150 2671 262 2722 tantum
276 2659 431 2720 efficienter
454 2669 484 2719 et
504 2661 638 2737 mediate,
660 2670 801 2738 quatenus
820 2670 865 2720 est
885 2682 972 2721 causa
985 2662 1140 2739 impulsiva
1153 2671 1281 2739 externa,
1296 2684 1355 2740 qua

151 2743 231 2800 Deus
244 2747 378 2800 movetur
401 2738 438 2798 ad
462 2740 546 2798 nobis
565 2740 691 2799 dandum
718 2740 856 2818 Spiritum
883 2741 1019 2800 Sanctum
1042 2741 1276 2801 sanctificationis
1290 2743 1352 2802 Au-

150 2821 271 2880 thorem.
314 2819 361 2878 lta
383 2819 413 2877 in
436 2819 586 2896 Baptismo
610 2828 763 2897 utrumque
789 2819 960 2879 beneficium
984 2819 1068 2878 nobis
1095 2820 1272 2897 obsignatur,
1302 2823 1354 2882 sed

149 2898 373 2975 unumquodque
393 2899 481 2974 juxta
504 2918 585 2957 suam
609 2906 697 2968 ιχίηι.
740 2898 891 2958 Induimus
914 2898 956 2957 ibi
977 2898 1131 2975 Christum,
1154 2900 1220 2959 Gal.
1242 2901 1282 2960 iii.
1305 2905 1353 2980 27,

149 2987 287 3053 tanquam
307 2977 460 3052 justitiam,
486 2977 516 3036 et
542 2976 806 3054 sanctificationem,
836 2977 986 3038 Justitiam
1014 2998 1078 3055 quae
1105 2986 1215 3039 reatum
1243 2982 1357 3058 peccati

151 3056 236 3130 tollit,
262 3063 292 3114 et
314 3055 473 3115 foeditatem
496 3055 617 3115 maculae
642 3056 723 3134 tegit,
751 3056 1012 3116 Sanctifieationem
1033 3077 1110 3132 vero,
1133 3076 1197 3134 quae
1210 3059 1354 3120 maculam

150 3136 243 3213 ipsam
257 3133 349 3193 indies
363 3135 456 3194 aufert
469 3143 499 3196 et
512 3135 612 3195 abluit.
659 3135 783 3214 Sanguis
805 3135 920 3212 Christi,
936 3135 1020 3214 cnjus
1034 3156 1109 3213 aqua
1122 3145 1166 3196 est
1180 3137 1353 3215 symbolum,

152 3214 298 3292 duplicem
312 3213 371 3270 vim
384 3214 481 3290 habet,
496 3214 641 3292 purgandi
654 3223 765 3274 reatum
779 3235 875 3274 coram
897 3215 969 3290 Deo,
985 3222 1126 3293 quatenus
1140 3225 1184 3276 est
1199 3227 1287 3293 ausger,
1303 3238 1355 3278 seu

150 3293 275 3371 pretium
289 3292 502 3370 redemptionis,
528 3303 557 3352 et
580 3294 724 3372 purgandi
741 3295 884 3353 macedam
898 3293 928 3352 in
942 3294 1034 3371 nobis,
1050 3303 1190 3372 quatenus
1205 3304 1249 3356 est
1263 3309 1356 3372 auser·

151 3393 203 3432 seu
217 3371 364 3430 lavacrum
379 3373 613 3432 sanctificationis
626 3393 677 3451 per
691 3371 838 3451 Spiritum.

151 3489 317 3538 Sanetrfleauo
342 3503 391 3534 non
454 3451 525 3510 XV.
548 3451 687 3526 Quamvis
709 3472 777 3512 vero
799 3451 1004 3530 distinguenda
1024 3473 1199 3533 censeamus,
1229 3465 1259 3518 et
1283 3479 1354 3518 nun·

178 3549 392 3652 tritarum
406 3531 1358 3676 uurdrrttttrrtl⁶¹¹⁶t³ttttrrtr³rr*

364 3637 369 3648 '
647 3654 654 3680 ι
1213 3639 1249 3676 Ve
1274 3638 1309 3677 en
1330 3639 1357 3677 a·

152 3691 236 3766 Quod
249 3689 298 3750 vel
313 3709 350 3749 ex
364 3709 399 3748 eo
412 3688 573 3747 luculenter
593 3697 714 3764 constat,
736 3689 815 3766 quod
835 3632 911 3769 sie’pe
931 3712 990 3751 una
1003 3635 1160 3772 eqademque
1174 3717 1246 3756 voce
1261 3698 1355 3772 expri-

150 3778 276 3845 muntur,
291 3778 324 3829 ut
337 3789 426 3846 quum
440 3769 598 3827 mundandi
609 3777 638 3828 et
646 3769 797 3845 perpendi
808 3789 842 3828 ac
856 3773 971 3830 rothadi
982 3773 1079 3832 verbis
1087 3774 1283 3850 designantur,
1299 3793 1358 3833 non

152 3848 238 3904 modo
247 3849 277 3905 in
288 3847 496 3923 diversislocis,
504 3847 648 3906 sedetiam
656 3849 687 3906 in
697 3847 798 3907 eodem
808 3859 955 3925 contextu,
964 3859 997 3909 ut
1008 3852 1029 3911 J
1031 3853 1077 3911 oh.
1084 3852 1103 3908 i.
1111 3854 1159 3926 29,
1166 3871 1253 3927 quum
1260 3854 1358 3928 Agaue

153 3927 211 3983 Dei
233 3925 339 3984 dicitur
362 3929 458 3984 tollere
477 3937 623 4002 peccatam
637 3927 742 4002 ruendi,
764 3928 803 3986 id.
825 3937 886 3988 tum
907 3929 1061 3988 auferendo
1075 3938 1185 3988 reatum
1200 3939 1229 3989 et
1241 3951 1356 4008 paenam

154 4003 255 4061 merito
271 4003 428 4081 sanguinis,
444 4013 505 4062 tum
520 4003 674 4064 auferendo
693 4007 835 4066 maculam
856 4017 885 4066 et
906 4007 1005 4066 sordes
1025 4007 1152 4067 efficacia
1172 4008 1306 4086 Spiritus,
1328 4020 1358 4071 et

154 4081 247 4159 Apoc.
263 4081 282 4140 i.
298 4085 325 4156 5,
335 4080 441 4140 dicitur
456 4082 587 4143 Christus
601 4105 654 4144 nos
665 4087 763 4145 breare
772 4089 927 4162 apecratis,
936 4094 997 4145 tum
1005 4085 1356 4167 quoadjustifieationem,

153 4169 215 4220 tum
229 4160 325 4236 quoad
339 4159 601 4238 sanctificationem,
617 4184 675 4241 quo
689 4185 776 4225 sensu
789 4174 873 4225 vestes
887 4166 1019 4244 fidelium
1032 4165 1168 4225 dicuntur
1180 4167 1210 4226 in
1222 4171 1358 4246 sanguine

156 4239 263 4299 Christi
275 4241 420 4314 dealbate,
436 4239 530 4317 Apoc.
545 4243 595 4300 vii.
611 4246 658 4318 14,
674 4245 742 4321 quia
763 4243 871 4306 effusus
885 4246 915 4303 in
931 4247 1021 4305 Cruce
1035 4246 1146 4323 peperit
1160 4248 1358 4308 remissionem

154 4326 346 4395 peccatorum,
370 4339 435 4395 quse
457 4319 595 4381 effusione
620 4323 770 4400 sanguinis
793 4324 984 4402 peragebatur
1008 4325 1062 4384 sub
1087 4323 1176 4402 Lege,
1201 4335 1263 4386 tum
1290 4328 1358 4406 quia

154 4416 288 4474 aspersus
302 4397 381 4457 cordi
396 4398 600 4460 conscientiam
614 4409 719 4478 purgat
733 4403 771 4460 ab
785 4404 920 4480 operibus
933 4405 1054 4465 mortuis
1067 4405 1186 4482 peccati.

153 4513 253 4562 vem„
273 4517 402 4562 connexio·
457 4475 546 4537 XVI.
569 4479 658 4539 Istius
682 4490 778 4540 autem
801 4483 988 4544 connexionis
1015 4485 1171 4544 necessitas
1199 4494 1228 4544 ct
1252 4487 1360 4548 veritas

184 4575 222 4618 nn
232 4575 305 4620 auus
320 4575 403 4631 prou:
417 4557 570 4634 colligitur,
587 4569 648 4619 tum
662 4580 680 4618 a
693 4570 774 4636 parte
794 4561 849 4620 Dei
866 4561 1062 4640 justificantis,
1078 4573 1139 4624 tum
1154 4563 1261 4626 Christi
1284 4568 1358 4628 redi-

183 4630 204 4677 1·
221 4633 393 4690 aputeum
423 4635 535 4713 mentis,
561 4647 623 4698 tum
657 4639 781 4716 Spiritus
815 4643 1019 4719 regenerantis,
1049 4653 1109 4703 tum
1138 4643 1158 4703 J
1162 4645 1361 4708 ustificationis
