3150 5206
107 411 219 461 urmsr.
235 390 293 472 rx.]
559 411 598 450 ns
612 409 738 449 amusan
752 407 880 448 oasrrrr.
1256 400 1313 455 217

114 552 246 630 sequitur
257 552 359 610 Patres
370 550 408 609 ad
418 570 482 610 sam
492 550 587 610 adhuc
595 550 637 609 ita
650 549 795 627 obligatos
809 548 906 624 fuisse,
918 557 951 608 ut
961 551 1086 627 potuerit
1100 551 1137 610 ab
1148 551 1219 629 ipsis
1230 556 1319 632 exigi.

115 633 191 708 Quia
211 631 318 690 solutio
339 631 435 689 &uda
454 629 509 690 fuit
529 639 673 690 tantuma
689 630 841 707 Sponsore,
857 648 946 706 aquo
967 629 1029 689 solo
1049 631 1206 708 repetenda
1222 641 1252 694 at
1268 655 1319 694 ex-

114 711 259 790 pectanda
271 709 335 785 snit,
346 712 434 787 juxta
448 710 594 769 decretum
609 717 746 769 aeternum
760 716 790 768 et
803 708 897 768 foedus
912 709 978 767 Dei.
1000 709 1139 783 Quamvis
1150 731 1219 771 vero
1233 733 1318 792 prop-

113 801 159 852 ter
171 791 318 865 unionem,
341 810 406 867 qua
426 790 510 850 nobis
530 789 682 848 intercedit
703 809 768 848 cum
783 789 906 865 Christo,
927 788 996 847 dum
1011 790 1142 850 Christus
1162 811 1215 869 pro
1235 795 1320 856 nobis

115 870 266 945 satisfecit,
280 869 451 928 tantundem
464 877 509 929 est
523 889 556 928 ac
571 869 596 928 si
609 876 723 928 nosmet
740 888 792 946 per
803 867 1160 946 ipsumsatisfecissemus,
1176 876 1194 930 2
1210 874 1275 934 Cor.
1291 895 1320 936 v.

117 953 164 1026 15,
180 951 229 1026 21,
245 950 341 1008 minus
360 957 491 1008 securata
510 957 607 1009 tamen
625 948 727 1008 fideles
740 949 857 1009 Veteris
871 949 1049 1008 Testamenti
1068 949 1232 1012 dicerentur
1246 955 1318 1014 obli·

114 1031 178 1108 gati
191 1029 281 1089 fuisse
296 1028 334 1088 ad
352 1029 523 1089 solutionem
537 1049 589 1106 per
603 1029 793 1088 Mediatorern
807 1028 1018 1105 praestandam
1040 1029 1093 1089 sed
1106 1031 1238 1092 Christus
1252 1054 1319 1095 con·

114 1121 169 1184 tra,
191 1117 225 1170 ut
246 1109 283 1168 ab
303 1117 410 1168 aterno
431 1109 605 1169 constitutus
624 1116 808 1186 peecatorum
825 1107 960 1185 Sponsor,
983 1108 1129 1186 obligatus
1143 1111 1206 1188 fuit,
1222 1121 1254 1172 ut
1267 1135 1320 1192 pro

115 1188 189 1268 ipsis
204 1209 242 1247 ex
255 1189 286 1246 vi
303 1189 472 1266 sponsionis
492 1208 552 1248 suae
573 1187 759 1248 satisfaceret.
802 1187 878 1246 Sane
892 1188 970 1264 quod
984 1188 1049 1266 quis
1069 1209 1122 1267 per
1141 1191 1229 1250 alium
1244 1193 1321 1270 lacit,

116 1268 311 1348 perseipsum
325 1268 427 1330 fecisse
441 1267 586 1346 putandus
600 1275 653 1342 est,
675 1267 701 1326 si
715 1266 827 1326 scilicet
840 1287 913 1342 eum,
936 1287 987 1344 per
1000 1288 1086 1345 quem
1101 1269 1206 1329 dicitur
1226 1293 1321 1351 agere,

117 1348 184 1408 loco
199 1367 251 1407 suo
265 1348 422 1424 substituit,
438 1347 524 1407 atilli
538 1347 740 1407 authoritatem
755 1354 785 1406 et
794 1347 872 1406 vires
885 1347 996 1424 aliquid
1008 1368 1060 1426 per
1070 1356 1100 1408 s'e
1115 1351 1221 1426 agendi
1232 1353 1321 1413 dedit.

122 1426 182 1488 Sed
204 1427 252 1486 hic
274 1447 321 1486 res
342 1428 427 1505 plane
449 1427 533 1486 aliter
554 1445 585 1486 se
607 1427 704 1487 habet.
746 1427 822 1486 Nam
841 1445 895 1486 nec
910 1427 1055 1488 Christum
1077 1427 1242 1490 suffecimus
1258 1433 1324 1493 loco

118 1515 227 1582 nostro,
242 1508 301 1565 imo
315 1527 369 1566 nec
382 1507 419 1566 de
432 1527 467 1566 eo
481 1506 673 1584 cogitavimus
687 1506 813 1584 quidem,
832 1505 883 1566 sed
896 1507 981 1566 nobis
995 1509 1086 1584 gratis
1099 1509 1185 1568 datus
1199 1519 1252 1588 est,
1267 1533 1322 1573 nec

118 1588 210 1647 ullam
227 1595 399 1664 potestatem
419 1588 547 1646 sutrim
566 1585 691 1646 faciendi
710 1606 774 1663 quae
798 1605 850 1663 pro
869 1586 953 1645 nobis
967 1588 1109 1664 prestitit,
1128 1588 1172 1647 illi
1186 1589 1255 1650 dare
1269 1612 1321 1668 po-

118 1666 237 1726 tuimus.

161 1746 234 1804 XV.
258 1746 300 1806 Ut
320 1746 435 1805 Christo
454 1746 599 1827 θιιιδςόπρ
614 1764 672 1804 non
694 1752 738 1804 ast
758 1744 895 1822 injurium
910 1743 968 1802 dici
982 1753 1131 1820 peccatam
1147 1756 1174 1805 et
1191 1751 1322 1810 moladab-

121 1826 223 1884 tionem
238 1825 268 1883 in
282 1833 429 1903 tempora;
452 1827 493 1884 sic
514 1846 572 1885 aon
593 1832 736 1903 repugnat
749 1825 787 1881 ab
800 1832 907 1882 aterno
928 1823 966 1881 ad
978 1824 1119 1884 actualem
1141 1826 1220 1886 illius
1236 1830 1325 1890 male·

120 1905 257 1964 dictionis
276 1904 490 1983 perpessionem
504 1906 535 1963 in
548 1913 651 1964 natura
670 1903 844 1962 assumenda
857 1902 989 1979 obligari,
1007 1904 1085 1979 quod
1099 1913 1144 1964 est
1156 1915 1267 1966 reatum
1282 1910 1312 1967 vi

122 1985 233 2044 camum
252 1985 409 2044 electorum
428 1985 458 2042 in
478 2003 509 2044 aa
529 1985 683 2061 suscipere.
736 1983 843 2042 Sinon
862 1981 997 2042 dedecuit
1016 1984 1162 2044 Christum
1182 1986 1325 2048 Mediato-

121 2083 184 2123 rem
204 2071 335 2123 nostrrnn
353 2063 432 2140 tiari3
456 2064 517 2124 Nec
538 2064 645 2142 pariter
658 2061 797 2121 dedecere
817 2061 912 2140 potuit
928 2082 963 2120 ea
983 2063 1079 2121 omnia
1096 2083 1242 2143 peragere,
1261 2087 1326 2145 qnae

120 2143 197 2203 ratio
217 2143 345 2204 muneris
358 2153 388 2203 et
402 2144 503 2204 salutis
523 2143 681 2218 hominum,
695 2162 748 2220 pro
765 2143 871 2219 quibus
884 2141 964 2200 vices
977 2142 1030 2201 has
1045 2143 1152 2220 obibat,
1168 2145 1324 2227 exigebat,

123 2224 187 2282 Nec
207 2223 259 2362 hisp
269 2223 402 2284 Christus
423 2223 597 2302 spectandus
618 2229 663 2281 eat
683 2222 778 2300 simpl.
793 2230 826 2280 ut
839 2221 922 2297 aiau,
944 2220 996 2282 sed
1010 2224 1185 2284 oeconomice
1200 2235 1232 2286 ut
1251 2229 1327 2287 isdr-

121 2311 215 2368 tome
260 2309 350 2363 turns.

134 2329 149 2384 ι
164 2383 255 2442 XVI.
278 2383 344 2442 Non
358 2382 458 2442 eadam
472 2391 517 2442 est
530 2381 604 2442 ratio
617 2380 813 2442 transhtiorua
824 2380 915 2441 debiti
928 2381 1085 2458 pecuniarii
1099 2383 1129 2442 iu
1142 2385 1325 2466 Sponsorem,

121 2471 154 2523 at
167 2462 258 2522 debiti
272 2463 403 2540 poenalis.
446 2462 503 2520 llla
522 2469 618 2540 potest
638 2479 701 2519 esse
722 2460 855 2520 absoluta
875 2469 904 2520 et
924 2461 1010 2538 plena
1030 2463 1126 2539 quoad
1147 2483 1261 2524 omnem
1281 2488 1326 2526 ra-

121 2543 231 2602 tionem
245 2542 344 2618 debiti,
360 2542 428 2619 quia
448 2562 507 2601 non
528 2541 685 2601 attenditur
698 2539 763 2618 quis
778 2540 881 2616 solvat,
904 2540 956 2599 sed
968 2549 1081 2601 tantum
1095 2543 1167 2620 quid
1188 2545 1325 2623 solvatur,

122 2642 184 2681 aon
197 2641 327 2700 persona,
343 2622 395 2682 sed
408 2621 539 2700 pecunia.
583 2619 642 2680 sed
655 2620 686 2678 in
700 2619 896 2679 criminalibus
909 2619 961 2680 ubi
981 2621 1133 2699 respicitur
1152 2643 1283 2700 persona,
1299 2636 1328 2686 et

122 2721 184 2761 non
196 2709 309 2761 tantum
323 2721 417 2780 poena,
433 2701 573 2778 obligatio
586 2700 686 2776 nequit
700 2699 795 2776 quoad
810 2718 910 2758 omues
922 2708 1019 2777 partes
1032 2701 1181 2760 transferri
1193 2703 1223 2760 in
1236 2705 1327 2782 Spon-

123 2799 228 2858 sorem,
251 2780 302 2840 sed
322 2789 436 2840 tantum
456 2781 553 2858 quoad
573 2780 707 2856 aliquam,
730 2778 863 2837 nimirum
884 2779 980 2856 quoad
1001 2787 1107 2838 certam
1122 2801 1236 2856 poenam
1251 2783 1330 2843 Vadi

123 2860 313 2939 infligendam
322 2861 387 2920 loeo
397 2861 460 2936 Rei,
471 2880 530 2919 non
540 2879 610 2919 vero
621 2859 717 2937 quoad
727 2858 933 2935 obligationem
947 2858 1135 2934 personalem,
1149 2879 1199 2918 seu
1213 2881 1328 2938 poenam

124 2941 156 2999 in
170 2941 287 3019 propria
300 2958 422 3018 persona
435 2939 593 2999 ferendam.
636 2939 760 2997 Peccata
773 2946 872 2996 nostra
886 2937 1020 2995 dicuntur
1033 2937 1064 2994 in
1075 2937 1220 2997 Christum
1236 2949 1328 3001 trans·

124 3021 187 3080 lata
199 3021 311 3080 ratione
324 3020 436 3097 prioris,
451 3039 510 3078 non
523 3039 593 3077 uero
613 3018 799 3096 posterioris;
821 3035 875 3074 nee
895 3015 1055 3092 personalis
1075 3025 1174 3075 nostre
1188 3019 1329 3096 obligatio

123 3100 209 3160 estin
224 3099 370 3158 Christum
381 3099 528 3174 manslata,
539 3098 591 3158 sed
602 3097 727 3175 gratiose
738 3095 888 3154 dissoluta.
912 3094 998 3154 Unde
1012 3094 1080 3154 licet
1094 3107 1212 3172 peccata
1229 3109 1329 3160 nostra

123 3180 239 3259 possint
253 3178 311 3236 dici
324 3178 440 3254 Christi,
461 3178 572 3238 ratione
586 3175 783 3253 imputationis
803 3183 909 3249 reatus,
924 3193 982 3232 non
996 3173 1132 3234 desinunt
1146 3195 1194 3236 ese
1215 3187 1329 3240 nostras

123 3259 236 3318 ratione
249 3258 441 3336 proprietatis,
457 3267 486 3317 et
500 3255 719 3317 commissionis.
761 3255 800 3313 Et
813 3263 846 3312 ut
859 3254 889 3312 in
909 3253 1005 3312 locum
1026 3263 1156 3313 nostrum
1177 3275 1208 3315 se
1224 3259 1328 3318 substi-

121 3339 200 3413 tuit3
223 3338 271 3396 Ita
288 3337 426 3416 quioquid
446 3337 542 3412 solvit,
562 3357 614 3415 pro
633 3335 717 3394 nobis
731 3343 760 3393 et
778 3334 894 3392 nornine
908 3341 1007 3393 nostro
1026 3333 1148 3394 solvisse
1169 3335 1242 3396 bene
1256 3338 1329 3398 dici·

123 3427 182 3478 tur.
225 3417 299 3475 Nam
314 3417 364 3475 ubi
384 3417 494 3494 quisse
516 3417 627 3494 obligat
647 3423 782 3492 tanquam
804 3411 946 3490 datiam
964 3413 1001 3470 ad
1015 3414 1178 3490 passionem
1192 3437 1244 3495 pro
1258 3418 1328 3479 alte-

124 3497 186 3556 rius
200 3495 323 3571 delictis,
345 3515 462 3556 necesse
483 3505 528 3556 est
547 3515 660 3573 semper
671 3503 705 3554 ut
718 3494 845 3572 patiatur
858 3495 921 3552 viee
942 3493 1021 3552 illius
1036 3493 1073 3551 ad
1094 3495 1327 3576 satisfactionem,

126 3597 182 3636 nee
195 3575 244 3634 hic
258 3574 316 3634 alia
329 3575 441 3652 concipi
454 3583 558 3652 potest,
574 3594 661 3653 quam
674 3573 783 3633 vicaria
797 3594 834 3632 ex
849 3572 976 3651 gratiosa
990 3575 1185 3650 acceptatione
1201 3578 1315 3638 solutio.

167 3655 277 3715 XVII.
299 3653 594 3729 Quamvis'Christum
604 3653 854 3732 Expromisaorem
868 3653 1017 3729 dicamus;
1040 3653 1105 3712 Non
1117 3654 1183 3716 ideo
1192 3658 1328 3718 volumus

124 3754 191 3795 esse
212 3753 324 3793 merum
347 3734 393 3792 Ex
415 3735 605 3808 remissorem,
627 3733 677 3792 vel
693 3733 847 3809 juridicam
867 3732 916 3790 hic
936 3731 1041 3791 saetam
1062 3753 1125 3793 esse
1146 3739 1328 3815 novatianam,

125 3835 194 3893 qua
208 3813 239 3872 in
252 3813 341 3872 variis
354 3755 481 3873 diflerta
497 3813 657 3892 Sponsione
672 3812 788 3886 Christi,
805 3812 986 3890 potissimum
1000 3831 1070 3871 vero
1084 3813 1115 3870 in
1129 3834 1172 3890 eo,
1188 3816 1266 3892 quod
1279 3837 1332 3894 per

125 3914 192 3954 eam
207 3892 347 3970 obligatio
361 3901 457 3970 potest
471 3893 566 3971 quoad
580 3911 680 3951 omnes
700 3899 797 3969 partes
817 3891 936 3952 alterius
949 3892 1020 3966 fierI,
1042 3893 1111 3968 quia
1126 3893 1224 3952 debita
1244 3915 1330 3973 pecu-

124 3973 220 4033 niaria
234 3981 355 4050 possunt
374 3973 459 4049 plene
473 3973 502 4031 in
517 3973 606 4032 allum
626 3971 782 4046 transferri,
803 3991 857 4030 uec
871 3991 988 4030 necesse
1002 3979 1093 4030 estut
1107 3971 1211 4030 solutio
1233 3991 1330 4033 eorum

125 4051 248 4113 alterius
258 4051 323 4110 loeo
333 4051 396 4110 fieri
407 4051 527 4127 dicatur,
539 4051 619 4129 quod
629 4052 659 4110 in
670 4051 867 4109 criminalibus
877 4052 973 4110 locum
983 4069 1041 4108 non
1055 4050 1150 4123 babet,
1167 4059 1199 4109 ut
1209 4050 1331 4130 jamjam

124 4133 248 4192 dictum.
290 4131 365 4190 Tum
379 4130 409 4188 in
423 4151 458 4190 eo
472 4132 550 4209 quod
564 4131 615 4190 ubi
635 4149 687 4208 per
699 4130 884 4189 novationem
905 4131 1056 4204 delegatus
1070 4127 1183 4187 debitor
1196 4129 1234 4187 ad
1255 4132 1331 4192 solu·

124 4213 238 4282 tionem
259 4211 413 4287 obligatur,
436 4211 516 4270 nulla
536 4211 569 4270 fit
589 4210 729 4282 remissio,
750 4218 884 4268 manente
905 4207 1081 4284 obligatione
1102 4207 1332 4270 adnotationem

126 4291 260 4369 ejusdem
274 4291 316 4348 rei
330 4310 395 4367 qum
409 4289 538 4366 debetur,
553 4289 632 4367 quod
645 4289 676 4346 in
693 4289 747 4347 hoc
761 4289 879 4365 negotio
891 4306 950 4346 noa
965 4286 1096 4362 occurrit,
1118 4286 1169 4346 ubi
1183 4307 1269 4365 poena
1288 4293 1332 4349 vi-

126 4371 207 4430 caria
227 4377 341 4428 tantum
361 4389 414 4447 pro
427 4370 520 4445 nobis,
541 4389 601 4428 uon
620 4388 691 4428 vero
710 4369 827 4445 propria
842 4376 872 4426 et
892 4365 1051 4444 personalis
1065 4365 1162 4424 luitur.
1207 4367 1265 4426 Sed
1279 4371 1334 4430 hoc

127 4458 244 4509 unbem
262 4468 409 4526 urgemus,
424 4457 456 4508 ut
469 4447 674 4526 perfectionem
688 4455 718 4506 et
731 4447 885 4506 efficaciam
902 4444 1071 4522 Sponsiunis
1085 4445 1193 4504 Christi
1209 4447 1334 4524 explice-

128 4549 204 4605 mus,
220 4547 286 4606 quea
299 4547 352 4604 per
366 4528 456 4586 solam
469 4527 685 4606 fidejussionem
699 4545 758 4586 nou
777 4534 874 4604 potest
894 4523 1067 4596 sufficienter
1080 4524 1213 4602 intelligi,
1236 4536 1268 4587 ut
1288 4531 1335 4592 hic

129 4627 245 4686 semper
261 4606 385 4684 Sponsio
400 4606 507 4666 Christi
520 4607 606 4684 longe
621 4605 774 4684 perfectior
788 4615 817 4665 et
839 4603 1023 4683 prestantior
1041 4602 1164 4662 dicenda
1179 4604 1217 4664 sit
1232 4609 1336 4684 quavis

129 4685 361 4765 expromissioue
376 4685 463 4758 cirili.
