3150 5206
252 354 313 412 204
713 363 804 406 Locus
819 363 1019 406 nuonscruus.
1264 343 1388 426 [ocssn
1402 361 1443 402 ιιι.

250 531 310 570 non
323 509 410 570 modo
430 505 547 586 populo,
563 504 616 565 sed
636 512 666 566 et
680 503 758 564 Mosi
772 504 836 583 ipsi,
851 505 902 583 qui
922 504 1029 564 dicitur
1049 503 1115 563 ideo
1133 501 1244 585 ἰ’πςιμις
1265 503 1363 580 fuisse,
1379 502 1444 562 lleb.

250 591 303 650 xii.
318 594 366 665 21,
388 598 450 649 tum
477 585 616 646 moabite
643 591 673 644 et
700 586 851 660 transiens,
872 593 973 724 utpote
999 585 1186 666 aavagyovpbn
1214 593 1244 643 et
1271 582 1444 660 antiquando,

251 675 269 730 2
290 671 355 730 Gor.
376 668 417 729 iii.
445 669 491 743 11,
513 665 593 744 quod
613 665 746 744 apparuit
765 665 797 723 in
818 665 900 743 splen
921 684 970 724 ore
990 665 1075 724 faciei
1097 665 1190 724 blosis
1214 663 1266 741 qui
1286 681 1446 722 evanescere

249 749 484 920 {³2¹}ssssng
555 824 677 884 xn111.
692 823 773 883 rna
787 823 841 883 ιιιι
855 832 976 883 externa
990 813 1447 900 mpensssovetrestnema

182 959 186 970 .
279 921 350 966 nuo.
383 919 484 966 conam·
515 925 586 965 vero
600 925 664 982 quse
680 903 733 963 sub
748 903 799 962 illa
819 903 937 980 latebat,
960 902 998 963 ad
1019 903 1210 963 substantiam
1224 903 1344 961 foederis
1357 902 1446 979 grstia

279 977 471 1033 mretricem
513 993 543 1046 et
562 983 762 1063 promissionis
784 983 971 1060 Evangelicae
991 983 1125 1061 pertinet.
1168 983 1238 1057 Quae
1263 980 1448 1042 diversimode

250 1064 345 1140 etiam,
361 1071 390 1124 et
403 1083 455 1141 per
468 1065 566 1126 varios
586 1063 695 1142 gradum
720 1063 920 1123 administrata
941 1062 1005 1122 fuit.
1048 1061 1222 1122 Continebet
1235 1083 1274 1121 ex
1294 1070 1377 1140 parte
1392 1060 1447 1134 Dei,

249 1153 311 1203 tum
334 1143 478 1204 Obristaem
500 1146 596 1222 ipsum
621 1143 738 1203 frederis
767 1141 986 1204 tundamentum
1009 1143 1183 1220 promissum
1207 1141 1238 1200 in
1261 1141 1402 1216 Oraculis,
1425 1151 1449 1199 et

249 1222 387 1284 latentem
400 1223 455 1280 sub
469 1224 548 1301 typis
562 1223 805 1299 caeremoniarum,
821 1223 943 1300 ejusque
963 1223 1121 1301 passiones,
1137 1221 1366 1296 crucifixionem,
1381 1240 1447 1278 mor-

248 1309 316 1376 tem,
339 1309 368 1361 et
390 1301 521 1379 gloriam,
544 1302 695 1362 obscurius
715 1302 833 1380 quidem
854 1311 884 1361 et
904 1303 1018 1377 tectius,
1039 1300 1117 1362 unde
1132 1302 1328 1381 Evangelium
1350 1301 1447 1360 dicitur

248 1379 336 1440 fuisse
351 1380 420 1438 olim
433 1381 603 1459 mysterium
617 1381 827 1457 absconditum
839 1381 923 1442 Rom.
933 1383 994 1440 xvi.
1004 1383 1127 1458 25,quia
1140 1383 1261 1442 obscuro
1274 1381 1448 1460 propositum

249 1459 303 1518 sub
318 1459 407 1518 varis
427 1458 586 1537 figurarum
599 1459 683 1537 velis,
706 1460 758 1520 sed
771 1469 868 1520 umen
881 1462 930 1540 ite,
946 1471 979 1522 ut
999 1481 1051 1541 per
1071 1461 1138 1522 illas
1158 1461 1285 1540 potuerit
1305 1459 1446 1539 transpici,

248 1571 283 1619 E,
321 1573 490 1633 ,mmmm
511 1549 544 1600 ut
568 1540 684 1600 aMosc
705 1540 821 1616 fectum,
845 1541 923 1602 Ilcb.
945 1542 986 1601 xi.
1001 1544 1059 1619 263
1091 1550 1154 1601 tum
1169 1541 1381 1619 promissimus,
1395 1549 1448 1599 tan

277 1633 424 1749 iiiii
463 1637 490 1682 ⁰⁶
510 1620 1069 1779 diffieiuii'tii‘iidibqii
1083 1620 1310 1778 insimiii‘ll‘
1325 1619 1450 1777 {till

995 1745 1003 1776 ,
1066 1745 1072 1760 .

245 1778 348 1855 quales
361 1786 444 1838 erant
456 1779 610 1842 hereditas
623 1789 707 1842 terrae
722 1781 884 1856 Ganaan,et
897 1780 1113 1840 benedictiones
1124 1787 1254 1855 murenae,
1265 1799 1331 1856 qua
1341 1779 1448 1856 prolixe

246 1857 416 1935 referuntur,
429 1859 518 1921 Dent.
532 1862 718 1939 xxviii.,quae
732 1861 762 1920 in
776 1880 811 1921 ea
821 1860 956 1920 fidelibus
965 1861 1022 1920 Dei
1033 1859 1192 1920 cultoribus
1202 1859 1447 1936 promittebantur,

247 1937 342 1996 miuus
356 1937 552 2017 principaliter
565 1949 595 2001 et
608 1941 778 2002 secundario
792 1949 909 2019 propter
923 1941 1073 2018 ingenium
1086 1939 1186 2018 populi
1196 1937 1350 1998 Israelitisi
1360 1938 1448 1998 adhuc

247 2017 366 2076 infantis
390 2027 419 2077 et
443 2021 606 2080 causalibus
630 2021 724 2098 magis
743 2020 831 2096 affixi,
854 2039 942 2099 quam
963 2019 1178 2098 spiritualibus,
1209 2017 1268 2078 Sed
1288 2017 1450 2097 spirituales

245 2097 382 2175 primario
396 2106 426 2157 et
438 2099 644 2178 principaliter,
659 2108 692 2160 ut
706 2100 838 2160 absoluto
852 2100 1031 2160 necessarias
1046 2099 1230 2157 adsalutem.

288 2175 405 2236 XLIV.
427 2177 567 2252 Quamvis
581 2200 650 2240 vero
664 2181 797 2239 revelatio
818 2179 875 2239 ista
896 2180 997 2256 gratia
1017 2178 1167 2238 obscurior
1187 2176 1275 2237 fuerit
1288 2185 1318 2237 et
1338 2175 1448 2254 parcior

247 2255 343 2334 quoad
357 2260 477 2333 modum,
494 2267 593 2338 utpote
607 2280 672 2336 quse
687 2267 749 2318 tota
762 2261 939 2335 (summatim
959 2266 1021 2319 erat
1041 2267 1070 2318 et
1089 2258 1253 2334 speculares,
1269 2264 1298 2316 et
1311 2257 1381 2316 talis
1395 2275 1449 2334 qus

249 2335 381 2395 Christus
402 2339 517 2396 nonnisi
539 2339 594 2398 sub
608 2340 674 2398 velo
695 2346 808 2415 poterat
822 2339 958 2416 conspici,
974 2347 1007 2398 ut
1027 2339 1097 2396 olim
1119 2337 1227 2413 Moses,
1250 2341 1268 2396 2
1284 2337 1350 2396 Cor.
1365 2336 1408 2396 iii.
1423 2340 1448 2410 7,

247 2413 301 2472 fuit
315 2423 411 2474 temen
425 2417 569 2478 sufficiens
583 2415 679 2495 quoad
692 2419 882 2478 substantiam.
909 2417 995 2480 Unde
1010 2417 1137 2495 cognitio
1146 2417 1295 2492 Veterum,
1306 2423 1337 2476 et
1349 2435 1447 2475 eorum

246 2493 319 2553 fides
333 2494 383 2553 illa
403 2495 557 2572 nitebatur,
572 2504 637 2556 utut
657 2495 773 2556 diversa
794 2498 880 2558 luerit
900 2497 997 2575 quoad
1017 2497 1256 2573 circumstantias,
1271 2505 1301 2556 et
1321 2495 1447 2570 modum,

248 2584 277 2633 at
290 2574 431 2652 implicita
445 2575 500 2635 boc
514 2595 602 2636 sensu
616 2585 646 2636 et
658 2576 778 2637 confusa
792 2578 851 2636 dici
864 2578 964 2656 possit,
986 2597 1038 2655 per
1050 2597 1138 2655 quam
1151 2597 1198 2636 res
1212 2576 1329 2654 quidem
1343 2595 1448 2652 cogno·

248 2653 346 2731 scitur,
363 2655 414 2714 sed
428 2675 486 2714 non
500 2655 541 2714 ita
554 2664 588 2716 ut
601 2656 759 2716 seeundum
774 2658 878 2735 omnia,
894 2658 1000 2737 quibus
1014 2657 1051 2716 ab
1065 2657 1130 2716 aliis
1143 2657 1231 2716 rebus
1251 2655 1447 2733 distinguitur,

247 2733 334 2792 etiam
359 2743 558 2811 cognoscatur.
601 2735 687 2810 Quod
709 2737 888 2798 intellectum
901 2738 1036 2797 volumus
1060 2737 1096 2797 ds
1119 2745 1194 2797 statu
1209 2735 1348 2796 Ecclesia
1362 2735 1402 2794 V.
1417 2733 1448 2792 T.

246 2833 306 2872 non
320 2834 389 2873 vero
405 2814 441 2873 de
465 2816 508 2874 iris
520 2815 570 2874 vel
584 2815 638 2874 illis
652 2817 810 2894 individuis,
826 2817 1003 2894 Abrabamo,
1020 2817 1113 2893 Mose,
1129 2816 1254 2892 Davidc,
1268 2823 1298 2874 et
1311 2815 1386 2890 aliis,
1402 2814 1449 2892 qui

247 2893 373 2954 uberiori
387 2896 589 2973 mysteriorum
604 2895 768 2958 divinorum
782 2897 947 2977 cognitione
962 2896 1077 2957 luerunt
1089 2896 1213 2975 praediti.
1254 2895 1321 2954 Nou
1335 2894 1391 2954 fuit
1405 2902 1445 2952 ta-
1541 2923 1542 2928 ι

247 2993 313 3033 men
327 2974 443 3036 diuersa
456 2976 553 3054 quoad
573 2977 773 3055 substantiam,
788 2989 817 3040 et
837 2999 896 3040 non
915 2977 1011 3037 minus
1032 2977 1160 3036 servavit
1179 2976 1254 3052 illos,
1270 2995 1357 3052 quam
1377 2972 1449 3032 fides

248 3055 302 3114 sub
317 3055 401 3116 Novo
416 3057 495 3117 Test.
510 3077 564 3118 nos
578 3067 694 3136 servet;
716 3059 785 3138 quia
799 3059 931 3120 Christus
945 3065 1051 3134 servat,
1066 3076 1125 3116 non
1139 3075 1197 3134 qua
1210 3054 1335 3134 perfecte
1349 3054 1447 3132 cogni·

247 3142 303 3211 tus,
319 3143 348 3196 et
363 3137 520 3197 secundum
535 3159 635 3200 omnes
646 3139 885 3215 circumstantias,
901 3137 953 3198 sed
966 3147 999 3198 ut
1012 3156 1080 3196 vers
1094 3155 1128 3196 ac
1142 3135 1217 3195 serio
1230 3133 1436 3213 apprehensus.

306 3251 461 3300 Q„,„„„
553 3218 652 3278 XLV.
667 3217 719 3278 Ad
728 3220 799 3279 istas
808 3218 1013 3297 promissiones
1024 3215 1187 3294 spirituales
1197 3214 1448 3294 pertinent,1.Rc·

277 3307 298 3351 1.
308 3307 429 3354 Βιιιιιιιιο
440 3325 491 3368 pes
511 3297 604 3355 musio
620 3307 803 3372 peccatoram
822 3305 852 3358 et
864 3298 1029 3374 justificati)
1039 3320 1051 3370 ,·
1072 3315 1137 3375 quse
1157 3303 1190 3355 ut
1206 3294 1363 3371 derogatur
1377 3291 1449 3370 Legi

313 3369 432 3412 catorum.
510 3375 672 3450 causaliter,
688 3377 761 3434 etin
776 3395 807 3435 se
821 3376 1026 3452 consideratos,
1047 3375 1089 3434 ita
1102 3374 1169 3436 fidei
1190 3374 1221 3434 in
1235 3373 1381 3434 Christum
1397 3373 1447 3432 tri·

247 3449 354 3524 buitur,
370 3449 438 3509 Act.
460 3451 522 3511 xiii.
538 3455 585 3528 39,
603 3455 687 3512 Rom.
709 3455 748 3513 iv.
764 3459 792 3530 7,
815 3462 843 3513 et
858 3453 994 3514 Patribus
1014 3455 1192 3530 vendicetur,
1216 3463 1249 3514 ut
1270 3453 1447 3529 Abrahamo,

249 3528 365 3604 Davidi,
381 3537 411 3588 et
424 3529 497 3605 aliis,
523 3531 602 3591 Psal.
617 3533 720 3608 xxxii,
737 3533 821 3592 Rom.
836 3533 885 3610 iv,
906 3534 976 3594 licet
995 3533 1090 3595 minus
1111 3534 1264 3594 sentiretur
1284 3533 1322 3592 ob
1343 3533 1449 3592 nubem

276 3651 429 3711 111110·
509 3610 1449 3770 ¹2⁰tlttttltttttlttttlffltlttlftittt

248 3767 333 3828 Rom.
355 3767 396 3828 ix.
420 3772 448 3846 4,
472 3769 524 3829 sed
548 3772 634 3832 etiem
659 3738 781 3850 iriternc,
807 3775 870 3835 sine
895 3793 953 3852 qua
973 3775 1024 3834 illa
1045 3774 1156 3835 inutilis
1176 3774 1259 3850 foret,
1282 3773 1349 3834 Gal.
1369 3773 1408 3832 iv.
1423 3775 1450 3846 2,

247 3848 381 3928 quamvis
395 3851 549 3929 conjuncta
563 3860 639 3911 esset
653 3873 717 3912 cum
730 3853 829 3914 servili
838 3855 1002 3914 conditione
1012 3863 1130 3932 proptor
1139 3862 1247 3914 statum
1254 3853 1450 3913 minorennem

246 3929 389 4008 filiorum;
412 3931 465 3990 filii
478 3940 568 4009 erant,
584 3932 634 4010 qui
654 3942 787 4011 poterant
807 3942 837 3994 et
859 3933 1003 3994 debebant
1018 3936 1113 3994 Deum
1127 3943 1160 3994 ut
1174 3935 1290 3994 Patrem
1304 3933 1448 4007 invocare,

246 4010 316 4070 Job.
332 4011 435 4071 xxxiv.
451 4013 499 4088 36,
515 4013 573 4072 Isa.
587 4013 661 4072 lxiii.
678 4015 724 4090 16,
740 4014 792 4074 sed
806 4012 859 4073 filii
880 4014 1063 4076 minorennes
1085 4034 1103 4073 a
1117 4015 1204 4074 Patre
1218 4013 1449 4092 Padagogorum

247 4089 346 4150 ferulae
361 4098 390 4151 et
403 4091 496 4170 virgis
510 4093 641 4170 subjecti,
658 4093 724 4154 Gal.
739 4093 779 4154 iv.
795 4098 822 4168 2,
839 4097 867 4170 3,
882 4095 933 4172 qui
953 4115 1012 4154 non
1033 4093 1259 4154 admittebantur
1280 4092 1318 4152 ad
1341 4099 1450 4152 tantam

177 4193 184 4207 .
508 4172 730 4233 familiaritatem
745 4174 848 4250 Patris,
870 4183 904 4234 ut
922 4174 1024 4234 intima
1042 4173 1156 4232 consilii
1174 4174 1238 4252 ejus
1257 4181 1449 4250 penetrarent

231 4234 235 4240 ’
274 4223 474 4273 ωωωοώα
509 4255 537 4312 3.
551 4253 749 4332 Sanctificate,
764 4275 829 4332 quae
843 4253 951 4332 passim
969 4253 1136 4391 praecipitur
1149 4260 1179 4313 st
1197 4252 1376 4332 promittitur
1396 4249 1449 4310 sub

276 4323 298 4370 4.
309 4321 404 4369 Donum
420 4325 472 4384 Spi·
509 4331 547 4391 V,
562 4331 756 4410 Testamenio,
773 4335 844 4394 laeV·
859 4333 952 4408 xxvi„

305 4383 472 4429 ritus-Ezech.
986 4352 1027 4391 ΒΕ·
1042 4333 1071 4408 b,
1087 4329 1142 4391 &lb
1183 4334 1212 4392 4.
1227 4335 1344 4392 Donum
1357 4331 1448 4408 Spiri-

305 4441 398 4491 ,mg
423 4439 474 4486 Jer.
510 4420 554 4471 aa
564 4413 615 4489 qui
629 4413 831 4474 includebatur
844 4413 875 4471 in
888 4410 1078 4490 promissione
1092 4410 1169 4472 iacta
1183 4411 1370 4486 Abrabamo,
1383 4409 1449 4471 Gal.

305 4499 381 4568 ngit
427 4497 475 4545 lea
509 4491 551 4550 iii.
564 4493 610 4568 1³,
624 4495 671 4568 14,
687 4501 717 4553 et
731 4492 801 4552 alibi
815 4511 873 4551 non
889 4490 979 4552 semel
992 4492 1150 4569 promissus
1164 4492 1280 4570 legitur,
1296 4491 1354 4551 Isa.
1365 4490 1448 4564 xliv,

306 4555 368 4602 ¹¹¹¹¹·
511 4571 617 4632 Ezscb.
628 4573 741 4649 xxxvi,
750 4572 837 4632 Zach.
848 4573 899 4632 xii.
911 4573 957 4649 10,
968 4572 1018 4650 qui
1028 4581 1188 4633 tamennon
1197 4592 1228 4634 se
1236 4571 1338 4632 babuit
1347 4569 1449 4630 eodem

245 4650 340 4727 modo,
355 4669 413 4728 quo
428 4651 481 4712 sub
497 4651 581 4714 Novo
595 4653 722 4714 Testem.
738 4651 928 4715 communiter
940 4651 1086 4734 loquendo
1101 4652 1137 4714 de
1152 4659 1229 4714 statu
1244 4652 1332 4714 totius
1347 4647 1448 4711 Eccle-
