3108 5198
98 377 212 429 cuasu.
226 358 273 440 v.]
620 376 660 417 on
675 377 752 418 usur
766 378 826 419 nnu.
1266 369 1302 426 31

97 519 342 598 concupiscentiae
361 516 478 594 uxoris3
500 515 544 576 At
564 517 652 578 Dent.
671 537 701 578 v.
723 520 772 595 ul,
794 517 895 578 ordine
915 527 1026 581 musto
1045 520 1126 580 illem
1146 524 1303 602 postponit,

98 599 185 678 qnod
194 599 256 660 fieri
267 619 329 658 non
344 597 499 674 debuisset,
521 597 619 658 siduo
633 607 730 658 esseut
750 607 895 677 praecepte
908 599 1054 660 distincte.
1096 603 1206 662 Paulus
1220 604 1308 665 refert

99 688 276 758 preceptum
289 680 348 738 hoc
361 685 396 738 ut
412 678 538 754 unicum,
554 678 639 738 Rom.
653 679 705 738 vii.
720 683 748 754 7,
769 698 829 737 non
841 686 876 739 ut
895 679 970 757 duo,
994 683 1012 714 “
1026 701 1084 740 non
1104 684 1307 760 cognovissem

99 759 365 838 “mmm
378 758 1256 916 tmmuututtrttlurrrurtm
1276 843 1308 900 u

365 916 459 996 primo
482 926 635 995 praecepto,
660 917 841 978 contineatur
861 918 947 978 etism
970 921 1126 998 prohibitio
1147 921 1306 999 Idolorum,

366 1005 509 1075 quatenus
522 998 703 1058 constituunt
716 999 848 1074 objecttm
861 1003 949 1058 cultro
956 1023 969 1074 ,·
990 1020 1048 1059 non
1063 1001 1192 1080 sequitur
1206 1021 1306 1062 secun-

100 1077 175 1138 dum
188 1096 247 1138 non
259 1075 434 1137 constituere
447 1077 591 1154 peculiare
599 1085 783 1155 preceptum,
793 1078 862 1156 quie
874 1087 944 1138 tune
952 1080 1007 1140 sub
1015 1081 1073 1139 elie
1081 1081 1162 1157 οχίηι
1175 1091 1308 1160 specten-

100 1166 161 1232 tur,
176 1158 286 1218 retione
299 1157 379 1217 modi
390 1159 478 1216 cultu
485 1181 498 1231 ,·
519 1158 581 1216 Nec
594 1157 674 1216 idols
685 1166 808 1234 tentum,
830 1177 882 1219 seu
894 1158 1062 1220 fictitiorum
1076 1161 1204 1221 Deorum
1219 1160 1308 1221 simu·

100 1238 185 1298 isere
198 1237 336 1314 innutmt3
359 1237 412 1296 sed
432 1237 519 1296 etism
539 1236 682 1315 imagines
694 1237 758 1297 veri
772 1238 837 1297 Dei
880 1239 924 1299 Ne
939 1259 1009 1318 ergo
1023 1240 1118 1300 cultus
1133 1241 1307 1318 Imaginem,

99 1319 153 1378 vel
168 1316 455 1394 Deiinimnginibus,
470 1316 567 1376 licitus
581 1325 754 1394 censeretur,
770 1318 980 1396 sapientissime
992 1319 1073 1380 Deus
1086 1321 1224 1398 peculiari
1235 1341 1307 1399 prae·

99 1397 399 1552 immeriti?
411 1397 537 1536 vilmu-
556 1397 619 1536 lt
628 1397 719 1536 tt‘·
728 1397 1309 1556 qttt⁰³ftlttt³t⁵tt⁶ttt⁰tz⁶

102 1577 178 1634 rum,
194 1557 246 1616 sed
258 1557 373 1632 falsum,
388 1497 447 1617 iulio
461 1495 618 1616 oisellum
631 1497 741 1634 ipeuffin
740 1559 810 1618 colit
823 1499 977 1636 exfflPeule,
994 1562 1010 1618 1
1027 1561 1092 1620 Gor.
1106 1581 1137 1620 x.
1149 1563 1198 1620 20.
1233 1561 1309 1620 Nem

101 1637 174 1696 lieet
199 1644 407 1714 consequenter
429 1645 460 1698 et
479 1637 671 1696 eventunliter
690 1637 786 1698 <tultus
806 1638 965 1716 imaginum
989 1639 1158 1700 refundetur
1177 1641 1208 1698 in
1230 1641 1310 1700 Deos

104 1717 197 1777 fuisos
210 1737 262 1776 seu
269 1716 442 1812 Disbolupn3
465 1716 532 1776 Non
545 1725 642 1810 temen
655 1735 694 1776 ex
706 1726 803 1777 mente
817 1727 847 1778 et
859 1718 1020 1778 intentione
1031 1720 1191 1798 cultorum,
1201 1720 1251 1797 qui
1261 1720 1310 1779 hic

103 1795 914 1952 poeppppunfflppjpretffioptrpffitpgffl
922 1875 1048 1935 secundo
1062 1884 1206 1955 precepto
1219 1878 1312 1954 possit

104 1956 224 2017 extendi
237 1955 277 2016 ed
290 1955 388 2016 omnis
399 1964 544 2034 praecepte
555 1955 587 2014 in
595 1975 711 2033 genere,
726 1963 860 2032 respectu
873 1975 972 2015 eorum
982 1955 1033 2033 qui
1042 1957 1179 2016 mandute
1185 1957 1240 2016 Dei
1252 1978 1311 2017 ser·

103 2045 185 2112 vent,
200 2037 231 2095 in
244 2035 341 2114 specie
361 2043 457 2096 minen
471 2036 545 2096 bene
565 2054 681 2094 ennexe
694 2044 738 2096 est
751 2035 819 2096 huie
832 2035 969 2094 mendeto
988 2036 1127 2113 peculiari
1147 2037 1184 2096 de
1204 2057 1309 2116 ceuse3

103 2116 402 2271 tuturus?
414 2115 1310 2273 uuupmtruduujttmutru

145 2275 207 2336 IX.
222 2275 308 2335 Licet
318 2275 418 2334 Moses
431 2283 530 2336 utetur
542 2275 658 2354 gemino
668 2275 758 2335 verbo
768 2275 806 2334 ed
817 2274 1078 2354 concupiscentiam
1091 2276 1309 2355 prohibendum,

104 2377 168 2418 m
182 2365 213 2416 et
227 2373 289 2433 unu,
305 2354 336 2413 in
345 2354 441 2414 Exod.
455 2363 486 2414 et
498 2355 529 2413 in
539 2355 636 2430 Dent,
648 2374 707 2415 non
721 2355 851 2433 sequitur
863 2355 973 2433 duplex
986 2355 1080 2416 fecere
1093 2357 1222 2416 voluisse
1236 2377 1309 2434 prte-

104 2456 139 2496 ce
232 2457 240 2512 ς
261 2455 331 2494 nem
345 2443 375 2494 et
387 2435 419 2494 in
432 2434 559 2494 secundo
574 2433 653 2512 quod
665 2434 783 2494 unicum
797 2443 850 2510 est,
865 2434 975 2512 duplex
988 2436 1110 2496 verbum
1124 2437 1256 2497 edhibuit
1271 2438 1310 2496 ed

105 2445 386 2592 mffimeginum
398 2514 618 2593 prohibendum,
633 2531 689 2578 utro
697 2524 727 2575 et
739 2537 794 2592 nr,
809 2516 979 2575 incursandi
990 2523 1019 2575 et
1032 2517 1264 2594 seniendi,qu0d
1276 2518 1311 2577 fit

104 2616 165 2657 non
181 2594 385 2670 distinctionis,
401 2595 454 2654 sed
466 2594 584 2672 majoris
598 2595 742 2672 emphasis
756 2594 858 2671 gretie.

145 2676 190 2736 X.
211 2675 355 2751 Quemvis
368 2673 602 2752 concupiscentie
621 2673 660 2734 sit
679 2674 795 2734 diverse
815 2673 912 2751 quoad
928 2677 1048 2751 prodes
1070 2695 1129 2734 nne
1149 2675 1308 2754 originalis,

103 2757 198 2816 eltere
209 2754 343 2831 sctuelis,
358 2774 416 2814 uns
429 2753 492 2814 sine
506 2773 648 2814 consensu
668 2754 828 2814 voluntatis
847 2755 965 2832 provio,
987 2755 1079 2814 altere
1099 2775 1164 2814 cum
1175 2775 1230 2816 eo:
1252 2756 1310 2815 Ee-

102 2837 172 2896 dem
186 2843 286 2895 temen
300 2842 345 2894 est
358 2833 455 2912 quoed
467 2835 593 2910 speeiem,
615 2853 680 2910 quse
692 2835 748 2894 hoc
761 2841 905 2912 precepto
925 2833 1102 2912 prohibetur.
1144 2834 1206 2895 Nec
1220 2836 1246 2895 ei
1260 2835 1310 2895 ob·

100 2917 183 2994 jectu
193 2914 385 2975 materialiter
405 2921 535 2992 spemte
554 2921 623 2973 sunt
642 2913 766 2990 diverse,
788 2913 946 2973 formaliter
965 2921 1062 2972 tumen
1083 2913 1227 2990 differunt,
1243 2916 1312 2990 quie

104 2997 162 3056 sub
174 2996 289 3055 retione
303 2993 417 3053 formali
430 3013 526 3053 rerum
533 2993 692 3052 elienerum
706 2993 897 3053 continentur.
941 2992 973 3052 si
986 2991 1205 3068 multiplicanda
1215 3003 1312 3052 essent

105 3085 252 3154 prees-epte
261 3076 351 3153 juxte
363 3073 561 3134 diversitatem
575 3092 670 3133 rerum
678 3072 905 3149 concupitsrum,
920 3089 979 3129 non
996 3070 1059 3148 jem
1070 3070 1139 3147 duo,
1154 3070 1206 3130 sed
1219 3072 1312 3132 multe

106 3155 195 3234 pluro
206 3153 411 3214 constituentis
423 3161 521 3212 essent
533 3161 687 3230 precepta.

151 3233 211 3294 XI.
232 3233 349 3294 Divisio
363 3233 504 3310 Decelogi
517 3231 614 3311 quood
627 3231 785 3306 materiem,
801 3249 853 3290 seu
866 3249 913 3290 res
926 3248 991 3308 quse
1001 3228 1142 3308 jubentur
1151 3231 1200 3290 vel
1213 3232 1311 3309 prohi-

105 3316 222 3390 bentur,
236 3321 335 3392 potest
347 3312 390 3373 ite
402 3313 523 3373 institui
565 3312 603 3370 In
623 3331 729 3390 genere
749 3310 915 3390 precipitur
937 3310 1035 3371 Ouum
1052 3310 1109 3369 Dei
1122 3318 1151 3370 et
1172 3312 1312 3389 quiequid

104 3395 154 3454 illi
167 3395 324 3472 opponitur
336 3401 461 3453 vetetur.
505 3392 603 3452 &cluo
612 3401 710 3452 eutem
725 3391 790 3468 Dei,
805 3392 854 3451 vel
867 3399 913 3451 eet
926 3391 1109 3466 immediato,
1122 3392 1172 3468 qui
1183 3393 1312 3454 continet

103 3474 213 3550 officis
223 3495 289 3551 quse
303 3473 468 3532 immediete
484 3472 548 3532 Deo
560 3480 742 3550 prestantur,
752 3472 801 3531 vel
814 3471 959 3547 medentes,
969 3491 1058 3548 quum
1072 3471 1165 3531 officie
1178 3473 1311 3550 proximo

103 3562 284 3634 prnsnutur
296 3561 414 3631 propter
429 3552 540 3629 Deum,
555 3553 740 3611 Immediatuc
748 3551 841 3630 prime
854 3551 954 3612 tsbule
964 3550 1135 3626 continetur,
1147 3560 1248 3629 estque
1262 3553 1312 3612 vel

102 3637 244 3710 intem,
256 3633 309 3711 qui
320 3633 353 3692 in
366 3652 402 3692 eo
416 3632 488 3692 situs
502 3639 556 3708 est,
568 3639 630 3692 tum
643 3641 677 3692 ut
686 3651 788 3690 verum
802 3633 934 3708 offertum
945 3631 1040 3690 cultus
1053 3631 1237 3708 retineamus,
1246 3633 1311 3692 uni-

101 3734 176 3775 cum
190 3715 287 3774 Deum
301 3711 433 3789 colendo,
447 3713 526 3790 quod
539 3711 632 3789 primo
645 3719 789 3789 precepto
803 3711 939 3787 sancitur,
960 3718 1023 3770 tum
1042 3718 1075 3770 ut
1088 3713 1171 3770 eredo
1192 3713 1313 3788 lepitr'mo

101 3813 176 3854 enm
189 3793 328 3868 colemus,
341 3791 420 3869 quod
434 3791 561 3852 secundo
574 3790 713 3868 truditur3
735 3790 794 3850 Vel
803 3800 944 3866 aemes,
958 3789 1040 3867 isque
1051 3798 1101 3850 eut
1109 3791 1249 3867 pretato,
1262 3791 1313 3868 qui

102 3874 147 3934 sb
164 3891 342 3951 unoquoque
355 3891 470 3949 semper
489 3880 519 3931 et
540 3870 648 3947 ubique
669 3870 801 3949 preesteri
820 3869 916 3945 debet,
939 3871 990 3948 qui
1011 3869 1097 3930 tertio
1111 3869 1240 3944 docetur,
1262 3871 1312 3928 vel

97 3954 233 4032 publicus
245 3953 278 4012 in
292 3951 520 4013 metifieedone
536 3949 685 4026 Sebbethi,
705 3950 756 4028 qui
769 3959 872 4027 querto
893 3950 1063 4009 continetur.
1103 3948 1248 4008 Mediator
1268 3957 1314 4009 est

103 4035 216 4113 puriter
228 4033 363 4093 internus
374 4039 404 4092 et
417 4039 569 4106 externum
584 4032 731 4090 Extenuat
745 4039 807 4090 tum
820 4030 851 4090 in
864 4028 967 4089 officiis
985 4027 1171 4106 Superiorem
1185 4047 1255 4106 erge
1267 4029 1312 4087 in·

104 4114 228 4174 seriores
246 4122 277 4173 et
295 4111 437 4186 vicissim,
457 4111 495 4170 de
516 4111 622 4189 quibus
645 4111 742 4187 egitur
764 4118 909 4188 precepto
933 4109 1051 4187 quint03
1072 4115 1136 4166 tum
1157 4107 1188 4165 in
1212 4107 1314 4170 officiis

104 4195 308 4274 proximorum
321 4211 395 4270 erge
406 4192 564 4270 proximos,
585 4189 683 4268 quelie
697 4198 765 4250 sunt
779 4189 960 4250 conservatio
980 4187 1050 4248 rite
1064 4195 1094 4247 et
1115 4187 1225 4264 salutis,
1248 4209 1313 4264 quae

103 4283 251 4354 precepto
264 4280 370 4350 sextc3
394 4270 535 4332 restitutis
548 4280 578 4331 et
592 4269 729 4348 conjugii,
741 4289 806 4347 qne
820 4269 960 4347 septimo,
982 4287 1077 4328 rerum
1091 4287 1143 4328 seu
1155 4267 1314 4346 possessio-

103 4375 182 4431 num,
197 4375 265 4434 quse
279 4363 406 4428 octevo;
428 4351 511 4410 temes
533 4359 563 4410 et
584 4349 725 4425 veritatis
740 4369 805 4427 que
826 4369 902 4409 nono
922 4347 1136 4427 praecipiuntur.
1178 4346 1315 4403 internus

103 4444 148 4498 est
160 4435 353 4502 effectionum
366 4431 498 4494 cremum
512 4439 542 4491 et
555 4429 762 4492 desideriorum
776 4428 928 4506 rectitudo,
943 4447 1009 4507 que
1022 4426 1134 4486 decimo
1148 4419 1315 4481 includitur.

122 904 215 951 Fontes
226 904 329 952 solutio-

193 977 259 1007 num.
