3150 5206
230 317 286 376 les
686 335 990 377 1111111111111111.
1104 347 1107 354 ·
1241 315 1369 398 [coner.
1386 339 1427 380 11.

229 473 1428 634 11111111111111111111111111111.

231 635 269 694 ad
289 598 362 694 elide
382 633 514 711 pertinet,
529 652 616 709 quam
630 633 667 691 ad
681 633 796 708 electos,
812 635 862 711 qui
879 635 973 712 reipsa
992 635 1066 694 fiunt
1086 635 1202 694 foederis
1222 638 1376 715 participes
1389 659 1427 696 ox

233 715 290 773 Dei
309 713 477 788 intentione,
497 712 646 790 inquibus
660 722 730 790 puta
743 714 922 773 conditiones
935 715 1012 792 ipsas
1026 714 1143 774 foederis
1156 716 1265 794 implet,
1281 729 1310 776 et
1324 719 1429 795 quibus

231 813 291 852 non
311 793 394 852 offert
414 801 535 865 tantum,
557 792 609 850 sed
628 792 737 851 confert
755 802 822 852 actu
841 793 958 852 foederis
977 793 1125 854 beneficia.
1168 795 1345 873 Quocunque
1360 817 1428 856 vero
1456 831 1458 838 ·

231 872 317 932 modo
332 879 476 948 spectetur
496 869 590 930 foedus
610 871 697 946 istud,
719 873 882 931 universale
903 871 991 932 firissa
1011 882 1127 950 negant,
1149 893 1208 934 nou
1228 876 1314 934 modo
1333 875 1428 953 quoad

231 953 457 1030 acceptationem
477 958 507 1009 et
527 951 718 1026 collationem,
741 952 793 1010 sed
812 971 866 1010 uec
887 950 983 1028 quoad
1002 953 1261 1029 promulgationem
1281 965 1331 1014 aut
1349 956 1427 1014 ohla-

231 1033 348 1108 tionem,
363 1050 428 1109 111
448 1030 622 1098 licetlatior
641 1030 797 1106 aliquando
821 1029 907 1090 fuerit
927 1040 957 1090 et
978 1032 1147 1108 generalior,
1167 1052 1314 1111 nunquam
1333 1043 1428 1093 temen

232 1112 363 1171 absolute
377 1109 549 1171 universalis
562 1108 657 1184 fuerit,
672 1110 721 1168 vel
734 1110 792 1168 dici
805 1110 906 1186 possit.
1028 1139 1034 1144 ·

531 1187 587 1246 VI.
610 1187 696 1247 Unde
710 1208 769 1246 nou
782 1189 902 1247 obscure
918 1189 1017 1248 Status
1032 1189 1205 1264 Quaestionis
1219 1192 1372 1269 colligitur.
1399 1196 1427 1251 l.

265 1253 441 1356 sstffgssm
491 1267 558 1324 Non
578 1268 716 1343 quaeritur
735 1268 772 1326 de
786 1270 897 1326 Eventu
916 1275 946 1326 et
968 1269 1086 1328 salutari
1106 1269 1222 1329 foederis
1242 1271 1356 1348 fiuctu;
1378 1271 1428 1330 Au

387 1343 393 1356 '
492 1363 592 1403 omnes
606 1346 637 1403 11
650 1345 767 1405 soederis
781 1347 880 1423 gratiae
895 1357 1064 1424 serventur,
1078 1348 1204 1409 fatentur
1217 1351 1293 1408 enim
1307 1351 1351 1408 illi
1364 1371 1429 1410 cum

231 1425 337 1504 quibus
351 1424 465 1500 agimus
475 1421 639 1482 innumeros
653 1425 754 1500 perire,
774 1435 803 1483 et
816 1425 963 1484 beneficiis
974 1427 1089 1486 loederis
1102 1429 1219 1504 privari.
1243 1430 1301 1488 Sed
1315 1430 1351 1488 de
1365 1452 1427 1489 con-

231 1506 294 1564 silio
314 1513 342 1562 ct
353 1503 501 1562 intentione
515 1504 574 1560 Dei
584 1503 615 1560 in
630 1501 761 1562 Foedeu's
775 1504 875 1580 gratiae
897 1507 1064 1565 sanctione:
1093 1507 1143 1565 Au
1156 1509 1316 1586 respexerit
1330 1530 1429 1569 omnes

232 1592 262 1644 et
275 1583 413 1660 singulos,
428 1590 461 1641 ut
475 1582 518 1644 illi
531 1581 649 1658 vellent,
665 1580 715 1640 An
728 1583 868 1659 quosdam
879 1589 1013 1644 tantum?
1033 1587 1112 1662 quod
1125 1589 1286 1647 statuimus.
1319 1593 1348 1647 2.
1364 1590 1428 1648 Non

231 1663 378 1742 quaerihrr,
400 1661 449 1720 An
468 1661 583 1721 vocatio
604 1661 642 1721 ed
662 1661 764 1737 foedus,
786 1683 850 1740 quae
871 1663 905 1721 fit
920 1665 1123 1740 perverbum,
1143 1667 1314 1726 universalis
1335 1668 1428 1744 fuerit,

233 1742 439 1802 Particularem
453 1741 531 1799 euim
545 1741 633 1800 fuisse
647 1742 749 1802 saltem
763 1743 817 1802 sub
832 1743 933 1802 Veteri
947 1743 1140 1820 Testamento,
1156 1745 1270 1804 diffiteri
1284 1767 1342 1805 non
1362 1769 1427 1826 pos-

231 1823 498 1894 111111111πὰ1.
532 1821 598 1896 Sed,
619 1821 668 1880 An
682 1820 767 1880 detur
783 1823 897 1881 vocatio
911 1823 996 1882 realis
1010 1843 1060 1900 per
1075 1824 1169 1900 Opera
1188 1835 1306 1902 natura,
1322 1847 1380 1903 qua
1392 1827 1429 1886 ad

230 1902 325 1962 foedus
339 1902 439 1979 gratie
454 1919 553 1958 omnes
563 1905 743 1960 evocentur?
764 1901 849 1975 Quod
862 1901 905 1959 illi
919 1911 1058 1976 asserunt,
1075 1903 1136 1961 Nos
1150 1923 1298 1980 negamus.
1320 1909 1348 1964 3.
1364 1907 1429 1964 Nou

230 1982 376 2060 quaeritur,
392 1979 517 2039 Ansina
532 1979 647 2039 Christo
660 1981 791 2039 homines
804 1980 853 2038 vel
874 1981 982 2039 servari
1003 1981 1061 2040 siut
1073 2001 1209 2059 unquam,
1225 1984 1272 2042 vel
1286 1988 1431 2062 potuerint

230 2061 360 2121 servari?
381 2061 556 2137 Agnoscunt
569 2059 646 2117 enim
660 2059 772 2118 nullum
785 2059 941 2118 aliudesse
956 2060 1057 2119 salutis
1071 2062 1211 2138 medium,
1229 2063 1295 2140 Sed,
1308 2065 1358 2122 An
1369 2065 1428 2124 eine

230 2141 394 2218 cognitione
410 2138 517 2199 Christi
530 2138 622 2196 adrrlti
635 2138 782 2215 potuerint
795 2139 916 2197 salutern
931 2141 1092 2217 consequi?
1113 2141 1197 2215 Quod
1216 2162 1364 2220 negamus,
1381 2145 1428 2202 Illi

229 2219 379 2282 affirmant.
413 2221 441 2277 1.
457 2217 590 2294 Denique
603 2237 662 2276 uon
676 2217 821 2294 queritur,
837 2216 887 2275 An
901 2219 981 2277 varia
994 2219 1134 2280 beneficia
1149 2221 1228 2280 Deus
1242 2223 1366 2299 singulis
1379 2224 1428 2281 ho·

229 2299 355 2358 minibus
369 2295 497 2376 quotidie
510 2296 658 2373 largiatur,
674 2295 779 2373 quibus
793 2297 949 2356 bonitatem
966 2318 1047 2356 suam
1061 2307 1090 2358 11
1104 2300 1226 2375 gratim
1237 2303 1350 2361 miseris
1363 2323 1427 2380 pec·

228 2378 374 2438 catoribus
387 2379 533 2438 testatur?
554 2375 620 2433 Hoc
633 2376 710 2433 enim
724 2374 801 2452 apud
815 2395 914 2434 ornnes
935 2385 979 2435 est
998 2377 1029 2436 iu
1043 2379 1182 2438 confesso.
1227 2381 1293 2456 Sed,
1312 2381 1361 2439 Au
1376 2383 1431 2442 ista

229 2457 369 2518 beneficia
383 2458 441 2516 sint
456 2455 600 2521 salutaria.
616 2473 680 2530 qun
697 2453 788 2513 fluant
801 2475 839 2513 ex
853 2455 960 2514 foedere
981 2458 1090 2533 gratiae,
1106 2465 1135 2516 et
1148 2459 1250 2518 merito
1266 2461 1380 2537 Christi,
1402 2472 1429 2520 ct

229 2537 431 2615 dispensentur
444 2555 462 2594 a
476 2533 548 2607 Deo,
563 2539 596 2592 ut
611 2533 696 2592 Patre
711 2542 741 2592 et
755 2533 957 2611 Redemptore,
972 2555 1009 2594 ex
1024 2536 1182 2596 intentione
1197 2539 1322 2599 salutis?
1346 2541 1429 2615 Quod

228 2626 361 2677 asserunt
381 2616 443 2692 illi3
476 2613 538 2672 Nos
557 2630 707 2689 negamus.
743 2612 785 2672 Ut
804 2613 931 2687 Quaestio
952 2634 987 2673 eo
1006 2616 1114 2692 redeat,
1137 2617 1187 2674 An
1204 2617 1298 2678 foedus
1319 2621 1427 2696 gratiae,

228 2696 307 2774 quod
327 2699 357 2756 iu
372 2693 486 2755 Christo
508 2691 589 2750 Deus
609 2710 675 2750 cum
695 2693 860 2752 homiuibus
882 2694 1035 2771 contraxit,
1059 2696 1097 2754 eit
1117 2697 1289 2773 universale,
1312 2709 1341 2757 et
1365 2720 1429 2758 cum

228 2777 362 2836 omnibus
382 2781 412 2834 et
432 2769 555 2847 singulis
573 2770 665 2846 primo
686 2771 717 2829 in
731 2771 856 2847 Adamo,
871 2773 975 2832 deiude
997 2773 1027 2831 in
1042 2775 1169 2850 Noacho,
1185 2786 1215 2835 et
1235 2787 1379 2854 postremo
1400 2780 1429 2836 in

228 2855 343 2916 Christo
358 2855 469 2925 initum,
485 2849 510 2908 si
529 2868 587 2907 nou
601 2849 697 2927 quoad
711 2860 847 2911 eventum
861 2852 912 2927 rei,
934 2853 1037 2912 saltem
1051 2854 1146 2931 quoad
1160 2855 1381 2916 destinationem
1401 2867 1430 2917 et

227 2935 415 2996 intentionem
431 2929 495 3006 Dei,
518 2929 543 2989 si
562 2949 621 2988 uon
635 2931 731 3007 quoad
749 2931 941 3009 receptionem
956 2941 985 2991 et
998 2952 1083 2992 usum
1104 2935 1204 3010 gratiae
1219 2936 1380 3014 objectirae,
1402 2949 1432 2998 et

227 3015 406 3094 subjective,
421 3011 523 3073 saltem
537 3008 633 3088 quoad
647 3012 711 3089 ejus
723 3011 907 3070 oblationem.
949 3011 998 3069 Illi
1017 3011 1166 3090 affirmant,
1183 3015 1244 3073 Nos
1263 3035 1411 3093 negamus.

314 3147 320 3160 ,
430 3145 436 3158 ,
529 3089 603 3150 VII.
627 3090 735 3150 Foedus
750 3090 859 3150 Gratiae
872 3091 1044 3169 particulare
1058 3111 1121 3150 esse
1135 3113 1174 3151 ex
1187 3095 1275 3152 111111
1289 3105 1377 3172 patet
1404 3100 1430 3156 1.

226 3145 459 3248 fflfflffiffi'
492 3169 541 3228 Ex
553 3170 618 3246 ejus
632 3171 833 3230 destinatione:
864 3170 939 3244 Quia
951 3171 1063 3230 nullum
1078 3171 1163 3230 datur
1180 3172 1210 3229 in
1226 3173 1289 3232 Deo
1302 3175 1431 3252 proposi·

255 3209 399 3306 ffimttur.
491 3256 554 3307 tum
567 3255 597 3307 et
609 3249 746 3307 voluntas
765 3249 938 3308 universalis
958 3249 1112 3309 miserendi
1132 3251 1221 3310 totius
1243 3253 1431 3314 (1111111111-

255 3315 331 3418 {ina}
349 3318 400 3372 ⁰1¹¹·
411 3316 463 3362 ω’
492 3325 579 3399 mant,
602 3325 653 3384 sed
666 3326 819 3385 consilium
838 3327 1011 3403 particulare
1031 3349 1069 3388 ex
1090 3331 1235 3390 communi
1254 3351 1350 3392 messa
1370 3353 1430 3392 cor·

330 3386 383 3419 ΜΘ·
490 3409 575 3479 rupta
589 3411 698 3462 certum
712 3423 862 3462 numerum
876 3405 1003 3481 eligendi
1017 3417 1046 3466 et
1064 3408 1101 3467 ed
1120 3409 1241 3468 salutem
1261 3410 1432 3488 destinandi,

225 3491 259 3544 ut
279 3481 342 3542 fuse
362 3481 514 3559 probatum
528 3479 582 3539 fuit
596 3481 630 3539 P.
652 3481 678 3540 Ι.
693 3481 763 3539 Loc.
779 3481 833 3540 IV.
850 3483 884 3558 Q.
902 3485 947 3543 17.
991 3485 1033 3545 Ut
1053 3507 1123 3565 ergo
1143 3488 1180 3547 ab
1200 3497 1306 3550 aterno
1320 3491 1432 3550 nullum

226 3561 286 3622 tale
299 3559 394 3620 foedus
407 3560 438 3618 in
451 3557 572 3619 consilio
588 3559 643 3618 Dei
656 3559 832 3620 destinatum
846 3569 899 3638 est,
912 3562 959 3622 Ita
971 3583 1025 3623 nec
1038 3566 1068 3624 iu
1082 3576 1211 3646 tempore
1225 3571 1411 3630 contrahitur.

532 3637 624 3698 VIII.
648 3637 790 3715 Secundo,
806 3639 855 3698 Ex
868 3642 931 3718 ejus
939 3647 1142 3720 procuratione
1152 3672 1162 3706 .·
1187 3648 1261 3723 Quia
1275 3649 1432 3710 satisfactio

226 3705 472 3810 2E¹rfffgm¹²¹⁰⁰I
493 3715 609 3792 Christi,
625 3737 689 3795 quae
709 3727 844 3797 procurat
864 3720 948 3780 nobis
968 3723 1023 3783 hoc
1037 3723 1140 3801 foedus,
1158 3735 1188 3787 et
1207 3747 1265 3804 qua
1284 3738 1318 3787 ut
1330 3729 1432 3788 funda·

397 3793 405 3806 ⁰
491 3804 588 3855 mento
602 3797 711 3874 nititur,
726 3798 906 3875 particularis
926 3800 989 3878 fuit,
1010 3806 1139 3880 praestita
1153 3805 1268 3866 demum
1281 3827 1333 3885 pro
1347 3808 1385 3867 iis
1404 3810 1435 3868 11

227 3895 350 3956 quorum
362 3875 459 3935 locum
479 3894 518 3934 ex
538 3874 638 3935 ordine
660 3877 716 3936 Dei
729 3877 830 3938 debuit
850 3898 881 3940 se
903 3881 1076 3943 substituere
1096 3893 1129 3944 ut
1142 3885 1274 3963 Vadam,
1306 3886 1357 3964 qui
1377 3888 1433 3966 ipsi

227 3957 289 4017 dati
310 3965 377 4016 sunt
397 3975 415 4015 a
430 3955 515 4014 Patre
535 3954 695 4016 redimendi
708 3965 846 4034 tauquam
867 3958 979 4036 Samen,
997 3963 1135 4040 Poprdus,
1155 3974 1186 4024 et
1200 3966 1311 4043 Corpus
1331 3967 1341 4024 i
1362 3968 1431 4044 1111,

228 4036 298 4095 Filii
308 4035 513 4113 promissionis,
526 4034 631 4111 quihus
642 4035 727 4095 datus
741 4045 785 4095 est
799 4057 816 4096 a
831 4037 903 4115 Deo,
915 4047 948 4098 ut
956 4039 1101 4101 Mediator
1109 4053 1138 4104 et
1149 4044 1242 4122 Caput
1255 4045 1293 4104 ad
1301 3987 1432 4125 redemp-

227 4115 335 4176 tionem
349 4116 408 4174 illis
428 4113 622 4191 obtinendam,
637 4115 786 4193 atquibus
806 4137 844 4176 err
865 4118 964 4177 ordine
979 4121 1043 4196 Dei,
1059 4141 1117 4181 11111
1130 4131 1242 4183 tanturn
1256 4126 1376 4186 meritus
1389 4134 1434 4186 est

227 4195 391 4256 salutemet
404 4195 534 4272 gloriam,
545 4193 597 4254 sed
607 4195 694 4256 etiarn
707 4195 830 4273 gratiam
847 4196 980 4276 Spiritus,
991 4209 1021 4260 et
1031 4203 1277 4279 regenerationem
1292 4225 1326 4264 ac
1335 4205 1432 4282 fidem,

224 4282 258 4336 ut
271 4292 324 4336 suo
337 4274 402 4334 loco
415 4273 592 4353 probabitur.
1209 4339 1212 4344 ,

379 4419 385 4432 .
412 4418 418 4432 Ι
529 4353 590 4413 IX.
612 4353 719 4429 111111,
743 4353 772 4412 Α
795 4356 1027 4418 1111111111ιῦ11
1046 4361 1184 4433 scedasi:
1216 4361 1291 4437 Quia
1317 4363 1355 4422 ad
1383 4383 1433 4424 eos

227 4417 469 4524 hssnfflffiffil
488 4440 601 4492 tantun
621 4432 716 4492 foedus
736 4432 836 4510 gratiae
856 4435 989 4512 pertinet,
1011 4435 1049 4496 ad
1062 4457 1135 4515 quos
1154 4441 1299 4518 pertinent
1312 4445 1433 4520 promis·

422 4507 429 4522 ’
489 4511 584 4572 111111
598 4513 628 4570 iu
647 4513 699 4571 illo
713 4531 866 4590 expressae.
890 4512 934 4572 At
947 4533 1006 4573 nou
1019 4514 1057 4575 ad
1070 4537 1170 4578 omnes
1184 4528 1213 4579 et
1227 4521 1366 4598 singulos,
1383 4523 1435 4582 sed

227 4595 339 4650 tautum
363 4587 401 4647 ad
421 4589 528 4652 electos
548 4599 578 4652 et
597 4591 698 4653 fideles
721 4591 874 4671 pertinent,
896 4592 1001 4672 quihus
1021 4595 1097 4658 1111
1116 4599 1354 4677 promissionibus
1375 4601 1435 4660 illis
