3202 5194
237 301 293 356 112
668 313 760 356 cocus
774 312 953 355 curremus.
1235 289 1364 376 [ounsr.
1381 315 1445 356 xix.

235 455 413 534 sperantes,'’
429 453 497 532 quia
510 453 552 513 ibi
566 454 683 532 quidem
697 454 872 532 praecipitur,
888 454 960 532 quid
975 452 1147 530 faciendum,
1171 473 1231 513 non
1245 456 1315 534 quid
1329 463 1444 516 tantum

235 535 407 610 faciendum,
422 535 597 613 pauperibus
611 535 680 594 nim.
695 545 725 594 et
738 536 839 612 egenis
853 537 939 594 etiam
954 534 1194 611 subveniendum,
1210 536 1347 613 aquibus
1367 538 1443 596 nihil

236 615 345 694 sperari
358 615 460 692 possit.
501 619 529 674 2.
547 615 579 674 si
592 615 691 674 Verba
706 615 813 674 Christi
827 615 962 673 vexanda
972 614 1074 690 forent,
1091 623 1268 692 sequeretur,
1283 637 1320 676 ne
1335 625 1443 676 sortem

235 695 355 775 quidem
368 695 405 754 ab
419 696 480 754 ullo
493 695 687 773 repetandam,
703 695 772 772 quia
786 694 923 772 jubemur
937 690 1048 771 δανιίζιιι
1061 692 1133 770 pall·
1146 697 1333 774 ὶπιλπίζοπες,
1356 697 1444 756 adeo·

236 797 292 854 que
306 795 364 834 non
378 775 473 834 minus
487 785 594 834 sortem
608 794 695 852 quam
708 795 839 852 usuram,
861 775 940 852 quod
953 786 1050 834 tamen
1063 775 1205 852 injustum
1226 797 1290 837 esso
1312 777 1445 837 absoluta

236 865 265 916 et
279 855 481 915 universaliter
494 875 578 914 nemo
592 875 698 932 negare
712 863 816 932 potest.
859 859 887 915 3.
911 855 1023 932 Scopas
1043 863 1089 913 est
1104 856 1214 914 hortari
1228 857 1266 915 ad
1279 857 1443 916 beneficen-

235 937 306 995 tiam
321 955 391 1012 erga
404 955 553 1012 pauperes,
568 942 602 994 nt
623 934 682 993 illis
698 954 814 1012 quoque
832 941 955 1012 urgente
973 935 1144 994 necessitate
1166 935 1277 1014 aliquid
1297 946 1443 1014 erogetur,

236 1015 350 1075 etiamsi
371 1015 451 1073 nulla
475 1034 541 1092 spes
562 1021 706 1092 appareat,
728 1015 777 1073 vel
796 1014 879 1090 lucri,
894 1017 943 1074 vel
963 1035 999 1074 ne
1025 1015 1110 1074 sortis
1134 1016 1272 1093 quidem:
1303 1037 1357 1075 nec
1380 1017 1444 1076 sine

236 1116 324 1154 causa
339 1095 470 1153 Christus
484 1095 520 1153 de
534 1095 589 1152 hac
603 1095 698 1171 specie
711 1094 804 1154 mutui
827 1095 964 1171 loquitur,
980 1095 1049 1172 quia
1072 1095 1129 1153 ista
1150 1115 1168 1154 a
1191 1097 1276 1155 nobis
1298 1097 1444 1156 ordinarie

236 1175 403 1252 negligitur.
446 1175 507 1233 Nec
529 1174 594 1233 ideo
617 1174 849 1234 substituendum
871 1174 927 1234 fuit
940 1175 1062 1234 verbum
1080 1171 1133 1232 lira
1156 1195 1208 1252 pro
1227 1172 1352 1254 tamem,
1376 1197 1444 1235 cum

235 1255 370 1314 videatur
382 1275 462 1313 mera
476 1255 667 1332 eleemosyna,
683 1274 741 1312 non
761 1263 902 1314 mutuum.
944 1253 1018 1329 Quia
1036 1255 1067 1313 in
1089 1263 1190 1314 mutuo
1210 1269 1308 1316 manet
1329 1276 1444 1335 semper

235 1335 267 1393 in
281 1334 439 1412 accipiente
453 1334 592 1412 obligatio
602 1334 641 1393 ad
654 1333 840 1411 reddendum,
855 1334 925 1394 licet
937 1334 968 1392 in
982 1335 1069 1394 dante
1088 1353 1147 1394 non
1167 1335 1271 1395 debeat
1292 1357 1355 1396 esse
1376 1356 1444 1414 pro-

237 1415 346 1474 secutio
368 1415 461 1491 juris;
484 1414 527 1474 At
551 1415 763 1493 eleemosynam
783 1414 834 1490 qui
854 1415 967 1492 accipit,
989 1435 1048 1473 non
1068 1423 1183 1474 tenetur
1201 1416 1340 1492 reddere;
1367 1416 1443 1475 adde

237 1494 316 1572 quod
337 1495 404 1554 talis
433 1495 562 1572 erogatio
582 1495 656 1553 bene
676 1501 772 1571 potest
793 1493 851 1552 dici
871 1515 930 1552 non
949 1503 1062 1554 tantum
1082 1491 1190 1576 laterna,
1212 1495 1372 1556 sedetiam
1394 1492 1443 1553 δι’·

235 1599 330 1650 mrpu,
341 1575 378 1633 ob
387 1575 548 1633 mercedem
562 1574 691 1649 multam,
699 1593 785 1650 quam
797 1574 940 1634 Dominus
953 1574 997 1632 illi
1010 1575 1169 1652 pollicetur,
1177 1574 1245 1652 quia
1257 1575 1309 1652 qui
1322 1575 1445 1652 pauperi

237 1657 287 1713 dat
302 1655 366 1713 Deo
379 1655 509 1713 foenerat.
551 1657 580 1713 4.
602 1654 725 1729 Quidam
739 1654 781 1711 ita
800 1662 949 1732 exponunt
970 1656 1053 1732 quasi
1074 1655 1210 1732 scriptum
1230 1653 1332 1714 suisset
1351 1653 1444 1731 pet...

236 1733 426 1811 ἀπιλπίζοιπς,
437 1736 572 1793 nminem
585 1737 737 1810 desperare
742 1734 893 1809 facientes,
902 1742 936 1793 ut
949 1735 1129 1812 intelligatur
1137 1734 1172 1794 de
1181 1735 1319 1812 personis,
1331 1755 1390 1794 non
1405 1737 1443 1794 de

236 1816 332 1890 rebus,
339 1815 418 1893 quod
431 1814 539 1892 petitur
552 1835 590 1873 ex
606 1815 680 1892 Syro
691 1813 852 1890 Interprete
860 1815 911 1891 qui
925 1815 966 1874 ita
979 1814 1082 1890 reddit,
1092 1817 1194 1874 Mutuo
1205 1818 1278 1891 date,
1289 1825 1356 1874 etna
1361 1835 1444 1892 prm·

236 1896 369 1954 sandalis
382 1915 459 1971 spem
472 1895 597 1970 tamma,
609 1894 688 1971 quod
699 1893 866 1953 conveniret
877 1913 941 1952 curn
956 1894 1020 1952 loco
1034 1895 1181 1971 parallelo,
1192 1895 1289 1954 Matth
1299 1915 1328 1955 v.
1338 1900 1386 1972 42,
1401 1901 1443 1954 rb

234 1977 342 2036 θέλοντι
354 1979 405 2032 atri
420 1981 463 2032 rot
476 1970 630 2032 turchatus
642 1977 677 2050 μὲ
691 1976 865 2054 campaniis,
881 1993 917 2032 ne
931 1975 1077 2033 volentem
1091 1994 1109 2033 a
1122 1975 1207 2033 nobis
1220 1974 1345 2035 mutuari
1359 1996 1443 2035 aver-

238 2075 342 2130 semur,
357 2055 469 2113 necilli
483 2055 672 2131 precidamus
687 2074 767 2131 spem
781 2055 882 2129 mutui,
898 2074 1070 2132 quocunque
1083 2054 1148 2113 loeo
1161 2055 1240 2114 illins
1254 2075 1302 2115 res
1315 2056 1381 2131 sint,
1397 2076 1442 2115 rc-

237 2134 385 2212 spiciendo
404 2134 514 2192 sedicet
534 2133 572 2192 ad
592 2132 753 2192 mercedem
773 2134 858 2192 nobis
878 2134 1034 2211 repositam
1054 2133 1132 2212 apud
1153 2135 1258 2194 Deum.
1300 2135 1363 2194 Alii
1383 2156 1444 2195 non

237 2215 312 2273 male
322 2215 410 2291 juxta
423 2213 484 2270 vim
498 2213 579 2272 vocis
592 2213 747 2290 ὶπιλπίζιιι,
771 2215 841 2272 nibil
863 2217 1050 2290 damnantes,
1074 2213 1157 2292 quasi
1180 2215 1352 2275 beneficium
1375 2236 1442 2275 ves-

237 2303 314 2352 trum
328 2293 472 2370 perditum
486 2293 532 2369 sit,
547 2294 596 2352 vel
609 2296 732 2371 pecunia
747 2302 845 2352 vestra
858 2295 933 2352 male
948 2293 1096 2369 collocata,
1118 2295 1202 2372 quasi
1215 2295 1289 2353 nihil
1308 2295 1376 2355 inde
1396 2316 1442 2354 re·

136 2387 140 2394 '
237 2373 348 2450 cepturi
362 2373 433 2447 sitis,
449 2373 518 2450 quia
531 2393 640 2433 merces
654 2382 751 2433 vestra
765 2374 856 2433 multa
870 2393 983 2452 semper
996 2375 1052 2434 crit
1064 2375 1142 2452 apud
1157 2376 1260 2452 Deum,
1277 2375 1302 2435 si
1316 2375 1442 2436 officium

237 2453 312 2532 perit
325 2453 403 2530 apud
415 2452 556 2512 homines.

278 2533 387 2592 XVII.
410 2533 493 2592 Licet
504 2533 627 2610 pecunia
641 2553 678 2592 ex
692 2553 723 2592 sc
737 2532 871 2592 videatur
882 2533 996 2610 sterilis,
1011 2540 1108 2611 potest
1121 2541 1218 2594 tamen
1231 2533 1294 2594 fieri
1307 2531 1443 2595 foecunda

237 2633 290 2692 per
303 2614 367 2690 ejus
380 2633 473 2688 usum,
490 2613 564 2672 sicut
578 2633 648 2691 ager
661 2623 690 2673 ct
703 2613 810 2674 fundus
824 2633 883 2671 non
896 2633 948 2690 per
961 2633 1001 2688 se,
1017 2613 1069 2673 sed
1083 2615 1238 2674 accedente
1257 2616 1383 2674 humana
1396 2617 1439 2674 in-

237 2694 356 2770 dustria,
368 2693 498 2752 redditur
511 2693 627 2770 fertilis;
650 2694 711 2753 Nec
724 2713 776 2771 per
789 2713 906 2752 usuram
919 2693 1080 2769 legitimam
1093 2695 1139 2753 bis
1159 2694 1236 2753 idem
1251 2704 1440 2774 computatur,

236 2781 287 2833 aut
311 2775 427 2851 gemina
454 2773 559 2833 solutio
581 2774 717 2851 exigitur,
742 2773 985 2852 quemadmodum
1010 2773 1089 2832 aliud
1111 2783 1156 2834 est
1177 2775 1300 2851 pecunia
1322 2777 1440 2852 credita,

236 2854 317 2914 aliud
331 2853 441 2914 fructus
454 2855 505 2930 qui
529 2854 595 2912 inde
611 2863 748 2932 speratur,
764 2863 797 2914 ut
811 2853 918 2914 fundus
932 2852 1012 2912 aliud
1032 2853 1103 2931 quid
1123 2862 1168 2913 est
1188 2855 1225 2913 ab
1246 2856 1441 2915 emolumento

236 2935 316 3013 quod
330 2955 367 2993 ex
381 2934 470 2994 fundo
484 2935 649 3012 percipitur.

277 3015 403 3075 XVIII.
426 3015 557 3074 Christus
570 3015 601 3073 in
609 3015 731 3092 Templo
744 3011 1001 3073 nummulariorum
1015 3031 1130 3072 mensas
1143 3013 1256 3091 evertit,
1265 3013 1370 3074 Matth.
1378 3015 1440 3076 xxi.

239 3099 284 3170 12,
301 3116 407 3173 eosque
421 3104 497 3155 utet
511 3104 653 3172 emptores
667 3105 697 3154 et
710 3094 877 3153 venditores
891 3091 958 3151 inde
972 3093 1067 3170 ejecit,
1089 3113 1148 3153 non
1169 3102 1228 3153 tam
1250 3095 1329 3172 quod
1346 3115 1441 3154 emere

236 3185 265 3234 et
280 3175 414 3250 vendere,
429 3196 463 3234 ac
478 3195 610 3234 nummos
623 3182 785 3252 permutare
800 3173 838 3232 sit
851 3172 993 3247 illicitum,
1006 3193 1092 3250 qnam
1107 3173 1186 3251 quod
1198 3175 1280 3234 locus
1298 3183 1442 3234 mercatus

236 3275 274 3314 ex
289 3255 427 3313 orationis
441 3253 527 3312 domo
540 3254 602 3312 fieri
616 3275 674 3313 non
688 3254 812 3313 debeat:
842 3252 927 3328 Quod
950 3271 1019 3312 vero
1042 3254 1194 3330 culpantur
1215 3274 1253 3312 ex
1275 3253 1361 3312 domo
1385 3255 1442 3313 Dei

236 3335 338 3392 secuse
352 3334 519 3410 speluncam
532 3334 685 3408 latronum,
700 3353 758 3391 non
772 3341 833 3392 tam
847 3333 952 3392 dicitur
972 3351 1071 3391 eorum
1091 3341 1231 3409 respectu,
1254 3353 1340 3410 quam
1362 3333 1441 3410 quod

236 3433 305 3472 suas
318 3431 428 3472 merces
442 3413 472 3468 in
481 3413 633 3490 Templum
647 3413 804 3488 inserendo,
820 3413 1042 3473 conniventibus
1058 3411 1267 3486 Sacerdotibus,
1278 3412 1381 3470 horum
1395 3432 1440 3471 ra·

236 3493 354 3571 pacitati
369 3492 596 3570 subserviebant,
607 3492 748 3571 siquidem
763 3513 802 3552 ex
814 3493 865 3552 illa
878 3493 1070 3553 nummularia
1080 3500 1109 3551 ct
1119 3499 1287 3567 mercatura,
1298 3511 1351 3550 sua
1361 3511 1440 3552 com-

237 3572 344 3651 pendia
357 3571 546 3631 venabantur.

276 3653 371 3712 XIX.
395 3652 614 3712 Canonistarum
628 3653 752 3726 axioma,
767 3653 846 3729 quod
860 3673 939 3712 omne
953 3661 1078 3712 maneam
1091 3653 1190 3712 debeat
1201 3672 1258 3711 ease
1274 3652 1441 3730 gratuitum,

235 3753 292 3792 nou
306 3741 402 3812 potest
416 3732 585 3810 simpliciter
598 3733 712 3792 admitti
732 3733 768 3792 de
789 3742 889 3792 mutuo
909 3733 1024 3811 proprio
1045 3733 1131 3809 dieto,
1153 3733 1222 3810 quia
1235 3733 1345 3793 nemini
1358 3753 1443 3792 suum

235 3814 359 3874 officium
374 3813 460 3872 debet
474 3833 537 3872 esse
551 3812 731 3873 damnosum.
774 3814 835 3872 Nec
856 3813 949 3890 magis
970 3831 1084 3890 aequnm
1105 3822 1150 3873 est
1164 3813 1255 3891 gratis
1268 3813 1311 3872 nti
1324 3813 1443 3873 alterius

234 3896 356 3972 pecunia
370 3894 399 3952 in
414 3914 474 3953 rem
488 3899 624 3969 nostram,
637 3914 724 3970 quam
748 3893 833 3951 domo
848 3894 896 3951 val
910 3913 1004 3968 curru,
1026 3901 1060 3952 ut
1080 3892 1153 3951 nihil
1174 3893 1236 3970 ipse
1251 3903 1445 3970 consequatur

233 3976 345 4035 fructus
355 3984 384 4035 et
394 3974 588 4050 emolumenti,
600 3982 630 4033 et
640 3985 720 4033 tuum
732 3975 884 4054 erugat-rem
898 3973 936 4032 sit
945 3972 1024 4032 illius
1038 3973 1171 4054 trappa,
1187 3981 1220 4032 ut
1232 3973 1276 4030 illi
1290 3973 1328 4033 sit
1340 3971 1444 4050 balda,

235 4055 303 4114 dum
318 4055 372 4114 tibi
386 4063 430 4114 est
443 4055 529 4120 is'rtrn.

276 4134 353 4194 XX.
376 4134 515 4208 Quamvis
529 4134 709 4193 foeneratoris
722 4153 827 4192 nomen
842 4132 947 4191 infame
960 4132 1106 4192 redditum
1120 4133 1167 4208 sit,
1182 4139 1212 4190 et
1225 4151 1273 4191 ars
1286 4153 1345 4192 non
1359 4134 1445 4194 modo

234 4216 273 4275 sit
286 4214 443 4290 illiberalis,
467 4215 519 4274 sed
538 4223 568 4273 et
586 4214 725 4291 improba,
747 4212 862 4290 quando
876 4213 942 4290 quis
956 4221 1046 4272 artem
1060 4212 1212 4291 profitetur
1224 4214 1394 4290 usurariam,
1416 4223 1446 4274 ct

233 4295 379 4374 publicam
393 4292 511 4352 foenoris
525 4293 667 4352 officinam
678 4294 779 4371 aperit,
795 4293 842 4351 vel
856 4312 945 4370 quum
960 4313 1063 4352 usuras
1076 4291 1246 4352 immodicas
1261 4293 1362 4371 exigit,
1373 4294 1444 4353 civi·

234 4376 311 4435 libus
326 4373 455 4452 Legibus
468 4374 635 4450 damnatas;
655 4373 704 4432 vel
717 4392 806 4450 quum
820 4373 973 4449 impatiens
986 4393 1075 4432 morse
1085 4373 1136 4450 jus
1151 4392 1235 4432 suum
1249 4374 1336 4432 nimis
1350 4375 1445 4452 rigida

235 4475 305 4532 erga
325 4474 480 4532 pauperem
502 4454 692 4531 persequitur,
718 4452 765 4510 hic
779 4453 855 4510 enim
870 4471 1014 4511 summum
1026 4455 1076 4531 jus
1091 4473 1167 4531 saepe
1182 4473 1295 4512 summa
1308 4461 1353 4513 est
1367 4455 1443 4532 inju-

235 4536 287 4610 ria,
302 4555 360 4612 quo
374 4536 489 4594 nomine
503 4533 603 4594 Judaei
616 4541 646 4592 et
660 4532 846 4611 Longobardi
865 4531 937 4591 dicti
951 4534 1098 4609 trapezita
1112 4553 1172 4593 non
1185 4533 1329 4592 immerito
1344 4533 1442 4591 tradu-

235 4623 347 4689 cuntur,
372 4616 423 4692 qui
445 4615 584 4694 populum
606 4621 635 4672 et
659 4611 789 4691 inprimis
810 4631 950 4691 pauperes
970 4614 1067 4673 usuris
1081 4612 1263 4692 gravissimis
1277 4611 1391 4687 rodunt,
1414 4619 1444 4671 et
