3186 5210
266 350 324 408 498
657 364 753 410 rocus
768 366 902 408 uncinus
916 366 1061 411 abissus.
1287 347 1400 420 [curer.
1416 357 1451 398 11.

311 507 350 564 V.
373 505 438 564 Nos
452 507 541 564 fidem
556 505 586 562 in
601 513 745 581 conceptu
759 524 814 563 suo
828 507 965 564 notitiam
980 507 1131 563 includere
1145 503 1307 572 statuimus,
1318 518 1373 557 non
1383 498 1450 572 qnod

271 586 343 643 fides
355 586 393 642 sit
406 586 543 642 absolute
558 584 637 640 idem
652 604 720 642 cum
734 584 848 654 notitia,
865 587 913 641 rel
937 586 1018 660 quod
1033 585 1151 641 credere
1165 583 1244 640 idem
1262 580 1299 637 sit
1315 597 1347 636 ec
1358 576 1450 633 intelli-
1544 631 1545 642 ,

271 681 349 738 gere,
368 669 403 719 ut
423 663 565 720 Bellarm.
587 679 743 736 perperam
764 663 942 720 sententiam
963 669 1097 720 nostram
1122 659 1272 737 proponit;
1299 657 1354 715 Sed
1376 654 1451 728 quod,
1544 659 1545 666 ’

270 759 338 800 curn
353 759 447 815 genus
462 740 598 797 omnium
611 741 770 797 habituum
784 740 822 797 sit
835 741 951 811 notitia,
966 742 1039 798 fides
1053 747 1152 797 autem
1166 739 1230 813 ipso
1246 737 1352 794 fatente
1365 733 1399 790 sit
1409 733 1452 820 hs·
1544 761 1545 772 ι

269 819 349 876 bitus
363 818 541 888 intellectus,
555 817 629 874 fides
643 818 732 875 etiam
752 819 918 875 necessario
938 819 1077 876 notitiam
1095 818 1203 875 debeat
1216 811 1363 888 complecti
1375 816 1406 866 ut
1421 815 1453 866 sit

270 915 349 954 vera.
392 896 483 955 Unde
496 902 578 970 patet
591 913 653 952 non
666 898 746 953 bona
759 897 817 952 fide
829 896 1047 954 Bellarminum
1060 902 1191 952 mentem
1201 890 1316 952 Calviui
1328 904 1453 964 exponere

270 992 365 1050 quum
379 975 429 1046 ait,
444 982 462 1008 “
475 971 556 1032 Eum
570 972 676 1045 dicere,
690 991 752 1030 non
772 974 950 1047 ignorantia,
965 993 1020 1032 nec
1033 991 1136 1031 sensus
1156 971 1250 1029 nostri
1270 966 1451 1032 submissione,

270 1053 323 1110 sed
337 1052 506 1126 cognitione
520 1057 600 1107 certa
613 1058 643 1108 et
656 1053 812 1126 explorata
825 1071 951 1126 regnum
964 1053 1107 1108 coelorum
1118 1050 1221 1122 adiri,”
1234 1055 1269 1105 ut
1281 1065 1317 1104 ex
1329 1047 1389 1119 ejus
1399 1060 1451 1097 rer·

269 1130 315 1187 bis
328 1131 431 1204 colligi
444 1135 549 1204 potest.
582 1127 630 1186 Sic
643 1129 721 1186 enirn
735 1130 786 1186 ille
796 1130 940 1204 loquitur,
949 1130 1000 1187 lib.
1010 1129 1164 1187 iii-instit.
1173 1145 1236 1202 cap.
1248 1127 1276 1196 2,
1285 1145 1306 1182 s.
1318 1124 1343 1194 2,
1357 1121 1453 1180 “Scho-

159 1263 163 1276 ,
266 1207 363 1266 lastici
376 1214 577 1266 commentum
590 1205 773 1264 fabricarunt
786 1207 937 1282 implicitas
950 1207 1029 1278 fidei,
1044 1225 1105 1284 quo
1118 1206 1240 1263 nomine
1250 1220 1372 1262 crassam
1383 1199 1452 1273 igno·

269 1285 398 1342 resiliam
429 1291 577 1353 ornantes,
603 1285 717 1342 miserm
744 1285 907 1360 plebeculae
934 1305 1003 1343 cum
1033 1303 1143 1360 magna
1173 1283 1301 1359 pernicie
1330 1278 1453 1336 illudunt
1544 1331 1545 1338 ,

269 1364 403 1421 Hoccine
417 1364 534 1421 credere
548 1371 601 1432 est,
615 1363 691 1419 nihil
701 1363 877 1436 intelligere,
890 1365 982 1420 modo
996 1381 1116 1421 sensum
1127 1369 1216 1419 tuum
1230 1359 1392 1418 obedienter
1409 1353 1455 1410 Ec·

271 1441 368 1499 clesiae
378 1442 551 1499 submittas?
567 1440 593 1496 N
596 1459 634 1497 on
645 1441 675 1497 in
687 1440 940 1515 ignoratione‚scd
950 1441 981 1497 in
993 1441 1162 1516 cognitione
1173 1440 1230 1498 sita
1240 1446 1285 1496 est
1293 1438 1371 1505 fides,
1380 1439 1455 1506 atque
1544 1449 1545 1460 ¹

269 1521 324 1578 illa
337 1520 459 1596 quidem
472 1536 533 1576 non
556 1517 614 1575 Dei
636 1521 735 1590 modo,
750 1521 802 1575 sed
823 1519 932 1576 divinae
947 1519 1120 1576 voluntatis.
1142 1517 1207 1575 Nec
1227 1517 1306 1574 enim
1326 1532 1361 1571 ex
1372 1529 1404 1568 co
1420 1527 1456 1566 sa·

267 1600 364 1656 lutem
378 1597 597 1674 consequimur,
611 1599 659 1654 vel
680 1598 762 1671 quod
783 1597 880 1671 parati
894 1615 997 1654 sumus
1017 1615 1071 1672 pro
1085 1615 1155 1653 vero
1176 1593 1315 1672 amplecti
1333 1588 1455 1668 quiequid

270 1677 404 1734 Ecclesia
411 1675 629 1752 praescripserit,
640 1676 689 1732 vel
698 1676 779 1750 quod
788 1675 967 1749 inquirendi,
979 1675 1237 1749 cognoscendique
1245 1669 1416 1749 provinciam
1424 1666 1455 1721 sd

269 1755 365 1830 ipsam
385 1755 562 1828 relegamus,
583 1755 634 1810 sed
655 1755 776 1828 quando
799 1751 898 1810 Deum
919 1753 1107 1827 agnoscimus
1127 1751 1214 1810 nobis
1233 1769 1295 1810 csse
1314 1745 1457 1824 propitium

272 1831 392 1900 Patrem
402 1831 642 1889 reconciliatione
656 1850 708 1906 per
723 1830 874 1889 Christum
887 1831 976 1901 facta,
992 1835 1042 1888 bc.
1084 1829 1151 1887 Hac
1161 1830 1287 1904 inquam
1301 1823 1458 1900 cognitione,

270 1929 331 1968 non
343 1929 444 1968 sensus
458 1909 552 1967 nostri
568 1909 771 1979 submissione,
785 1909 952 1981 ingressum
966 1910 997 1965 in
1011 1927 1137 1982 regnum
1149 1907 1206 1966 Dei
1217 1902 1407 1972 obtinemus,’'
1417 1903 1459 1955 dte.

271 2029 301 2074 ln
314 2026 362 2073 fide
376 2043 429 2073 csso
445 2029 507 2072 nost·
570 1987 628 2045 VI.
652 1986 690 2044 In
704 1987 762 2044 fide
775 1986 890 2044 includi
903 1987 1040 2044 notitiam
1054 1993 1144 2062 patet,
1161 1987 1187 2044 1.
1204 1986 1286 2053 Quia
1307 2001 1358 2058 per
1376 1977 1461 2036 notiti-

301 2088 363 2190 ιιι
382 2088 506 2189 ssess-
528 2063 839 2202 ntflststs
851 2056 1462 2218 steteruntmaesti

528 2223 663 2291 refertur,
676 2225 726 2279 sed
738 2221 776 2278 ad
788 2222 989 2294 cognitionem
1000 2223 1161 2280 salutarem
1171 2221 1242 2278 fidei
1250 2221 1339 2277 debet
1347 2211 1462 2280 extendi,

272 2318 338 2373 quse
352 2299 383 2353 iu
395 2297 445 2353 via
458 2301 629 2371 requiritur,
644 2319 736 2373 quam
751 2299 886 2356 Christus
904 2300 1043 2375 proponit
1056 2306 1092 2356 ut
1111 2300 1244 2356 medium
1259 2304 1370 2355 certum
1382 2301 1409 2350 et
1425 2290 1462 2346 in·

270 2375 397 2432 fallibile
411 2376 611 2450 consequendi
625 2377 713 2433 istam
726 2377 828 2447 vitam,
840 2385 870 2435 et
883 2397 944 2453 quo
958 2379 1023 2453 ipsa
1035 2379 1067 2434 in
1086 2377 1172 2434 nohis
1185 2377 1352 2445 inchoatur,
1367 2374 1382 2430 1
1403 2369 1421 2427 J
1423 2371 1462 2456 oh.

271 2453 354 2510 v.13.
379 2451 427 2508 Sic
443 2451 501 2510 Isa.
516 2454 569 2510 liii.
587 2453 632 2522 11,
649 2454 754 2512 Seruus
768 2474 846 2511 oscos
855 2459 954 2530 justus
962 2456 1129 2534 justificabit
1142 2455 1247 2512 multos
1258 2453 1410 2530 cognitione
1418 2466 1464 2513 sto,

270 2532 311 2589 id.
327 2531 393 2598 fide,
409 2548 475 2603 quse
490 2532 553 2588 sola
567 2549 620 2587 nos
630 2533 783 2604 justificat.
826 2533 917 2592 Unde
931 2537 1001 2592 alibi
1012 2537 1077 2610 ejus
1087 2540 1171 2591 actus
1185 2551 1237 2608 per
1247 2529 1464 2590 intellectionem

273 2608 458 2679 describitur,
468 2609 546 2666 Heb.
558 2610 597 2665 xi.
614 2609 640 2678 3,
663 2609 762 2666 “Fide
772 2608 969 2684 intelligimus
988 2611 1381 2686 seculacsseeptataVerbo
1390 2602 1463 2664 Deis*

274 2689 314 2746 Et
327 2689 348 2747 J
351 2689 397 2745 oh.
413 2686 451 2742 vi.
468 2688 514 2758 69,
531 2696 548 2721 ‘⁵
559 2687 755 2757 Credidimus,
770 2695 799 2744 et
810 2690 987 2761 agnovimus
1001 2699 1031 2749 te
1045 2710 1106 2748 esse
1122 2691 1275 2750 Christum
1297 2688 1404 2747 Filium
1416 2679 1464 2741 Dci

274 2765 441 2834 Viventis‚”
455 2766 506 2822 ubi
520 2766 627 2823 notitia
648 2765 769 2822 additur
783 2767 851 2823 fidei
869 2770 907 2825 ad
928 2769 993 2841 ejus
1013 2768 1161 2844 exegesin,
1175 2775 1210 2824 ut
1231 2767 1377 2824 innuatur
1396 2763 1423 2819 in
1436 2777 1464 2816 eo

272 2846 400 2920 positam
421 2862 491 2900 esse.
534 2844 618 2902 Alibi
636 2845 710 2901 fides
731 2845 908 2919 exprimitur
927 2865 981 2921 per
1000 2857 1147 2918 κιηριφιςίι,
1160 2855 1269 2913 seviens,
1285 2843 1466 2904 certitudinem

271 2923 475 3000 intelligentior,
492 2921 603 2980 Coloss.
619 2923 648 2979 ii.
661 2923 688 2992 2,
700 2941 752 2996 per
777 2932 893 2992 selvam
905 2934 1021 2997 tantatus,
1036 2926 1055 2982 2
1069 2925 1144 2982 uim.
1156 2923 1196 2981 iii.
1212 2923 1240 2987 7.

272 3028 293 3073 2.
316 3027 381 3078 Quis
401 3026 462 3072 fidas
483 3033 508 3070 ,ι
569 2999 648 3058 VII.
671 2999 698 3057 2.
722 3000 802 3067 Quia
814 3001 886 3059 fides
897 3010 927 3060 et
940 3003 1075 3061 Verbum
1089 3009 1160 3060 sunt
1169 3003 1274 3073 relata,
1291 3003 1377 3064 Rom.
1390 3018 1417 3056 x.
1427 2995 1465 3062 17,

301 3087 410 3131 Verbum
448 3089 508 3129 suns
528 3078 549 3137 J
551 3080 599 3135 oh.
616 3079 652 3135 vi.
668 3077 715 3134 45.
739 3079 820 3153 Ergo
835 3081 886 3137 ubi
900 3087 945 3138 est
957 3083 1038 3152 fides,
1053 3080 1095 3138 ibi
1107 3082 1196 3138 debet
1209 3099 1271 3138 csse
1282 3080 1395 3147 notitia,
1406 3073 1467 3150 quit

304 3146 389 3190 relata.
530 3157 666 3214 Verbum
687 3174 748 3213 non
775 3165 874 3232 potest
896 3159 975 3215 credi
999 3177 1054 3217 nec
1073 3157 1162 3234 recipi
1186 3158 1243 3215 nisi
1265 3163 1466 3234 cognoscatur:

273 3256 344 3295 nam
358 3235 502 3309 utigncti
516 3235 660 3292 nullaest
674 3234 791 3309 cupido,
812 3236 855 3293 ita
878 3255 1090 3294 necassensus.
1133 3235 1173 3293 Et
1191 3237 1216 3292 si
1232 3237 1306 3294 fides
1319 3242 1410 3294 estex
1423 3248 1467 3288 au·

274 3315 340 3371 ditu
356 3314 459 3382 Verbi,
473 3322 503 3371 et
517 3333 554 3370 ex
567 3312 754 3370 institutione
770 3311 875 3384 Petris,
890 3321 907 3348 “
921 3314 1065 3389 Quisquis
1079 3315 1195 3373 audivit
1203 3321 1233 3372 ct
1244 3315 1377 3372 didicits
1391 3311 1467 3370 Patre

273 3392 356 3448 venit
369 3391 408 3447 ad
424 3390 604 3459 Christum,”
620 3390 641 3448 J
643 3391 691 3447 oh.
705 3391 744 3447 vi.
760 3391 809 3462 46,
823 3394 974 3466 quomodo
989 3400 1161 3468 potestesse
1179 3392 1242 3450 sine
1256 3392 1387 3450 notitia?
1424 3388 1467 3444 An

274 3468 370 3524 fidelis
383 3473 481 3541 potest
494 3486 557 3524 esse
570 3474 715 3527 sesama
729 3468 792 3525 sine
806 3471 975 3544 cognitione
989 3489 1090 3528 rerum
1104 3489 1171 3544 qua
1185 3489 1204 3528 a
1217 3470 1283 3528 Deo
1300 3465 1456 3528 docentur?

273 3571 295 3616 3.
311 3571 376 3619 Qus,
389 3571 509 3614 confessio
570 3544 669 3602 VIII.
695 3547 722 3602 3.
746 3547 827 3614 Quia
850 3549 1063 3606 confessionem
1084 3549 1153 3605 fidei
1171 3551 1268 3619 edere,
1283 3555 1315 3606 et
1336 3548 1467 3605 rationem

303 3627 359 3672 fidei
378 3629 447 3672 nous
465 3629 508 3671 nn-
529 3623 594 3694 ejus
613 3625 736 3680 reddere
752 3624 905 3697 jubemur,
928 3625 1006 3684 Rom
1031 3649 1060 3684 x.
1077 3627 1123 3698 10,
1149 3634 1166 3661 ‘⁶
1179 3627 1276 3685 Corde
1289 3627 1417 3683 creditur
1435 3619 1467 3676 sd

304 3691 413 3745 paratur.
525 3700 683 3773 justitiam,
698 3707 729 3757 et
742 3719 792 3759 ore
806 3705 840 3760 fit
852 3705 996 3762 confessio
1011 3707 1049 3763 ad
1068 3705 1224 3763 salutem.”
1267 3703 1308 3762 Et
1328 3705 1343 3762 1
1361 3703 1419 3761 Pet.
1432 3697 1466 3754 iii.

275 3781 320 3852 15,
337 3786 354 3812 ‘¹
367 3777 469 3836 Estote
483 3777 578 3853 parati
592 3779 630 3834 ad
644 3779 789 3836 rationem
801 3783 984 3840 reddendam
995 3784 1066 3858 spei,
1076 3801 1142 3858 quac
1154 3789 1198 3840 est
1210 3783 1241 3838 iu
1253 3783 1348 3852 vobis,
1359 3779 1467 3838 cuilibet

274 3858 415 3936 petenti.'’
457 3855 539 3932 Ergo
552 3855 659 3913 notitia
672 3856 704 3912 iu
723 3857 780 3913 fide
794 3861 958 3917 necessaria
972 3869 1025 3918 est.
1061 3861 1137 3929 Quis
1150 3860 1231 3918 enim
1244 3861 1355 3918 dixerit
1368 3855 1435 3917 cons
1458 3884 1468 3896 ·

273 3938 386 3996 sionem
400 3935 457 4006 edi,
470 3942 500 3993 et
512 3935 658 3992 rationem
671 3935 756 3991 reddi
770 3955 855 4010 posse
868 3957 969 3995 rerum
981 3940 1174 4013 ignotarum?

314 4015 372 4072 IX.
395 4015 423 4070 4.
441 4015 521 4082 Quia
534 4013 643 4089 passim
657 4013 764 4071 notitia
777 4015 808 4071 in
822 4017 880 4073 fide
894 4016 1065 4090 requiritur.
1082 4018 1162 4075 Hinc
1171 4015 1295 4076 Verbum
1304 4017 1381 4094 fidei
1393 4027 1469 4070 rocs-

274 4102 325 4150 tur
338 4095 481 4168 sapientia
495 4104 522 4150 et
546 4093 726 4168 intelligentia
746 4093 889 4164 fidelium,
913 4095 1002 4152 Deut.
1025 4095 1064 4154 iu.
1079 4098 1106 4154 6.
1139 4095 1217 4154 Dan.
1242 4097 1283 4152 ix.
1308 4097 1357 4166 22,
1382 4090 1467 4162 “Ego

276 4172 373 4242 veni,’'
388 4172 487 4246 inquit
501 4171 648 4246 Angelus,
664 4179 728 4228 “ut
741 4171 907 4245 intelligere
927 4179 957 4230 tc
971 4173 1095 4246 faciam
1110 4175 1244 4248 intellige
1258 4174 1384 4231 verbum
1391 4178 1420 4229 et
1431 4170 1467 4224 in·

273 4250 376 4323 tellige
389 4249 563 4307 visionem.”
597 4249 732 4308 Christus
751 4250 839 4324 jubet
860 4251 987 4308 eustasi
1002 4251 1180 4329 Scripturas,
1199 4253 1220 4311 J
1223 4254 1270 4310 oh.
1285 4271 1313 4308 v.
1339 4251 1386 4320 39,
1398 4243 1469 4323 quod

274 4329 336 4386 sine
351 4327 520 4401 cognitione
533 4328 597 4384 fieri
610 4329 723 4403 nequit.
752 4327 931 4386 Laudentur
945 4329 1125 4403 Benacenses,
1137 4332 1218 4406 quod
1230 4329 1341 4389 auditis
1351 4347 1371 4385 a
1384 4325 1469 4384 Paulo

274 4414 384 4463 temere
398 4423 458 4460 non
473 4405 660 4476 crediderint,
675 4407 725 4463 sed
741 4423 779 4463 an
793 4423 862 4463 cum
885 4406 1046 4483 Scripturis
1066 4411 1289 4480 concordarent,
1309 4406 1414 4465 sedulo
1432 4401 1470 4457 in·

273 4483 487 4554 vestigaverint
500 4492 649 4556 turneham
665 4497 706 4544 m
719 4494 817 4556 γραφὰς,
830 4487 1003 4558 conserentes
1017 4488 1195 4563 Scripturas,
1208 4488 1277 4545 Act.
1286 4484 1356 4544 xvii.
1370 4483 1413 4540 11,
1438 4477 1471 4536 Et

274 4559 346 4614 alibi
361 4558 475 4616 Paulus
488 4561 595 4618 laudat
610 4561 788 4631 Corinthios,
803 4564 885 4637 quod
906 4564 992 4621 ditati
1014 4566 1073 4623 sint
1087 4565 1169 4624 omni
1185 4565 1363 4640 cognitione,
1380 4562 1395 4618 l
1411 4557 1469 4616 Cor·

274 4634 293 4689 i.
309 4633 336 4706 ὁ,
350 4641 381 4691 et
393 4643 535 4710 provocat
547 4639 586 4694 ad
600 4656 704 4696 eorum
714 4639 873 4714 judicium,
889 4659 912 4697 c.
927 4659 955 4698 x.
973 4642 1019 4718 15,
1033 4643 1175 4703 Jads'eotc
1185 4644 1240 4721 ipsi
1253 4641 1330 4720 qood
1345 4640 1426 4700 dico:
1445 4642 1472 4690 ct
