3202 5194
277 371 316 428 ’τι
720 381 811 424 nocue
826 379 1006 422 uunscurua.
1272 357 1402 439 [eumer.
1420 381 1509 422 xnr.

247 583 250 590 .
277 535 433 607 potuerunt
445 523 655 586 commodiores
667 541 741 598 asse,
757 542 844 601 quam
859 521 921 582 dies
942 519 1057 598 septimi
1072 517 1307 593 hebdomadales,
1322 520 1374 596 qui
1388 541 1409 580 s
1425 523 1509 583 Deo

276 607 415 686 peculiari
429 607 539 666 ratione
554 603 698 665 benedieti
712 611 742 664 et
762 601 934 662 sanctificati
947 608 1029 662 erant
1048 600 1087 660 ed
1099 599 1228 677 quietam
1241 599 1367 660 hominis
1381 602 1425 662 ed
1448 603 1506 661 in·

276 695 337 748 star
371 687 456 746 uietis
471 687 536 746 Dei.

278 708 518 906 ardena
540 758 1426 919 auru
1438 762 1500 901 u

306 919 433 966 Sabbatha
538 863 687 984 moralepet
697 931 875 1002 perpetuum,
886 919 936 980 An
945 919 1143 980 caeremoniale
1156 927 1269 978 tanturn
1284 920 1361 980 etad
1371 931 1498 982 eertum

276 1012 390 1082 tempus
405 1003 618 1064 constitutum?
659 1004 742 1064 Circa
752 1023 839 1081 quam
850 1003 922 1060 Tres
933 1006 1087 1060 occurrunt
1099 999 1252 1077 praecipaua
1266 999 1496 1080 Theologorum

278 1083 444 1158 Sententia,
461 1084 535 1143 Duas
549 1093 694 1160 extrema,
707 1093 737 1144 et
747 1083 845 1142 Tertia
858 1081 962 1141 media.
1004 1079 1103 1140 Prima
1113 1099 1177 1157 quae
1188 1080 1290 1140 statuit
1300 1081 1495 1159 Praeeptum

276 1183 340 1224 esse
354 1163 522 1241 simpliciter
542 1165 650 1224 morale
671 1173 700 1224 et
720 1171 900 1241 perpetuum,
916 1160 1009 1235 Quam
1028 1168 1188 1238 sequuntur
1200 1160 1319 1238 Judaei;
1342 1160 1394 1220 Ad
1408 1181 1494 1239 quos

275 1244 451 1303 secedebant
464 1243 534 1302 olim
550 1244 703 1320 Ebionita,
720 1242 906 1317 Cerintbiani,
918 1240 1146 1319 Apollinarium,
1161 1248 1191 1298 et
1200 1239 1259 1316 alii,
1271 1242 1420 1300 communi
1431 1262 1492 1300 no·

275 1323 352 1382 mine
366 1324 549 1384 Sabbatlamii
565 1324 643 1400 dicti,
666 1324 716 1401 qui
736 1323 814 1383 diem
835 1322 988 1400 septimum
1009 1340 1069 1380 non
1088 1320 1185 1379 minus
1204 1339 1281 1380 nune
1301 1341 1389 1398 quam
1411 1322 1491 1381 olim

275 1403 447 1463 sanctificari
458 1403 603 1480 volebant,
616 1423 689 1482 quos
699 1425 717 1464 a
727 1402 819 1463 veteri
834 1401 966 1462 Ecclesia
978 1402 1122 1460 hereseos
1132 1399 1283 1460 damnatos
1293 1400 1383 1462 fluisse
1397 1410 1490 1462 notat

276 1484 384 1544 Euseb.
398 1484 465 1542 hist
480 1483 532 1543 lib.
541 1483 582 1542 iii.
597 1503 660 1562 cap.
670 1487 727 1561 213
752 1481 890 1560 aquibus
904 1501 963 1540 nou
977 1489 1045 1542 sunt
1054 1479 1149 1556 alieni,
1156 1480 1207 1558 qui
1221 1479 1379 1542 etiamnum
1392 1482 1489 1542 hodie

274 1571 450 1642 praeceptum
464 1563 519 1623 hoc
533 1564 665 1624 absolute
679 1561 788 1623 morale
802 1581 866 1622 esse
880 1561 1062 1640 pertendunt,
1078 1569 1224 1622 utooeters
1236 1571 1380 1638 praecepta
1389 1561 1489 1639 Legis

273 1645 399 1720 moralis,
415 1643 545 1720 adeoque
559 1653 696 1722 perpetuo
711 1642 942 1704 observandum:
966 1640 1107 1716 Secunda,
1123 1661 1188 1718 quea
1206 1642 1308 1700 asserit
1321 1661 1385 1701 esse
1397 1661 1487 1702 mere

274 1724 480 1800 ceremoniale,
496 1723 626 1802 adeoque
640 1724 812 1802 abrogatum
826 1721 985 1783 seeundum
999 1741 1030 1780 se
1043 1729 1137 1781 toturn
1151 1739 1203 1798 per
1214 1720 1364 1797 Christum,
1375 1721 1408 1780 in
1419 1741 1487 1798 qna

274 1804 390 1866 fuenmt
404 1805 473 1862 olim
487 1805 643 1864 Maniclroei
654 1813 776 1880 veteres,
799 1811 829 1864 et
841 1801 928 1862 hodie
942 1801 1143 1878 Anaboptrbtoe,
1159 1809 1189 1860 at
1202 1801 1351 1876 &omani
1369 1801 1422 1878 qui
1436 1801 1486 1860 ita

273 1885 445 1964 abrogatum
465 1884 539 1944 illud
559 1905 623 1944 esse
643 1885 755 1958 volunt,
776 1892 809 1944 ut
829 1882 867 1942 ad
888 1881 1067 1942 Christianos
1087 1881 1168 1940 nulla
1190 1879 1301 1941 ratione
1314 1882 1485 1960 pertineat:

275 1965 392 2024 (letech.
408 1963 502 2023 Rako.
517 1985 579 2041 oap.
595 1964 614 2022 i.
629 1963 667 2023 sd
681 1985 709 2042 q.
725 1967 773 2040 69,
788 1983 835 2022 res
874 1962 944 2022 adet
958 1963 977 1995 “
988 1961 1134 2022 sublatum
1148 1979 1212 2019 esse
1226 1961 1280 2020 sub
1295 1961 1332 2020 N.
1345 1961 1484 2039 Pendere,

274 2052 307 2104 ut
320 2046 392 2104 alies
406 2044 620 2119 caeremonias,''
637 2045 676 2103 Et
690 2044 796 2106 Volke.
810 2043 834 2101 li
854 2087 861 2100 .
877 2043 916 2100 ir.
931 2061 994 2120 cap.
1007 2045 1054 2118 14,
1071 2041 1241 2116 “Quartum
1250 2041 1393 2119 Deoalogi
1406 2062 1484 2119 prae-

273 2133 389 2202 ceptum
403 2123 439 2182 de
456 2123 613 2198 sabbatho,
628 2122 707 2200 quod
720 2123 790 2182 olim
802 2122 940 2182 Israelitis
951 2121 1049 2181 datum
1061 2129 1131 2196 erat
1143 2130 1188 2180 est
1201 2122 1409 2197 caeremoniale,
1422 2142 1485 2181 non

273 2204 390 2277 morale,
413 2212 443 2261 et
462 2221 548 2279 porro
570 2202 608 2260 ad
631 2203 739 2262 Christi
759 2200 942 2278 disciplinam
963 2202 1036 2260 nihil
1060 2202 1214 2279 quicquam
1232 2201 1394 2280 pertinet;’'
1418 2203 1485 2262 Nec

273 2282 379 2341 desunt
392 2281 451 2356 alii,
467 2279 573 2357 quihus
586 2281 649 2340 haee
664 2283 807 2342 sententia
820 2280 945 2341 arridet:
966 2281 1065 2342 Tertia
1077 2281 1181 2358 media,
1194 2301 1259 2359 qun
1272 2283 1338 2342 vult
1351 2301 1483 2360 praceep-

273 2370 335 2423 tum
346 2361 401 2420 hoc
412 2379 476 2419 esse
486 2361 618 2436 mixtum,
631 2359 671 2421 id.
682 2360 787 2439 partim
798 2361 915 2436 morale,
928 2362 1032 2439 partim
1044 2362 1250 2437 ceremoniale,
1262 2362 1371 2421 morale
1382 2362 1483 2439 quoad

272 2441 463 2515 affirmabam,
485 2439 622 2499 nimirum
642 2441 738 2502 cultus
758 2441 851 2500 divini
871 2442 1073 2502 necessitatem
1094 2451 1173 2502 certo
1193 2449 1223 2501 et
1243 2449 1319 2501 stato
1340 2450 1481 2520 ternpore,

273 2519 472 2582 eaeremouiale
485 2539 555 2578 vero
569 2519 666 2599 quoad
687 2521 933 2596 circumcuntium,
957 2521 1071 2598 septimi
1084 2521 1143 2581 diei
1164 2521 1226 2582 scil
1240 2521 1417 2601 peculiarem
1430 2523 1481 2582 de·

273 2599 504 2661 terminationem
520 2621 526 2676 ;
548 2599 619 2675 Quas
639 2609 756 2681 recepta
775 2609 820 2660 est
840 2601 916 2661 inter
930 2601 1124 2677 Orthodoxos,
1146 2603 1231 2681 cujus
1254 2602 1407 2663 veritatem
1428 2603 1482 2662 de-

273 2679 497 2740 monstrabimus
510 2679 603 2740 tribus
619 2679 876 2760 Propositionibus.
1017 2761 1024 2775 ⁸

272 2805 516 2922 1’ltu.curruu:
535 2761 1057 2920 222ἱῇ22.θῖἴῖ
1069 2771 1211 2902 ἴθ’..ἴῖ
1223 2773 1482 2918 suast

296 2925 408 3028 :puden
433 2926 513 2970 totum
534 2929 580 2982 tra
593 2922 780 3017 Christianos,
796 2921 847 3000 qui
860 2919 1022 2981 absolutam
1036 2921 1100 2998 ejus
1114 2921 1307 2984 moralitatem
1319 2922 1417 3016 adhuc
1430 2943 1480 2982 ur-

272 3101 340 3176 ...
353 3082 484 3177 ...aaa
503 3000 1012 3178 ..ttruptttssllhdttt
1025 3001 1297 3159 trattati
1307 3005 1479 3176 2222222

271 3163 781 3318 222222222222222222222
790 3160 1479 3320 tlhldttrtfflbltuthtt'l

272 3320 372 3378 aeterni
381 3319 615 3379 etimmutabilis.
656 3321 736 3380 Talia
746 3341 817 3381 varo
827 3341 886 3380 non
896 3329 942 3380 est
951 3320 1152 3380 determinatio
1166 3321 1282 3399 septimi
1290 3321 1357 3399 diei,
1370 3323 1477 3400 quippe

271 3417 337 3474 quse
352 3398 414 3456 sive
427 3398 518 3462 aaa&
531 3398 713 3459 considerata
726 3399 756 3458 in
770 3419 807 3476 ae,
822 3419 876 3459 nec
889 3400 966 3460 bona
980 3421 1034 3460 nec
1048 3409 1147 3461 sancta
1161 3401 1207 3476 sit
1225 3401 1287 3462 sive
1301 3413 1474 3479 complanta,

271 3497 330 3535 non
351 3477 452 3536 melior
466 3477 703 3540 determinatione
724 3479 799 3538 alius
819 3479 886 3555 diei,
907 3479 965 3541 nisi
985 3481 1023 3540 ob
1043 3481 1246 3540 authoritatem
1267 3481 1359 3541 solam
1375 3483 1475 3560 praci-

271 3555 386 3634 pientis.
428 3561 457 3615 2.
477 3559 530 3615 Em
540 3558 759 3636 ipsoproeeepto‚
771 3559 801 3618 in
812 3579 870 3638 quo
880 3560 1076 3638 prescribitur
1085 3560 1287 3621 determinatio
1296 3562 1394 3622 cultus
1404 3564 1475 3639 pub·

271 3635 321 3694 lici
335 3635 372 3694 ad
386 3635 462 3694 diem
477 3638 639 3715 septimum,
655 3658 720 3716 qus
734 3659 800 3700 cum
814 3659 894 3700 mera
914 3640 952 3700 sit
965 3639 1102 3718 temporis
1123 3641 1347 3717 circumstantia,
1362 3661 1398 3701 eo
1412 3643 1475 3720 ipso

271 3715 419 3774 mutabilis
433 3717 584 3793 censenda,
599 3727 687 3795 atque
705 3720 777 3779 adeo
792 3719 999 3780 ceremonialia
1012 3729 1042 3780 et
1055 3719 1188 3798 positive,
1203 3739 1263 3780 non
1276 3721 1405 3782 moralis.
1445 3725 1474 3782 3.

271 3797 323 3853 Ex
327 3797 389 3875 fiae
397 3798 542 3872 praecepti,
559 3797 633 3870 Quia
646 3798 722 3858 inter
735 3799 808 3859 elios
821 3798 902 3876 fines,
914 3799 1017 3859 babuit
1027 3801 1115 3860 etiam
1124 3801 1266 3860 rationem
1275 3801 1356 3878 εἰμι’,
1366 3809 1397 3862 et
1408 3804 1473 3878 typi,

272 3875 351 3952 quod
369 3875 435 3936 ideo
456 3895 508 3936 suo
523 3885 651 3954 ternpore
672 3879 806 3957 abrogari
820 3880 939 3954 debuit3
960 3879 1043 3956 Sipne'
1054 3879 1180 3958 quidem,
1196 3879 1266 3940 dum
1280 3889 1403 3940 vocatur
1416 3884 1472 3960 sig-

270 3975 340 4014 num
354 3954 470 4015 foederis
484 3955 559 4016 inter
573 3958 668 4017 Deum
682 3967 712 4018 et
726 3959 872 4020 Israelitas
892 3960 965 4036 initi,
982 3959 1077 4018 Exod.
1092 3960 1176 4018 xxxi.
1193 3963 1239 4036 13,
1255 3968 1285 4020 et
1299 3960 1408 4020 Erech.
1422 3981 1472 4021 xx.

272 4037 319 4109 12,
336 4037 384 4110 20,
399 4033 463 4111 du,
480 4035 596 4114 signum
609 4057 668 4096 non
682 4039 862 4099 indicativum
873 4048 985 4099 tantum
996 4040 1100 4116 aare
1108 4041 1266 4116 parvamne,
1276 4039 1328 4099 sed
1342 4047 1373 4100 et
1386 4041 1472 4118 obsip-

269 4113 518 4190 natsbamfatwoe‚
533 4135 591 4177 non
606 4125 718 4178 tantum
728 4119 874 4179 Jehovam
888 4139 952 4179 esse
967 4121 1062 4178 mum
1072 4120 1252 4196 Judreorum,
1268 4119 1320 4178 sed
1334 4127 1364 4179 et
1379 4120 1473 4180 Deum

270 4193 336 4252 illos
351 4193 594 4273 sanctificantem
618 4198 692 4274 Typa'
700 4219 778 4275 vero,
791 4199 860 4277 quia
873 4197 978 4258 dieitur
992 4218 1057 4258 cum
1066 4201 1178 4258 caeteris
1186 4198 1366 4259 ceremoniis
1377 4203 1475 4260 madro

260 4276 439 4348 firmorum,
455 4275 517 4333 Col.
531 4275 562 4333 ii.
579 4279 625 4354 16,
642 4282 689 4355 17,
711 4278 887 4338 adumbrans
908 4279 1019 4338 seilicet
1031 4277 1177 4357 duplicem
1194 4278 1324 4338 fidelium
1337 4279 1473 4356 quietem,

269 4373 357 4432 quam
371 4353 401 4411 in
416 4353 531 4413 Christo
545 4355 684 4433 obtinent,
708 4359 835 4418 Primam
853 4359 1037 4435 optimatem,
1057 4367 1122 4418 tum
1135 4356 1166 4416 in
1180 4358 1277 4436 quieta
1291 4359 1475 4420 eonscientiae

268 4454 287 4492 a
301 4433 458 4493 terroribus
471 4432 522 4492 ira
535 4434 650 4514 divina,
672 4445 734 4498 tum
755 4439 786 4497 in
805 4438 965 4498 cessatione
985 4438 1023 4498 ab
1037 4438 1173 4516 operibus
1194 4437 1301 4498 nostris
1321 4439 1418 4513 malis,
1439 4439 1473 4499 de

269 4533 328 4590 qua
341 4515 446 4574 Matth.
462 4513 503 4574 xi.
518 4517 577 4590 28;
600 4517 722 4578 Roman.
738 4539 767 4576 v.
784 4522 820 4594 13
844 4518 935 4577 Hebr.
950 4517 991 4577 iv.
1007 4521 1025 4577 3
1037 4541 1045 4593 ;
1069 4518 1128 4577 Isa.
1150 4518 1225 4576 lviii.
1242 4521 1288 4594 13,
1307 4520 1364 4577 14:
1388 4517 1473 4578 Unde

269 4593 365 4652 cultus
379 4595 537 4670 spiritualis
551 4595 588 4656 N.
603 4598 682 4658 Test
698 4598 772 4659 solet
786 4596 911 4658 describi
925 4617 963 4657 ex
977 4599 1055 4675 stylo
1068 4598 1194 4676 Spiritus
1210 4597 1319 4674 Sancti,
1331 4598 1383 4675 qui
1397 4619 1474 4676 mys-

269 4672 341 4730 teria
356 4673 510 4752 Evangelii
524 4677 654 4738 terminia
667 4679 811 4756 legalibus
824 4677 1027 4756 utplurimum
1048 4677 1211 4756 exprimere
1225 4684 1312 4754 amat,
1334 4697 1388 4756 per
1404 4679 1473 4739 Sab-
