3150 5206
106 347 222 396 oonsr.
239 326 285 407 ι]
575 345 615 384 os
628 345 754 385 mosas
769 345 899 386 saarim.
1254 335 1312 390 221

107 488 147 547 ad
161 489 242 566 ipsos
256 485 351 545 redire
365 487 514 564 potuisset,
528 485 552 543 si
566 486 628 544 baec
642 485 781 545 beneficia
799 495 865 565 post
886 487 978 546 multe
1000 487 1115 548 demum
1140 489 1237 549 secula
1261 491 1317 568 piis

107 567 160 645 qui
185 567 293 626 victuri
317 577 414 626 esseut
438 566 492 626 sub
515 565 600 624 Novo
624 565 810 626 Testamenta
834 567 1007 626 conferenda
1030 567 1155 628 suerunt.
1197 570 1320 630 Frustra

107 649 198 706 etiam
212 646 339 723 additur,
355 665 413 705 non
426 644 527 722 negari
538 645 775 722 justificationem
790 646 888 706 datam
904 647 1047 722 Patribus,
1060 648 1112 706 sed
1126 656 1238 708 tantum
1253 669 1317 708 eam

103 726 345 805 justificationem
360 747 425 804 quae
443 726 476 784 fit
500 732 617 802 propter
640 725 813 785 solutionem
835 734 902 786 actu
926 727 1093 804 praestitam.
1136 728 1211 802 Quia
1232 749 1318 788 nemo

108 815 199 883 negat
213 806 303 864 talem
317 804 527 864 absolutionem
541 813 717 863 reservatam
731 825 794 864 esse
810 807 895 864 Novo
909 807 1104 866 Testamenta
1148 809 1187 868 Et
1205 809 1230 866 si
1244 809 1317 868 nihil

109 886 193 945 alind
207 884 376 960 intenditur,
392 885 475 944 facile
490 884 602 944 totalis
626 885 760 962 componi
783 887 908 963 poterit:
942 886 1000 945 Sed
1024 896 1215 965 preterquam
1240 889 1318 965 quod

108 966 239 1024 ahenum
265 974 309 1023 est
334 966 449 1024 abusu
476 965 639 1042 Scripturas,
662 964 879 1043 justificationis
901 985 1002 1024 vocem
1026 985 1060 1026 eo
1085 987 1173 1026 sensu
1196 987 1319 1042 sumere,

108 1045 234 1122 quaestio
249 1065 363 1120 semper
376 1051 510 1119 recurret,
527 1045 577 1102 Αιι
591 1044 722 1104 remissio
733 1045 804 1122 ipsis
818 1045 886 1104 data
893 1046 1023 1122 plenaria
1036 1066 1095 1105 non
1110 1045 1196 1106 fuerit
1210 1057 1239 1106 ct
1252 1067 1319 1126 pro·

109 1126 173 1202 pria
188 1124 267 1183 dieta
281 1123 378 1202 ἄφεσις,
394 1125 444 1182 Αιι
458 1133 570 1183 tantum
585 1125 709 1201 speciem
724 1127 845 1206 raginus
859 1125 1014 1185 babuerit?
1259 1189 1261 1194 ,

227 1259 232 1270 ,
334 1261 339 1271 ,
419 1204 514 1262 XIII.
536 1204 652 1279 Quinto,
664 1215 806 1282 repugnat
815 1214 926 1264 naturae
936 1206 1021 1266 Fidei
1028 1207 1220 1286 Jasbficaan's,
1233 1227 1320 1285 quam

115 1259 139 1304 ⁵¹
155 1258 352 1371 Effiffim'
379 1285 480 1343 Patres
501 1284 674 1343 babuerunt.
725 1286 798 1343 Cum
820 1285 896 1343 enim
920 1286 1103 1362 potissimum
1125 1288 1265 1347 consistat
1288 1289 1318 1346 in

377 1363 505 1423 fiduciali
524 1363 750 1441 apprehensione
765 1373 794 1424 et
814 1366 1006 1443 applicatione
1022 1366 1145 1442 justitiae
1160 1367 1268 1426 Christi
1288 1379 1318 1428 et

111 1442 320 1502 satisfactionis
348 1445 410 1521 ejus
438 1442 662 1521 perfectissimae,
688 1445 750 1503 sive
770 1453 802 1503 ιιι
824 1445 886 1522 jam
915 1445 1059 1523 praestitae,
1081 1447 1142 1504 sive
1163 1455 1196 1505 nt
1217 1447 1322 1506 infalli-

110 1523 210 1582 biliter
230 1523 410 1600 praestanda,
426 1543 512 1600 quam
531 1524 661 1600 sequitur
675 1544 732 1600 pax
746 1545 811 1582 cum
834 1525 905 1599 Deo,
921 1527 1044 1605 πιῤῥιισία
1064 1526 1101 1584 ad
1124 1526 1219 1604 ipsum
1240 1547 1320 1586 acce-

112 1603 212 1678 dendi,
236 1604 430 1680 tranquillitas
455 1603 646 1678 conscientiae,
673 1612 703 1662 ct
730 1604 823 1662 solida
844 1605 1001 1664 consolatio
1022 1606 1053 1663 in
1074 1606 1135 1664 vite
1156 1613 1185 1664 et
1209 1615 1300 1666 morte
1312 1630 1320 1683 3

112 1682 228 1760 concipi
245 1701 304 1741 non
325 1691 430 1760 potest,
453 1703 511 1760 quo
532 1683 626 1757 modo,
642 1683 692 1759 qui
713 1683 765 1741 tali
785 1683 841 1742 fide
860 1684 1000 1761 praeditus
1012 1694 1065 1759 est,
1080 1685 1172 1761 possit
1186 1684 1244 1743 dici
1258 1705 1322 1744 esse

112 1763 210 1821 adhuc
233 1763 287 1821 sub'
311 1771 392 1822 reatu
411 1772 441 1822 et
462 1763 638 1822 conscientia
659 1761 778 1840 peccati,
801 1771 830 1821 et
854 1763 908 1821 sub
927 1765 1109 1823 execratione
1133 1763 1230 1840 Legis.
1282 1765 1323 1824 Et

111 1843 219 1901 durum
240 1842 357 1902 videtur
376 1853 405 1902 et
427 1863 527 1920 parum
549 1851 774 1901 consentaneum
793 1843 893 1919 gratiae
913 1843 969 1902 Dei
991 1843 1062 1920 ipsis
1075 1843 1204 1919 indultas,
1219 1843 1249 1901 in
1263 1863 1322 1921 qna

109 1922 201 1982 toties
215 1922 376 1998 gloriantur
389 1931 419 1981 et
436 1923 576 1998 exultant,
589 1922 630 1980 ita
644 1921 680 1980 dc
689 1921 759 1998 ipsis
768 1922 883 1981 sentire.
906 1923 1116 2000 Expendantur
1128 1923 1176 1981 hic
1188 1924 1323 2000 exempla

111 2002 286 2077 Abrabami,
306 2003 420 2077 Jacobi,
435 2003 515 2076 Jobi,
534 2001 666 2076 Davidis,
682 2002 823 2077 Ezechiae,
839 2009 868 2060 et
881 2003 1011 2077 aliorum,
1027 2003 1077 2079 qui
1090 2003 1225 2061 fiduciam
1240 2022 1321 2062 suam

111 2083 143 2140 in
161 2082 266 2156 Deum,
281 2090 311 2140 et
323 2083 453 2142 letitiam
472 2102 506 2140 ac
520 2082 653 2141 solatium
668 2101 705 2140 ex
720 2101 754 2140 ca
773 2101 893 2140 manans
907 2082 1029 2142 subinde
1044 2090 1193 2158 testantur,
1211 2083 1276 2141 ‘imo
1293 2093 1324 2143 et

111 2163 144 2220 in
169 2162 335 2238 exemplum
356 2162 490 2221 fidelibus
502 2161 538 2221 N.
553 2161 731 2221 Testamenti
745 2171 951 2238 proponuntur,
968 2163 1052 2221 Rom.
1068 2163 1107 2222 iv.
1123 2166 1150 2237 3,
1166 2165 1194 2236 4,
1211 2165 1238 2236 5,
1255 2163 1322 2222 Gal.

112 2241 156 2300 iii.
178 2243 205 2314 6,
222 2241 299 2300 Heb.
314 2241 355 2300 xi.
365 2247 393 2318 2,
408 2246 426 2300 2
439 2243 503 2300 Cor.
513 2241 553 2300 iv.
571 2243 617 2300 13.
639 2240 779 2314 Quamvis
793 2241 868 2300 enim
883 2261 983 2300 verum
998 2243 1044 2319 sit,
1059 2243 1134 2300 hanc
1144 2242 1279 2301 fiduciam
1294 2253 1324 2304 et

110 2321 341 2380 consolationem
361 2321 462 2380 inillis
476 2321 565 2380 fuisse
578 2321 726 2396 minorem,
741 2321 838 2398 quoad
851 2321 982 2398 gradum,
1004 2330 1121 2400 propter
1134 2323 1322 2381 aeconomiam

112 2401 240 2478 legalem
261 2399 436 2478 rigidiorem,
452 2401 506 2461 sub
528 2421 586 2478 qua
599 2399 754 2476 vivebant3
777 2401 912 2460 Dubitari
933 2421 992 2460 uon
1014 2401 1100 2461 debet
1121 2411 1226 2478 tamen,
1252 2403 1323 2480 quin

112 2480 218 2539 eadem
233 2480 318 2540 fuerit
336 2481 409 2540 fides
423 2480 519 2558 quoad
533 2480 665 2557 speciem,
682 2499 746 2540 cum
761 2480 871 2540 effectis
884 2481 922 2540 ab
936 2501 970 2540 ea
983 2482 1232 2559 inseparabilibus.

421 2561 511 2620 XIV.
536 2561 634 2636 Sexto,
650 2569 791 2636 repugnat
805 2561 1026 2640 sanctificationi
1037 2563 1184 2639 ipsorum;
1208 2562 1283 2620 Nam
1297 2563 1323 2622 si

380 2661 431 2719 per
446 2641 700 2700 sanctificationem
714 2641 829 2700 liberati
843 2649 911 2700 sunt
924 2661 941 2700 a
955 2641 1082 2700 dominio
1097 2642 1216 2718 peccati,
1239 2661 1277 2700 ex
1291 2643 1322 2699 vi

380 2722 480 2780 mortis
495 2719 602 2779 Christi
614 2720 786 2778 retroactivs
800 2721 953 2797 operantis,
968 2729 1001 2780 ut
1014 2721 1050 2780 de
1069 2741 1104 2780 eo
1118 2729 1249 2795 constat;
1272 2720 1321 2778 de-

114 2800 245 2858 buerunt
258 2797 344 2857 etiam
359 2821 376 2858 a
389 2809 471 2860 reatu
485 2802 548 2878 ejus
562 2799 677 2858 liberari
691 2819 742 2876 per
752 2800 997 2876 justificationem,
1013 2821 1079 2858 cum
1101 2808 1198 2859 reatus
1222 2808 1251 2857 et
1269 2799 1321 2858 do-

113 2878 239 2937 minium
253 2879 365 2956 peccati
378 2901 409 2939 se
424 2889 523 2940 mutuo
538 2888 757 2956 consequantur,
780 2888 809 2938 et
830 2899 861 2939 se
882 2880 1006 2939 invicem
1027 2887 1136 2956 ponant
1156 2888 1186 2938 et
1206 2878 1320 2939 tollant.

115 2960 195 3018 Nam
209 2965 242 3017 ut
256 2979 341 3017 nemo
354 2969 449 3037 potest
463 2960 579 3019 liberari
593 2979 610 3018 a
623 2967 705 3018 reatu
718 2979 770 3037 per
780 2959 1025 3036 justificationem,
1045 2958 1116 3035 quin
1129 2958 1227 3016 statim
1248 2958 1318 3016 libe-

114 3047 199 3098 retur
211 3037 249 3096 ab
263 3039 327 3116 ejus
340 3039 468 3099 dominio
481 3061 532 3117 per
547 3038 809 3112 sanctificationem,
826 3058 890 3114 quae
901 3038 1136 3115 justificationem
1157 3037 1320 3096 necessario

116 3119 258 3196 sequitur,
274 3127 303 3176 et
316 3118 353 3177 ab
368 3139 402 3178 es
416 3120 516 3179 divelli
530 3120 630 3196 nequit
642 3139 649 3194 ;
673 3117 719 3176 lta
732 3117 783 3195 qui
796 3118 935 3177 liberatur
948 3117 985 3176 ab
1007 3118 1071 3195 ejus
1085 3116 1213 3175 dominio
1233 3115 1320 3176 dehet

117 3199 201 3276 prius
215 3198 355 3257 liberatus
369 3219 432 3260 esse
446 3221 464 3258 a
476 3208 566 3276 reatu,
582 3199 633 3276 qui
647 3205 691 3256 est
706 3217 792 3256 causa
808 3197 937 3256 dominii.

119 3305 142 3350 γ,
153 3303 363 3350 Exdtstrnettons.
424 3280 496 3338 XV.
521 3279 657 3357 Septimo,
681 3277 845 3352 Distinctio,
868 3297 932 3354 quae
953 3275 1121 3336 obtenditur
1132 3275 1206 3335 inter
1220 3277 1323 3358 erigam

150 3361 264 3426 «ιριηωι
273 3369 297 3410 et
308 3363 360 3425 set
381 3368 411 3420 et
424 3357 518 3434 ἔφυεν,
533 3368 566 3419 ιιι
593 3359 694 3440 salgues
709 3356 795 3416 suerit
807 3365 920 3416 tanturn
941 3357 996 3416 sub
1009 3357 1112 3416 Veteri
1124 3357 1318 3434 Testamento,

151 3445 214 3479 ’Μ-
382 3440 435 3498 aed
461 3438 547 3511 ἔφεσις
575 3438 690 3516 propria
717 3437 755 3496 sit
782 3436 868 3512 Novi,
898 3437 990 3495 solido
1018 3444 1096 3496 caret
1122 3436 1318 3497 fundamento.

120 3529 147 3583 l.
171 3523 247 3598 Quia
261 3531 372 3584 certum
386 3528 431 3578 est
443 3520 516 3578 duas
531 3521 601 3578 istas
614 3537 710 3592 voces,
725 3517 794 3577 licet
809 3537 879 3576 sono
894 3516 1035 3592 differant,
1051 3517 1109 3575 imo
1123 3525 1153 3575 et
1173 3517 1319 3576 diversum

117 3603 277 3682 aliquando
292 3603 441 3662 obtineant
455 3599 656 3676 significatum,
671 3597 832 3675 promiscue
843 3605 939 3656 tamen
953 3597 1084 3674 usurpari
1095 3596 1172 3674 apud
1185 3597 1322 3674 probatos

119 3685 279 3760 Authores,
303 3680 419 3759 quando
442 3679 478 3738 de
501 3678 669 3738 remissione
690 3685 873 3754 peccatorum
898 3678 1001 3754 agitur.
1054 3676 1182 3736 Budaeus
1208 3677 1324 3758 negabas

117 3765 191 3824 dicit
205 3783 269 3823 esse
288 3764 441 3838 indulgere,
464 3760 633 3834 permittere,
659 3759 836 3815 condonare:
866 3757 1033 3834 Hesychius
1057 3757 1164 3836 παρίημι
1188 3761 1319 3838 wag-35,

119 3847 222 3921 ἀφίημι,
239 3852 268 3902 et
282 3843 382 3924 seigam
395 3860 447 3917 per
460 3839 547 3910 ἔφεσιν
561 3848 590 3898 et
604 3837 759 3918 mxaes‘gam
772 3836 984 3914 interpretatur.
1026 3841 1054 3895 2.
1070 3838 1144 3912 Quia
1157 3837 1187 3893 in
1201 3837 1257 3895 boc
1271 3856 1320 3896 ne-

118 3927 201 4004 gotio
213 3923 350 3982 Patribus
359 3923 426 3980 Vet.
442 3917 620 3978 Testamenti
632 3918 767 3976 tribuitur
785 3917 892 3994 passim
912 3922 1007 3992 ἅφισις,
1021 3936 1089 3974 nam
1101 3915 1199 3974 verbis
1213 3927 1323 3978 seems.

118 4009 178 4070 sris,
193 4012 223 4064 et
246 4003 369 4061 vocibus
389 4005 468 4064 sesae
490 4007 519 4058 et
543 4019 612 4062 arca,
624 3997 729 4074 quibus
744 3996 915 4072 exprimitur
932 3996 1062 4056 remissio
1085 3995 1156 4071 ipsis
1174 4013 1319 4070 concessa,

116 4082 276 4162 respondet
289 4082 411 4140 verbum
425 4076 521 4150 ἔφιίικι
535 4083 565 4133 et
578 4095 638 4134 vox
652 4075 748 4150 ἔφεσις,
763 4085 796 4134 ιιι
816 4077 892 4135 Psal.
907 4075 1001 4134 xxxii.
1019 4078 1044 4149 l,
1062 4075 1178 4130 “Beati
1189 4069 1220 4132 ab
1233 4075 1320 4146 ἀφέθη-

121 4190 169 4221 m
182 4164 212 4222 ai
225 4163 354 4238 ὲιιμίιι,”
379 4167 450 4220 etv.
466 4161 493 4233 5,
520 4159 539 4191 “
552 4159 597 4214 sel
610 4157 643 4214 eb
655 4163 754 4228 sotsac
772 4159 813 4219 τιν
834 4155 944 4225 mass
961 4161 1003 4220 ris
1027 4150 1129 4234 καρδίαι
1149 4154 1228 4227 peoJ’
1272 4155 1321 4214 Sic

122 4244 202 4302 I'Sal.
226 4243 332 4301 lxxxv.
355 4245 383 4316 2,
411 4241 428 4274 “
443 4243 542 4307 αἰφὶἷιιις
555 4240 601 4302 τὶς
621 4239 724 4314 &replete
737 4241 773 4314 τᾷ
786 4240 843 4314 aa?
857 4237 939 4314 nv;”
955 4237 1013 4294 Ita.
1028 4235 1068 4292 lv.
1084 4237 1111 4308 7,
1129 4236 1146 4266 “
1158 4232 1325 4293 brixiensi

121 4325 211 4394 ιἰφιίηι
224 4325 271 4389 τὶς
285 4323 412 4402 alpago&
428 4319 521 4395 bpeir.’'
578 4317 639 4376 Nec
660 4317 743 4376 aliter
763 4317 888 4394 intelligi
901 4323 1022 4394 possunt
1035 4313 1159 4392 plurima
1179 4313 1230 4371 illa
1249 4314 1322 4388 loos,

121 4424 187 4482 quae
198 4402 309 4481 passim
321 4401 520 4461 remissionem
534 4405 717 4476 peccatorum
726 4396 861 4456 fidelibus
874 4395 1054 4474 pollicentur,
1066 4392 1160 4451 Exod.
1175 4393 1279 4451 xxxiv.
1295 4397 1322 4468 7,

122 4483 203 4541 Psal.
217 4483 281 4541 lxv.
297 4483 325 4558 3,
340 4489 371 4540 et
384 4501 473 4540 cxxx.
488 4483 516 4554 4,
532 4486 561 4537 et
575 4477 632 4535 ciii.
647 4480 675 4553 3,
692 4476 782 4535 Mich.
796 4477 847 4534 vii.
864 4479 909 4550 18,
927 4477 973 4532 19.

163 4563 256 4621 XVI.
278 4565 307 4621 3.
324 4561 357 4621 Si
371 4561 426 4620 ista
439 4557 586 4618 distinctio
600 4557 695 4616 locum
716 4556 823 4615 habere
837 4555 972 4628 deberet3
995 4552 1057 4612 Nec
1077 4552 1228 4611 Jobannes
1248 4551 1324 4629 Bap-

121 2625 146 2671 s.
161 2625 202 2672 Ex
214 2623 353 2672 Sanctifice-

201 2683 269 2730 tione
280 2699 287 2738 ς

121 4643 199 4718 tiata,
215 4649 283 4700 ante
297 4641 440 4700 actualem
462 4637 655 4716 expiationem
671 4635 778 4695 Christi
798 4643 889 4693 morte
910 4633 1025 4708 factam,
1042 4651 1127 4710 qnam
1142 4628 1230 4704 ἔφηις
1244 4633 1327 4709 sequi
