3186 5210
156 395 269 444 cnesr.
284 375 350 456 xa]
585 397 624 436 nn
639 396 807 436 vocnrrona
824 397 860 436 er
875 398 953 438 arun.
1305 383 1362 441 517

156 535 292 596 servandi
316 543 390 610 sum,
417 543 449 594 ut
473 544 549 595 certe
572 555 609 595 ex
633 557 667 596 ea
692 547 776 598 aetate
801 538 917 597 omnino
945 539 1034 616 aliqui
1063 550 1221 618 servantur,
1251 551 1318 601 ante
1346 562 1363 600 a

157 617 283 675 Domino
298 617 460 692 regenerari
475 617 592 674 minime
613 617 766 676 obscurum
781 625 833 676 est.
878 619 952 676 Nam
966 619 990 677 si
1006 621 1163 697 ingenitam
1178 623 1233 680 sibi
1248 642 1365 698 corrup·

154 698 263 756 tionem
278 717 294 754 o
308 697 407 754 matris
422 705 502 755 utero
518 715 614 755 secum
629 696 759 772 afferunt,
782 719 816 756 ca
835 709 974 775 purgatos
995 719 1058 758 esse
1073 710 1193 778 oportet,
1209 709 1363 777 antequam

155 779 186 835 in
202 778 336 854 Regnum
356 777 407 834 Dei
422 776 619 851 admittantur,
642 797 698 854 quo
719 778 791 835 nihil
812 779 974 854 ingreditur
990 778 1171 856 inquinatum
1186 791 1215 840 et
1229 781 1363 858 impollu-

156 859 249 916 tum.'’
293 856 377 930 Quod
392 856 453 915 fuse
468 858 649 934 persequitur
662 858 691 915 in
708 859 903 934 sequentibus.

617 1106 818 1174 QUAESTIO
842 1107 913 1166 XV.

134 1267 213 1324 ‚Aa
236 1267 325 1326 Fides
358 1263 547 1343 Tempororia
569 1263 687 1340 differat
711 1275 825 1323 tantum
847 1265 947 1342 prado
972 1275 997 1322 el
1022 1267 1186 1346 duratione,
1209 1273 1256 1330 An
1279 1272 1365 1331 et'am

199 1348 296 1424 specie,
312 1367 331 1403 a
344 1347 417 1403 Fide
431 1343 634 1422 Justistcanta?
675 1344 761 1400 Prius
775 1343 870 1418 Neg.;
894 1343 1005 1401 Poster.
1028 1345 1162 1420 Affirm.;
1184 1358 1286 1410 contra
1306 1351 1365 1408 Rc·

199 1433 321 1484 monstr.

200 1581 226 1638 1.
250 1582 386 1650 Quaestio
405 1585 469 1640 haec
489 1588 570 1648 mota¹
589 1581 647 1638 fnit
668 1600 687 1639 a
707 1580 987 1639 Remonstrentibus
1009 1581 1087 1639 circa
1107 1584 1265 1642 discrimen
1280 1587 1364 1643 Fidei

159 1662 345 1735 temporariae
360 1669 390 1718 et
399 1660 596 1736 justificantis.
639 1659 720 1716 Nam
736 1667 769 1716 ut
784 1659 974 1734 Apostasiam
990 1659 1167 1719 Sanctorum
1186 1664 1364 1732 evincerent,

158 1747 337 1811 argumento
352 1759 370 1796 a
384 1739 580 1813 Temporariis
594 1739 686 1813 petito
700 1737 887 1812 potissimum
903 1739 1072 1795 utebantur.
1115 1741 1192 1798 Cum
1206 1761 1276 1798 vero
1287 1741 1317 1798 N
1321 1761 1366 1798 os»

159 1817 198 1872 tri
214 1819 433 1892 responderent,
449 1835 508 1874 non
521 1817 613 1873 fuisse
627 1835 677 1873 eos
691 1834 775 1872 veros
788 1817 899 1886 fideles,
915 1835 969 1873 nec
982 1817 1071 1873 fidem
1086 1835 1189 1875 corum
1203 1820 1364 1877 salvificam

159 1902 190 1951 ct
199 1895 421 1968 justificantem,
433 1897 484 1952 sed
498 1902 562 1952 tota
576 1895 671 1970 specie
685 1914 703 1951 a
716 1896 774 1950 fide
786 1912 924 1950 verorum
937 1894 1071 1952 fidelium
1085 1896 1278 1968 differentem,
1302 1897 1364 1967 Illi,

159 1980 272 2050 contra,
283 1975 439 2032 discrimen
454 1981 571 2030 tantum
581 1975 729 2048 graduale
739 1973 900 2029 voluerunt
910 1990 980 2042 esse,
990 1991 1049 2029 non
1065 1975 1241 2048 specificum,
1254 1985 1287 2033 ut
1302 1977 1365 2032 sola

159 2052 318 2110 duratione
339 2061 369 2110 et
388 2053 613 2128 perseverantia,
628 2069 689 2108 non
710 2069 779 2107 vero
793 2051 857 2124 ipsa
871 2057 979 2107 natura
996 2051 1149 2110 differrent
1169 2054 1207 2110 ab
1228 2054 1363 2124 invicem,

160 2138 195 2185 ut
208 2130 374 2205 loquuntur
394 2130 425 2187 in
447 2129 564 2188 Declar.
594 2129 713 2204 Exhib,
738 2137 754 2162 ‘⁴
768 2127 857 2186 Fides
871 2137 1001 2201 «plenasque
1024 2137 1068 2186 est
1083 2149 1151 2188 vera
1164 2134 1237 2190 fides
1254 2133 1364 2206 justifi-

77 2219 82 2230 ’
159 2225 241 2278 cans,
257 2217 287 2267 et
301 2209 366 2266 Dec
380 2217 475 2284 grata,
490 2208 624 2284 quandiu
638 2210 737 2279 durat,
750 2225 803 2264 nec
814 2205 914 2264 differt
924 2209 1020 2283 specie
1035 2225 1053 2264 a
1067 2227 1137 2266 vera
1150 2211 1208 2267 fide
1222 2212 1260 2268 ed
1274 2213 1363 2267 finem

160 2287 337 2344 duratura.”
361 2287 536 2356 orthodoxi,
548 2288 617 2343 licet
632 2287 662 2343 in
677 2285 766 2345 variis
780 2285 890 2344 similes
904 2305 965 2344 csse
979 2305 1039 2343 non
1054 2286 1245 2361 diffiteantur,
1255 2289 1366 2364 specili-

160 2381 231 2420 cum
245 2372 343 2424 tamen
358 2375 387 2424 et
401 2366 555 2422 essentiale
569 2365 726 2422 discrimen
740 2365 920 2421 intercedere
935 2371 1081 2422 statuunt.

160 2481 207 2526 F„
251 2489 275 2527 ,Θ
374 2487 379 2498 .
458 2444 503 2501 ΙΙ.
526 2443 669 2501 Rationes
683 2451 769 2501 sunt:
787 2443 811 2499 l.
830 2441 910 2508 Quia
923 2445 996 2501 fides
1008 2443 1138 2501 salvifica
1148 2445 1367 2504 differtatem-

183 2495 396 2586 'dideralipdiiidi
415 2523 510 2597 porali
526 2523 554 2578 in
571 2523 681 2598 criptae
695 2532 724 2579 et
737 2521 942 2600 solidamento.
985 2521 1066 2578 Num
1079 2521 1133 2578 illa
1146 2524 1214 2582 finit
1228 2544 1246 2582 a
1261 2525 1365 2588 Gratia

193 2605 280 2644 cante:
299 2555 328 2672 „i
350 2601 395 2672 Ba·
417 2601 535 2675 speciali
551 2601 721 2659 Electionis.
764 2599 854 2658 Unde
868 2601 977 2657 dicitur
988 2602 1066 2678 fides
1081 2599 1258 2674 Electorum,
1274 2603 1330 2660 Tit.
1347 2603 1365 2660 i.

192 2659 259 2702 ‘¹⁰⁰⁰
269 2673 383 2716 ⁰⁸¹⁸¹¹¹¹⁸³
420 2679 446 2748 1,
458 2699 524 2753 quae
539 2681 629 2736 datur
642 2687 759 2737 tantum
773 2679 809 2735 iis
823 2677 874 2751 qui
889 2678 985 2735 vocati
1000 2684 1070 2734 sunt
1083 2689 1147 2733 :aaa
1160 2688 1263 2752 «galren,
1279 2679 1366 2737 Rom.

161 2755 224 2812 viii.
241 2755 288 2826 28,
304 2763 333 2814 et
347 2757 474 2814 ordinati
489 2759 527 2814 ad
542 2759 634 2814 vitam
655 2764 805 2826 aeternam,
822 2759 889 2813 Act.
910 2755 971 2812 xiii.
993 2757 1040 2813 48.
1085 2755 1149 2813 Ista
1167 2775 1237 2814 vero
1259 2759 1368 2831 pendet

56 2875 65 2893 .
161 2851 180 2891 a
196 2831 302 2891 Gratia
311 2836 468 2905 communi,
482 2855 548 2911 quae
561 2837 650 2893 etiam
666 2835 810 2909 Reprobis
821 2841 901 2891 certa
910 2833 1060 2902 beneficia,
1072 2851 1132 2890 non
1143 2835 1232 2891 modo
1243 2842 1367 2895 externa

161 2919 193 2968 et
206 2913 389 2988 temporalia,
405 2915 455 2970 sed
470 2915 560 2970 etiam
574 2913 749 2988 spiritualia,
764 2921 794 2969 et
807 2914 887 2968 dona
901 2911 1036 2982 initialia,
1051 2911 1121 2968 licet
1134 2930 1193 2968 non
1212 2913 1365 2984 salutaria,

162 2989 290 3062 largitur
304 2993 342 3048 ad
357 2992 446 3066 alicuj
451 3011 484 3048 us
498 2992 607 3049 amoris
620 2991 766 3066 generalis
779 2988 1023 3058 testificationem,
1037 2991 1118 3046 etad
1133 2997 1248 3047 reatum
1263 3009 1366 3048 eorum

164 3070 346 3141 augendum,
361 3071 514 3145 supposita
527 3088 630 3126 eorum
645 3069 838 3127 contumacia.
855 3067 937 3125 Hinc
952 3065 1076 3137 Paulus,
1092 3067 1201 3125 anim.
1216 3067 1245 3124 ii.
1263 3068 1309 3139 19,
1324 3069 1367 3125 lo-

163 3163 257 3220 quens
272 3149 309 3204 de
323 3148 471 3222 apostasia
486 3147 645 3222 Hymenaei
659 3155 688 3206 et
703 3147 821 3216 Phileti,
837 3145 917 3214 dicit,
939 3143 1122 3202 nihilominus
1135 3146 1366 3222 fundamentum

163 3223 225 3282 Dei
230 3227 354 3302 firmum
367 3237 455 3295 stare,
470 3227 500 3282 id
516 3233 567 3296 est,
582 3244 642 3282 non
663 3227 730 3282 ideo
745 3232 852 3282 nutare
871 3224 961 3280 fidem
981 3241 1119 3281 verorum
1139 3223 1283 3296 fidelium,
1298 3243 1365 3303 quae

164 3303 289 3362 immoto
305 3303 466 3362 Electionis
481 3304 538 3361 Dei
553 3304 667 3360 nitatur
680 3305 884 3362 fundamento.

163 3420 179 3464 2
212 3421 317 3466 Ratione
345 3424 401 3466 „b
463 3381 528 3440 III.
558 3383 585 3438 2.
613 3382 741 3439 Ratione
761 3381 878 3458 subjecti
901 3381 1078 3456 recipientis,
1099 3389 1165 3440 tum
1183 3392 1216 3451 at,
1233 3385 1313 3458 quod
1336 3383 1367 3440 in

179 3453 185 3465 '
191 3481 251 3538 jesu
286 3481 401 3537 recipien-
420 3461 478 3518 fide
485 3461 668 3535 justificante
679 3467 723 3518 est
734 3460 863 3531 Electus,
874 3459 930 3518 Tit.
943 3460 962 3517 i.
976 3461 1002 3530 l,
1015 3460 1101 3519 Rom.
1116 3461 1156 3517 xi.
1170 3457 1190 3521 7
1202 3477 1210 3528 ;
1233 3461 1271 3520 In
1282 3463 1368 3520 Tem-

195 3541 245 3592 nn
422 3539 542 3614 porario
552 3539 702 3612 reprobus,
712 3539 822 3596 Matth.
833 3539 913 3597 xxiv.
931 3538 977 3610 11,
994 3539 1090 3597 lJoh.
1102 3539 1133 3596 ii.
1145 3539 1190 3596 19.
1214 3539 1291 3598 Tum
1307 3551 1326 3595 t·
1343 3551 1367 3610 p,

163 3617 244 3689 quod
259 3615 290 3672 in
305 3615 358 3673 illa
371 3624 415 3674 cst
429 3637 477 3674 cor
492 3619 604 3686 bonum,
622 3615 659 3672 In
674 3618 730 3674 ista
743 3637 792 3673 cor
802 3629 952 3692 petrosum
962 3639 973 3673 .·
993 3617 1074 3675 Nam
1087 3620 1160 3676 fides
1181 3628 1310 3692 ηὸηιιμς
1325 3627 1369 3678 est

163 3693 195 3748 in
209 3693 268 3750 eolo
280 3705 405 3768 petroso,
420 3696 562 3752 nimirum
577 3695 607 3751 in
622 3697 708 3752 corde
722 3697 841 3770 lapideo
862 3705 892 3752 et
907 3697 1033 3770 ingrato,
1048 3697 1159 3754 Metth.
1174 3698 1237 3754 xiii.
1254 3699 1301 3768 20,
1316 3700 1366 3754 sed

166 3771 297 3827 salvifica
310 3773 452 3848 recipitur
467 3773 496 3830 in
513 3785 592 3830 terro
605 3774 687 3842 bona,
699 3792 758 3830 ver.
784 3774 831 3843 23,
846 3792 913 3848 qnae
936 3775 1103 3849 explicatur
1116 3793 1170 3850 per
1183 3781 1275 3846 neella,
1295 3785 1369 3834 neat,

166 3857 206 3900 nst
220 3859 315 3916 spata,
328 3849 400 3908 Luc.
415 3852 476 3909 viii.
490 3853 536 3923 15,
547 3873 595 3910 cor
605 3853 708 3909 donrnn
722 3862 747 3908 et
761 3853 917 3922 donatum,
930 3851 1022 3923 idest,
1034 3853 1151 3926 egregie
1166 3853 1285 3920 bonum,
1300 3871 1370 3908 nam
1395 3879 1399 3890 ·

167 3927 387 4000 conduplicatio
407 3929 479 3986 facit
494 3933 532 3987 ad
553 3931 688 4006 epitasin,
703 3950 741 3988 ex
764 3929 871 3988 Graeco
891 3931 1009 4002 dicendi
1023 3948 1139 4004 genere.
1182 3927 1255 3983 'Pele
1269 3937 1368 3984 eutem

167 4021 226 4072 cor,
241 4021 309 4060 cum
324 4022 382 4061 non
395 4009 487 4080 possit
502 4029 563 4067 csse
578 4029 596 4066 a
610 4015 726 4080 natura,
742 4009 831 4065 debet
851 4008 935 4064 nobis
952 4007 1018 4064 dari
1032 4026 1051 4063 a
1064 4006 1171 4080 gratia,
1185 4005 1257 4060 dum
1272 4006 1370 4063 aufert

167 4100 186 4138 a
206 4081 291 4138 nobis
312 4101 362 4138 cor
381 4085 534 4158 lapideum
555 4095 584 4144 et
604 4088 656 4144 dat
676 4105 825 4156 cameum,
852 4084 937 4141 Ezec.
962 4085 1063 4140 xxxvi.
1107 4083 1196 4148 Quod
1217 4099 1285 4138 cum
1309 4101 1370 4140 non

165 4161 255 4216 dctur
269 4160 474 4236 Temporariis,
490 4166 541 4240 qui
556 4185 605 4222 cor
619 4165 770 4238 lapideum
791 4180 878 4220 sunm
899 4161 1036 4230 retinent,
1052 4179 1086 4240 eo
1107 4160 1171 4234 ipso
1191 4165 1254 4216 tota
1274 4162 1369 4235 speeie

165 4255 269 4296 eorum
283 4241 355 4298 fidos
369 4260 387 4298 a
401 4243 459 4299 fide
474 4244 604 4306 salvifica
618 4243 736 4299 differre
750 4243 846 4298 debet.

163 4355 186 4400 a
203 4356 308 4403 Ratione
334 4361 400 4416 prin-
463 4320 522 4378 IV.
544 4321 570 4378 3.
597 4319 726 4377 Ratione
749 4317 889 4397 prindpii
910 4317 1025 4385 interni,
1040 4323 1070 4372 et
1084 4315 1161 4374 modi
1175 4316 1368 4374 radicatione.

194 4417 251 4471 ripn
267 4418 358 4461 interni
375 4424 401 4464 et
421 4397 503 4454 Nam
516 4399 586 4456 fidei
600 4399 737 4455 salvificae
752 4397 930 4474 principium
941 4403 985 4452 est
997 4394 1125 4468 Spiritus
1139 4394 1369 4468 regenerationis

196 4475 367 4526 radicandum
424 4482 455 4532 et
465 4477 641 4552 adoptionis,
654 4475 674 4532 J
677 4478 724 4534 oh.
737 4477 780 4534 iii.
788 4477 814 4544 5,
828 4473 1036 4542 Romviiild,
1043 4475 1093 4530 sed
1103 4472 1173 4529 fidei
1184 4473 1369 4546 temporariae

166 4549 295 4625 Spiritus
309 4553 547 4624 illuminationis,
562 4554 639 4612 Heb.
656 4555 694 4610 vi.
709 4555 737 4611 4,
779 4554 888 4611 Modus
898 4551 1088 4609 radicatione
1102 4557 1147 4608 est
1160 4549 1326 4624 profundus
1339 4553 1369 4609 in

165 4629 228 4700 illa,
240 4637 270 4686 et
281 4632 475 4705 superficialis
490 4634 520 4688 in
535 4634 600 4690 ista.
643 4631 732 4690 Fides
742 4633 911 4706 justificans
923 4630 1055 4688 radicata
1066 4637 1109 4687 est
1118 4629 1220 4686 intime
1232 4627 1262 4683 in
1274 4631 1369 4700 corde,

165 4715 270 4781 utpote
284 4727 351 4782 quae
366 4710 499 4766 consistit
514 4710 543 4766 in
559 4709 716 4785 profunda,
732 4711 926 4786 penitissima,
942 4709 1035 4777 vitali,
1056 4715 1086 4765 et
1106 4707 1200 4765 antica
1214 4725 1248 4763 uc
1262 4708 1373 4772 efficaci
