3186 5210
261 367 319 427 516
676 383 767 424 cocus
782 383 911 424 oscines
925 381 1060 432 orturus.
1261 361 1378 447 [ocean.
1393 381 1445 423 stt.

265 527 401 586 Patribus
416 535 442 583 et
456 526 572 583 Liberis.
615 525 694 601 lirgo
716 533 744 582 et
765 523 904 582 beneficia
919 523 1059 600 Foederis,
1074 525 1170 600 qualia
1184 533 1251 583 sunt
1265 526 1380 584 remissio
1394 517 1447 601 pee-

264 617 399 680 catorum,
412 615 441 663 et
452 605 640 678 sanctificatio,
653 605 691 662 ad
701 623 750 662 eos
761 604 902 680 pertinere
914 603 1028 678 debent,
1040 625 1077 662 ex
1085 605 1107 664 J
1109 625 1148 663 er.
1163 606 1255 676 xxxi,
1265 606 1362 679 xxxii,
1372 614 1397 663 et
1407 623 1448 682 pre

265 696 341 746 statu
362 686 489 762 ipsorum
511 705 528 742 a
550 686 613 742 Deo
634 685 704 761 ipsis
725 683 980 742 communicantur.
1024 684 1087 758 Quo
1116 704 1201 743 sensu
1223 687 1308 763 juxta
1328 685 1447 762 quosdam

263 765 392 823 fidelium
413 764 497 822 liberi
517 765 652 823 dicuntur
671 763 763 820 sancti
783 763 882 837 Paulo,
907 768 921 820 l
946 764 1010 822 Cor.
1032 764 1082 822 vii.
1107 768 1152 823 14,
1200 765 1281 823 Licet
1298 767 1350 824 hoc
1363 764 1448 824 melios

264 845 404 903 reseratur
418 843 455 902 ad
470 845 650 903 sanctitatem
671 852 818 900 externam
835 852 864 901 et
878 843 1043 901 soederelem
1059 863 1123 920 quse
1138 844 1195 902 illis
1210 847 1350 922 competit,
1364 864 1448 902 secuu-

265 925 334 984 dum
349 943 444 1000 quam,
461 924 529 1000 quie
542 930 700 981 nascuntur
720 941 757 980 ex
778 923 945 998 parentibus
966 922 1113 982 foederatis
1134 934 1163 982 et
1174 925 1349 999 Christianis,
1365 924 1449 982 saltem

265 1025 302 1062 ex
323 1005 423 1077 altero,
446 1011 598 1062 censentur
618 1003 704 1060 etiarn
726 1002 756 1058 in
770 1004 915 1061 sanctitate
930 1003 1029 1078 geniti,
1045 1003 1075 1060 id
1089 1003 1119 1060 in
1135 1005 1352 1079 Christianam,
1365 1014 1391 1063 et
1402 1023 1449 1061 nou

265 1085 295 1141 in
311 1083 499 1159 Ethuicismo,
515 1083 566 1160 qui
580 1091 672 1141 status
686 1090 748 1140 erat
761 1091 900 1154 saraptae
915 1091 944 1140 et
958 1083 1141 1160 impuritatis.

265 1203 507 1314 ²’.ttssttt0ttt
528 1161 795 1300 Mittit?
814 1161 1144 1319 tlgtttttttttt
1160 1164 1451 1321 lttttttltt

298 1320 380 1372 tinem
527 1323 565 1380 ad
589 1321 662 1380 illud
677 1321 819 1396 introitus,
842 1321 911 1380 Joh.
934 1321 974 1380 iii.
997 1325 1024 1395 3,
1048 1325 1075 1381 5.
1119 1323 1201 1382 Licet
1222 1334 1318 1382 autom
1338 1323 1451 1382 Christus

266 1405 321 1463 hoc
344 1403 464 1463 Adultis
485 1411 625 1479 proponat
646 1402 676 1459 iu
697 1401 861 1476 exemplum
883 1402 1063 1476 humilitatis,
1085 1411 1118 1461 ut
1139 1404 1248 1462 similes
1262 1405 1354 1480 pueris
1373 1400 1451 1478 quoad

266 1503 360 1543 mores
387 1504 451 1543 esse
479 1483 583 1542 debere
611 1481 752 1556 ostendat,
774 1479 857 1538 utin
879 1500 1000 1557 regnum
1021 1483 1158 1541 eoelorum
1179 1483 1380 1556 admittentem
1400 1481 1453 1538 Non

267 1565 398 1623 excludit
412 1573 516 1639 tamen,
540 1562 590 1620 sed
612 1561 734 1619 includit
754 1561 784 1618 in
805 1560 860 1618 ista
881 1561 1071 1637 promissione
1095 1563 1174 1638 ipsos
1189 1563 1323 1639 infantes,
1337 1583 1354 1622 a
1366 1561 1454 1638 quibus

267 1646 336 1704 facit
349 1645 472 1703 initium.

264 1765 287 1810 ἃ
297 1767 416 1824 Exempla
426 1763 509 1810 mun·
571 1723 660 1782 XVI.
683 1727 711 1783 3.
734 1721 808 1798 Quia
821 1721 926 1780 dantur
939 1723 1072 1801 exempla
1087 1723 1233 1788 variorum
1247 1723 1399 1796 infantium,
1413 1718 1454 1797 qui

297 1828 359 1870 tium
378 1827 420 1881 qui
441 1837 509 1868 sane-
531 1804 701 1864 senctifioati
722 1803 837 1861 fuerunt
861 1803 897 1860 ab
922 1811 1013 1878 utero,
1037 1812 1070 1861 ut
1094 1813 1207 1862 constat
1228 1825 1266 1863 ex
1286 1803 1413 1874 Ieremia,
1431 1809 1454 1858 et

297 1883 509 1934 &autumnum
530 1885 665 1943 Johanne
688 1883 836 1960 Baptista,v
851 1882 913 1941 Jer.
936 1883 954 1941 i.
978 1885 1004 1956 5,
1022 1883 1092 1941 Luc.
1109 1884 1127 1941 i.
1145 1887 1190 1959 15,
1208 1887 1258 1943 80.
1301 1884 1379 1941 Licet
1390 1879 1454 1939 enim

266 1969 400 2046 quaedum
423 1968 471 2027 hic
496 1973 647 2025 occurrant
667 1963 825 2040 singularia
847 1970 876 2021 et
900 1963 1135 2037 extraordinaria,
1157 1983 1224 2040 quae
1243 1964 1280 2023 ad
1295 1964 1369 2040 ipsos
1382 1961 1455 2032 solos,
1539 2011 1540 2024 ,

267 2068 325 2106 non
344 2048 381 2107 ad
406 2048 478 2106 alios
502 2045 692 2124 pertinebant,
716 2044 789 2101 bene
812 2049 911 2100 tamen
929 2043 997 2100 hinc
1018 2042 1165 2119 colligitur
1179 2043 1305 2102 infantes
1318 2041 1454 2120 participes

267 2128 328 2186 fieri
342 2147 427 2204 posse
444 2127 567 2204 Spiritus
589 2125 695 2198 Sancti,
717 2123 768 2199 qui
792 2141 857 2180 eum
882 2122 992 2181 otiosus
1013 2141 1151 2180 essenon
1171 2123 1274 2199 possit,
1294 2131 1418 2200 operetur
1433 2119 1457 2175 iu

267 2206 338 2284 ipsis
362 2217 458 2266 metue
482 2214 511 2264 et
534 2204 736 2263 inclinationes
757 2202 835 2260 aetati
856 2201 983 2279 ipsorum
1011 2202 1225 2278 convenientes,
1256 2224 1321 2280 quae
1341 2203 1459 2260 dicuntur

267 2287 444 2363 semenfider‘,
461 2305 512 2344 seu
525 2284 665 2361 principia
679 2281 922 2340 sanctificationis.

269 2421 290 2464 4.
304 2420 403 2496 Dantur
412 2421 438 2498 lp
451 2421 510 2476 Ipsis

297 2497 461 2526 narraremus«.
532 2449 603 2500 Μὴ
628 2449 713 2514 immi
743 2449 773 2497 et
799 2441 940 2517 principia
971 2449 1029 2499 tam
1057 2442 1215 2500 theoretica
1240 2463 1327 2520 quam
1350 2438 1459 2519 pracli(²8

533 2519 621 2595 Legis
645 2519 792 2594 naturalis,
822 2527 851 2577 et
878 2521 902 2578 si
931 2520 1027 2578 Adam
1049 2521 1079 2578 in
1100 2521 1268 2598 integritate
1295 2521 1460 2601 perstitisset,

268 2603 365 2681 imago
386 2603 494 2676 divine,
517 2619 581 2677 quse
603 2600 632 2657 in
654 2599 805 2657 sanctitate
828 2600 967 2674 consistit,
987 2619 1038 2678 per
1054 2602 1293 2678 propagationem
1314 2603 1350 2660 ed
1369 2601 1460 2658 liberes

269 2685 332 2762 ejus
353 2684 523 2742 transiisset.
566 2679 642 2754 Quid
667 2679 764 2738 obstet
784 2699 853 2755 ergo
877 2680 947 2755 quin
968 2699 1006 2738 ex
1028 2681 1239 2757 supernaturali
1260 2679 1460 2760 regeneratione

269 2765 411 2842 accipiant
436 2761 545 2822 semina
568 2759 699 2837 quaedsm
723 2758 800 2834 fidoi,
829 2768 858 2817 et
885 2759 1042 2836 primordia
1067 2760 1312 2836 sanctificationis,
1328 2781 1390 2820 eum
1412 2775 1461 2816 nou

268 2845 363 2903 minus
378 2863 497 2922 capaces
512 2841 569 2900 aiut
584 2841 703 2898 istorum
717 2860 769 2916 per
783 2839 914 2916 gretiam,
931 2859 1016 2915 quarn
1031 2839 1147 2898 illorum
1160 2859 1212 2917 per
1225 2843 1380 2902 naturam?

571 2920 696 2978 XVIII.
719 2919 802 2978 Licet
822 2939 880 2976 non
901 2919 1055 2978 videantur
1075 2920 1105 2977 iu
1125 2919 1285 2980 infantibus
1305 2919 1414 2992 indicia,
1430 2935 1461 2974 ex

530 2999 635 3078 quibus
659 2999 758 3076 colligi
782 2999 873 3075 possit
897 3019 947 3056 eos
971 3019 1034 3057 esse
1056 2998 1178 3058 donatos
1201 3001 1312 3078 Spiritu
1328 3003 1426 3061 Sancto
1438 3003 1462 3052 et

532 3081 640 3140 semine
654 3079 730 3154 fidei,
745 3079 814 3157 quia
827 3079 882 3137 hoc
895 3099 947 3155 per
961 3088 1075 3138 aetatem
1088 3098 1147 3137 uon
1160 3079 1245 3156 licet;
1270 3082 1336 3141 Non
1347 3077 1462 3156 sequitur

269 3163 325 3222 hoc
339 3163 409 3240 ipsis
424 3181 486 3221 esse
501 3160 712 3238 denegandum,
728 3179 793 3218 cum
814 3159 887 3216 ratio
908 3159 1010 3217 salutis
1024 3159 1151 3236 ipsorum
1165 3163 1328 3220 necessario
1342 3161 1394 3218 hoc
1406 3175 1461 3235 pes·

268 3243 350 3316 tulet,
366 3251 395 3301 et
409 3242 550 3318 exemplis
563 3241 659 3299 allatis
673 3239 847 3298 contrarium
861 3245 966 3316 pateat.

310 3321 404 3379 XIX.
428 3321 470 3380 Ut
490 3327 557 3378 aute
575 3318 695 3378 rationis
714 3339 798 3378 usum
819 3318 950 3376 homines
970 3318 1127 3377 rationales
1145 3320 1219 3378 bene
1241 3319 1383 3394 dicuntur,
1405 3315 1463 3392 quie

269 3401 378 3458 habent
401 3399 573 3477 principium
597 3399 716 3457 rationis
744 3399 774 3456 in
796 3397 892 3456 anima
915 3397 1067 3472 rationali;
1097 3399 1144 3457 Ita
1167 3399 1239 3457 nihil
1261 3401 1358 3459 obstet
1375 3395 1463 3455 fideles

268 3479 327 3536 diei
351 3487 416 3536 ante
440 3478 527 3536 fidem
550 3478 701 3553 actualem,
726 3479 795 3555 quia
818 3497 915 3536 semen
940 3477 1019 3553 quod
1039 3478 1124 3536 detur
1144 3478 1223 3556 ipsis,
1246 3488 1292 3537 est
1305 3476 1463 3557 principium

266 3557 342 3632 fidei,
358 3577 395 3614 ex
409 3576 466 3632 quo
481 3565 557 3615 recte
572 3557 800 3633 denominantur,
822 3557 966 3634 quomodo
980 3567 1145 3634 peccatores
1159 3569 1235 3617 recte
1250 3559 1391 3632 dicuntur,
1405 3555 1462 3613 licet

269 3637 379 3715 peccati
395 3644 476 3694 actus
490 3635 618 3693 nondum
633 3655 750 3696 exerere
764 3637 884 3714 possint.

306 3715 383 3774 XX.
408 3715 439 3774 si
460 3715 510 3790 qui
530 3735 568 3772 ex
589 3715 704 3774 Nostris
725 3725 832 3793 negant
851 3716 938 3775 fidem
960 3736 1023 3775 esse
1044 3717 1261 3794 inicientibus,
1283 3720 1332 3778 vel
1349 3717 1415 3795 ipsis
1427 3710 1459 3770 ad

268 3795 389 3856 salutern
404 3813 467 3854 esse
482 3793 682 3870 necessariam,
705 3803 737 3853 ut
757 3815 795 3854 ex
816 3795 989 3872 quibusdam
1009 3797 1081 3856 locis
1101 3797 1249 3874 Martyris,
1266 3798 1360 3871 Beuae,
1377 3794 1462 3853 Pisca-

267 3878 346 3953 toris,
363 3875 527 3954 colligitur,
558 3875 672 3933 Certum
695 3883 739 3933 est
759 3876 814 3933 hoc
828 3874 864 3934 de
878 3875 935 3934 tide
956 3875 1062 3934 actuali
1076 3877 1200 3954 intelligi
1214 3878 1354 3936 adversus
1369 3873 1463 3934 Luthe·

267 3977 360 4031 renos,
386 3977 444 4016 non
470 3955 506 4020 tle
530 3955 638 4014 semine
660 3953 736 4031 fidei,
759 3955 808 4014 vel
831 3955 940 4032 Spiritu
960 3957 1195 4034 regenerationis,
1217 3977 1303 4033 quem
1318 3953 1463 4014 infantibus

305 2986 398 3032 Fontes
409 2985 480 3030 Solu·

338 3045 443 3088 ttouum.

266 4037 354 4097 tribui
378 4057 437 4096 non
451 4036 540 4096 semel
564 4043 704 4096 esserunt.
747 4035 869 4112 Martyr,
889 4035 927 4094 lo.
943 4055 1016 4094 com.
1033 4036 1075 4094 cl.
1090 4037 1130 4094 ia.
1146 4057 1207 4114 cap.
1223 4041 1251 4110 8,
1267 4057 1294 4114 p.
1311 4038 1379 4109 826,
1393 4037 1462 4110 post·
1534 4071 1535 4074 ,

267 4136 353 4193 quam
377 4117 452 4176 dixit
479 4116 655 4194 Scriptorum
682 4115 799 4175 Sacram
823 4133 882 4173 non
905 4115 1000 4173 dicere
1014 4116 1152 4192 parvulos
1173 4117 1298 4192 credere,
1314 4113 1368 4173 dac.
1384 4109 1462 4180 addit,

268 4199 286 4230 ‘⁶
297 4197 414 4271 Judico,
437 4197 509 4255 satis
532 4215 603 4271 esse,
628 4204 662 4254 ut
686 4203 849 4255 statuantur
867 4194 917 4272 qui
939 4195 1073 4253 servandi
1093 4204 1168 4269 sunt,
1184 4215 1218 4254 eo
1233 4195 1310 4273 quod
1324 4215 1377 4273 per
1390 4191 1462 4250 Elec-

266 4276 374 4335 tiouem
389 4276 426 4334 ad
440 4275 584 4352 peculium
600 4275 656 4333 Dei
669 4275 840 4353 pertineant,
858 4273 967 4352 Spiritu
989 4275 1096 4335 Sancto
1110 4275 1252 4353 perfundi,
1269 4276 1319 4352 qui
1333 4273 1414 4332 radix
1427 4275 1464 4327 eet
1533 4305 1534 4324 .

265 4355 341 4428 fidei,
358 4355 428 4432 spei,
444 4355 599 4430 charitatis,
622 4361 651 4412 et
672 4354 800 4414 omnium
820 4353 968 4428 virtutum,
991 4373 1063 4430 quas
1084 4363 1185 4432 postea
1198 4356 1291 4414 exerit
1304 4363 1334 4414 et
1347 4352 1463 4412 dedant

266 4435 297 4492 iu
310 4435 378 4492 filiis
394 4433 458 4508 Dei,
473 4453 563 4510 quum
577 4453 628 4510 per
643 4442 757 4493 aetatem
770 4433 867 4491 licet.''
911 4433 958 4490 Ita
973 4432 1086 4493 Calvia.
1101 4435 1151 4494 lib.
1167 4435 1207 4494 iv.
1223 4435 1319 4494 Iustit.
1335 4452 1396 4510 cap.
1410 4426 1462 4486 xvi·
1533 4491 1534 4494 ,

266 4523 335 4572 sect.
360 4516 405 4586 17,
430 4511 510 4587 “At,
532 4513 685 4588 quomodo,
708 4514 850 4590 inquiunt,
873 4521 1081 4588 regenerentur
1101 4513 1235 4590 infantes,
1257 4535 1310 4572 nec
1330 4511 1398 4572 boni
1418 4525 1462 4594 neq
1532 4583 1533 4586 Ἴ

265 4592 332 4649 meli
359 4591 522 4668 cognitione
546 4591 685 4669 praediti?
725 4593 787 4651 Noe
809 4599 904 4650 autem
928 4594 1146 4670 respondemus,
1172 4614 1245 4672 opus
1271 4593 1334 4666 Dei,
1360 4590 1462 4650 etiamst
1532 4653 1533 4656 Ἴ

266 4671 362 4745 captui
377 4679 474 4730 nostm
488 4690 548 4728 uon
562 4671 718 4748 subjaceat,
741 4691 798 4730 non
820 4680 916 4730 temen
937 4691 1000 4731 esee
1014 4674 1135 4734 uultum.
1179 4675 1269 4734 Porro
1283 4671 1405 4734 inlsrrtes
1417 4663 1461 4742 qui

572 2361 680 2419 XVII.
702 2365 730 2419 4.
747 2361 822 2434 Quia
832 2361 955 2420 infantes
970 2362 1087 2420 trahunt
1101 2381 1138 2419 ex
1152 2363 1280 2422 naturali
1293 2359 1459 2440 generatione
1540 2383 1541 2388 ¹
