3108 5198
74 374 179 424 auser.
195 350 256 434 un]
584 370 623 410 nn
638 371 716 411 neon
730 370 790 412 nar.
1057 369 1061 376 ·
1239 361 1277 417 47

73 512 262 591 Hieronymo,
275 511 330 572 vel
344 509 489 570 Gnosticis
502 518 532 570 et
545 510 736 571 Eunomianis
750 510 894 586 associari,
906 531 1057 590 equorum
1070 515 1213 574 sententia
1222 516 1279 577 fuit

73 593 273 654 alienissimus.
320 593 357 650 In
371 611 427 668 quo
440 589 537 667 inique
551 610 617 650 cunr
630 590 694 670 ipso
709 592 804 668 egisse
819 591 1039 669 Hieronymum,
1056 594 1195 654 Erasmus
1214 596 1277 674 ipss

73 695 124 732 non
137 682 235 750 potest
250 671 446 745 dissimulare,
461 689 550 747 quum
563 671 605 729 ait
618 690 684 730 eum
698 671 728 728 in
742 671 752 728 i
773 690 837 731 sum
850 671 892 730 ita
905 671 1113 732 debacchatum
1127 674 1225 749 fnisse,
1243 685 1277 736 ut
1297 698 1303 711 ·

72 753 230 832 plusculum
255 751 409 810 modestiae
431 751 462 808 in
483 769 517 808 eo
539 757 660 828 cogatur
681 692 853 826 desiderare,
868 752 953 828 quasi
974 761 1094 830 negaret
1112 754 1276 814 faciendum

72 834 246 909 martyrium,
262 832 316 890 vel
329 839 487 908 martyrum
501 831 673 908 sanguinem
693 830 921 890 conculcandum
945 840 975 890 et
994 833 1074 891 nullo
1091 853 1209 911 prorsus
1222 835 1275 893 ho·

72 933 134 972 nore
147 913 275 990 dignum
292 911 489 984 existimaret;
512 910 585 968 Cum
606 918 725 988 negaret
738 918 851 969 tantum
872 910 1034 1049 Mampmm
1053 912 1190 992 reliquias
1211 935 1275 975 esse

73 993 218 1068 colandaa;
252 991 321 1065 Qua
341 990 374 1048 in
395 1009 427 1048 re
441 1009 506 1048 cum
521 989 682 1066 Vigilantio
696 1009 750 1048 nos
763 989 857 1049 facere
871 1009 929 1049 non
963 991 1107 1052 iffitemur.
1151 994 1182 1053 Si
1203 1015 1273 1054 vero

73 1091 172 1130 encres
186 1071 335 1149 quosdam
350 1069 425 1128 fovit
438 1069 469 1126 in
482 1069 547 1127 aliis
567 1069 705 1129 doctrinae
720 1069 871 1146 capitibus,
886 1079 919 1130 ut
932 1070 975 1129 illi
998 1073 1153 1150 exprobrat
1167 1074 1273 1141 Hiero-

72 1171 286 1291 nyrrppampuuam
300 1169 371 1210 vere
391 1169 450 1209 non
464 1149 534 1208 satis
555 1158 676 1226 constat,
698 1149 771 1208 nihil
791 1149 875 1210 nobis
892 1171 958 1210 cum
972 1150 1023 1210 illo
1037 1173 1188 1213 commrme
1209 1175 1273 1215 esse

71 1252 115 1309 pro
231 1275 239 1290 .

533 1468 726 1544 QUAESTIO
748 1471 808 1531 IX.

274 1649 317 1690 AD
332 1647 517 1689 summust
531 1647 781 1691 securarum-nn
796 1650 893 1692 CULTU
906 1649 1069 1692 IMAGINUM.

73 1789 113 1846 da
125 1789 183 1847 De·
194 1798 222 1847 et
235 1788 302 1848 SE.
320 1787 475 1862 lluaitatrb,
493 1787 605 1864 Chresti,
620 1789 759 1864 Dsrparoe
778 1789 910 1864 Virginis,
924 1799 952 1848 et
963 1791 1086 1848 aliorum
1104 1791 1273 1850 Sanctorum

145 1869 291 1946 imagines
305 1871 382 1926 cislae
394 1869 524 1945 religioso
534 1869 671 1946 prosequi
683 1869 788 1928 liccat!
809 1869 884 1944 Neg.
900 1877 1000 1928 contra
1015 1869 1192 1930 Pontificios.

109 2027 132 2085 l.
153 2028 229 2086 Dure
245 2036 316 2087 sunt
329 2027 482 2105 precipuae
495 2026 676 2102 Quaestiones
697 2026 733 2086 de
748 2026 930 2104 Imaginibus
951 2026 1048 2104 sacris,
1066 2031 1093 2088 1.
1108 2028 1154 2088 De
1175 2049 1273 2090 earum

73 2109 149 2182 culti,
164 2107 214 2166 An
239 2106 373 2167 colendae
397 2107 455 2166 sint
479 2115 509 2167 et
521 2105 718 2166 venerandae?
759 2112 786 2166 2.
810 2108 854 2165 De
876 2127 974 2166 earum
988 2127 1048 2183 usu,
1065 2108 1115 2167 An
1134 2109 1273 2170 facienda

74 2187 169 2248 sallem
182 2189 252 2264 sint,
268 2187 343 2247 etin
358 2186 495 2265 Templis,
510 2186 631 2264 aliisque
651 2186 724 2246 locis
738 2187 828 2246 sacris
848 2187 1048 2247 collocandae?
1080 2188 1272 2250 Posteriorem

74 2267 197 2342 proxime
211 2267 422 2346 expendemus.
465 2266 548 2324 Prior
561 2285 638 2325 nnnc
651 2267 828 2344 attingenda.

101 2399 273 2517 Ἥ
332 2345 1147 2520 ,ιιι,ἷιιιιιιιὲιιιιιιῑξιιιιι
1162 2369 1273 2508 rec

332 2525 405 2580 mus,
421 2525 484 2564 sive
497 2513 655 2580 materiam,
672 2526 733 2564 save
747 2514 957 2583 antiquitatem,
973 2508 1136 2586 srveetiam
1155 2519 1273 2588 propter

74 2593 263 2664 prototypum,
280 2585 359 2645 sisit
371 2586 418 2644 vir
431 2585 555 2663 alicujus
572 2585 706 2661 nominis,
720 2585 769 2644 vel
789 2586 873 2644 nobis
888 2607 980 2646 carus.
1025 2587 1083 2646 Sed
1098 2587 1148 2646 An
1163 2589 1272 2667 Imagi-

74 2664 153 2724 nibus
167 2665 223 2726 Dei
237 2674 268 2726 et
278 2665 451 2726 Sanctorum
465 2685 552 2725 manu
565 2665 713 2724 bominum
727 2665 992 2726 lactisdaferendus
1006 2667 1043 2725 sit
1057 2668 1153 2726 cultus
1167 2669 1272 2747 aliquis

75 2743 228 2822 religiosus,
245 2745 309 2805 sive
323 2745 462 2819 adoratio,
478 2746 540 2804 sive
551 2745 698 2805 veneratio
709 2744 830 2805 dieaun.
873 2745 935 2805 Nec
946 2747 1023 2806 enim
1037 2747 1112 2806 inter
1122 2746 1271 2808 Adversa-

75 2823 127 2881 rios
139 2825 175 2886 dc
188 2847 224 2886 eo
238 2825 386 2900 convenit,
401 2825 466 2884 aliis
486 2826 681 2896 αᾱογαιίοηοπι
700 2825 823 2884 rotunda
846 2825 1049 2900 tribuentibus,
1064 2826 1129 2884 aliis
1143 2847 1213 2886 vero
1234 2827 1273 2888 ad

76 2901 269 2965 declinandam
283 2905 433 2980 invidiam,
450 2907 654 2964 mationem
674 2913 786 2965 tantum
807 2905 987 2982 urgentibus.
1031 2904 1090 2964 Sed
1113 2905 1192 2964 inani
1212 2907 1271 2966 dis·

76 2982 213 3060 tinctione,
228 2986 299 3063 quia
313 3005 379 3044 cnm
393 2984 489 3045 cultus
502 2985 656 3062 religiosus
669 2993 781 3044 tanmm
803 2985 907 3043 unicus
921 2985 968 3060 sit,
983 3004 1037 3043 nec
1051 2983 1147 3041 varias
1161 2987 1272 3063 species

76 3061 209 3140 admittat,
223 3064 345 3143 perinde
358 3074 404 3124 est
417 3084 589 3143 quocunque
603 3065 719 3124 nomine
735 3062 914 3140 indigitetur.

115 3143 172 3202 HL
194 3143 337 3220 Secundo,
352 3164 411 3204 non
425 3144 563 3222 quaeritur
581 3144 630 3203 hic
643 3143 679 3202 de
701 3145 783 3204 modo
798 3141 893 3201 cultus
908 3139 1089 3218 Imaginibus
1104 3140 1269 3217 exhibendi,

77 3241 125 3279 sen
139 3227 270 3299 mornado
284 3224 399 3283 adorari
425 3224 549 3283 debeant
571 3223 735 3302 Imagines;
756 3231 790 3282 nt
812 3221 992 3282 excutiamus
1006 3221 1151 3280 variantes
1165 3229 1195 3280 et
1215 3222 1271 3282 sibi

76 3299 206 3362 adversas
219 3303 437 3364 Pontificiorum
451 3303 617 3378 sententies,
632 3302 683 3381 qui
696 3303 788 3362 instar
795 3303 902 3362 veteris
916 3301 1035 3361 Babelis
1048 3301 1270 3362 architectorum

78 3380 236 3444 divisisnnt
249 3384 369 3461 linguis,
387 3391 417 3442 et
441 3383 544 3442 aeriter
568 3383 643 3442 inter
666 3403 696 3442 se
718 3383 748 3441 di
770 3382 934 3442 ladiantur:
964 3381 1014 3440 An
1035 3381 1188 3442 adorandas
1211 3382 1270 3444 sint

77 3463 179 3539 proprie
195 3472 224 3523 et
236 3483 289 3542 per
303 3483 344 3539 se,
359 3471 393 3522 nt
412 3463 566 3522 terminent
587 3463 663 3522 inter
676 3482 707 3522 se
766 3463 933 3536 orationem,
955 3469 988 3520 ut
1008 3461 1125 3538 quidam
1140 3462 1249 3522 vellent
1260 3487 1270 3540 ;,

76 3541 120 3599 An
132 3563 201 3603 vero
213 3552 327 3602 tantum
341 3542 500 3620 analogice,
515 3541 678 3620 improprie,
694 3550 723 3601 et
736 3541 885 3602 reductive
899 3541 937 3600 sd
950 3541 1115 3619 exemplum
1129 3550 1158 3600 et
1171 3551 1268 3620 proto·

77 3627 177 3700 typum,
192 3623 271 3700 quod
285 3622 344 3681 alii.
387 3621 437 3680 An
451 3624 532 3682 cultu
546 3622 647 3681 eodem
661 3641 728 3681 cunr
740 3630 904 3699 prototypo,
916 3629 949 3680 ut
962 3639 1020 3679 non
1034 3621 1127 3699 pauci,
1140 3620 1190 3680 An
1199 3643 1269 3682 vero

77 3699 182 3762 diverso
204 3713 234 3762 et
256 3701 395 3777 inferiori,
409 3710 443 3762 ut
464 3702 523 3761 alii.
567 3700 625 3762 Sed
646 3701 784 3778 quaritur
800 3710 912 3760 tantmn
927 3699 1091 3760 decoritate
1105 3705 1201 3777 cultus,
1218 3700 1269 3760 An

76 3779 172 3858 aliquis
185 3783 280 3842 cultus
293 3782 449 3859 religiosus
462 3782 522 3840 illis
541 3780 697 3858 debeatur;
720 3779 799 3859 quod
818 3788 984 3840 constanter
1002 3789 1134 3841 asserunt
1148 3780 1268 3839 Pontifi-

76 3858 116 3936 eii,
130 3861 189 3922 Nos
203 3882 273 3922 vero
286 3881 437 3940 negamus.

112 3940 163 4001 IV.
185 3941 403 4001 Pontificiorum
427 3941 570 4002 sententia
593 3961 652 4000 non
676 3940 792 4000 aliunde
816 3940 919 3999 melius
941 3940 1096 4017 colligitur,
1119 3957 1205 4016 quam
1230 3957 1268 3997 ex

77 4016 188 4080 Concssii
201 4020 366 4082 Tridentini
387 4021 546 4080 sanctione.
587 4021 670 4080 Licet
691 4021 768 4079 enim
788 4020 844 4096 bic,
859 4028 892 4079 ut
912 4019 990 4094 alibi,
1006 4037 1144 4096 suspense
1158 4024 1187 4076 et
1208 4037 1267 4076 sm-

76 4095 154 4175 bigue
167 4101 309 4178 loquatur,
324 4109 359 4160 ut
372 4101 485 4178 utrique
499 4099 731 4159 dissentientium
740 4100 817 4178 parti
829 4107 968 4176 quantum
982 4097 1042 4156 fieri
1057 4105 1170 4176 poterat
1184 4099 1268 4158 satis-

76 4175 190 4256 faceret5
219 4182 291 4240 satis
313 4189 411 4240 tamen
434 4188 560 4239 mentem
583 4199 664 4240 suam
678 4181 778 4257 aperit,
793 4199 883 4256 quum
903 4186 1042 4256 provocat
1055 4177 1093 4236 ed
1107 4177 1268 4237 Concilium

77 4255 215 4319 liiccnum
229 4259 399 4334 secundum,
414 4268 443 4319 et
463 4260 604 4337 approbat
618 4260 755 4337 quicquid
775 4259 805 4317 in
819 4279 854 4318 eo
875 4259 952 4318 circa
971 4258 1080 4318 cultum
1102 4257 1270 4332 Imaginem

77 4339 252 4400 constitutum
266 4349 331 4416 est3
361 4339 463 4399 Verba
483 4348 551 4399 sunt
573 4339 706 4399 Sessione
721 4341 769 4414 25,
786 4338 910 4398 Decreto
927 4337 964 4397 de
978 4336 1172 4397 Vener-stione
1188 4334 1269 4394 Reli·

77 4417 1092 4575 3lfflffiltttltiburitffisttltttlttl‘t
1103 4413 1268 4565 illidi}

1044 4541 1052 4570 l

76 4591 158 4655 mum,
173 4589 202 4639 st
215 4599 265 4639 eos
279 4579 332 4658 qui
346 4579 431 4638 aliter
443 4578 551 4638 docent
563 4579 650 4658 impie
672 4543 777 4638 dentiae
790 4576 967 4656 praedicent3
1000 4575 1037 4632 Id
1050 4570 1128 4650 quod
1143 4569 1266 4660 Concili-

77 4672 156 4736 ⁰mm,
169 4659 329 4740 presertim
344 4678 414 4719 vero
428 4658 562 4720 wcundaa
577 4659 703 4720 Nicsenss
719 4657 838 4738 Synodi,
854 4655 978 4716 decretis
991 4659 1092 4713 conus
1102 4649 1268 4725 Imaganum
