3186 5210
265 363 323 420 518
658 379 749 420 nocua
764 375 893 420 aceruus
907 379 1043 426 cursous.
1276 359 1392 440 [ebesa.
1407 379 1448 420 111.

266 519 466 594 impressione,
481 535 533 592 per
547 536 637 592 quam
654 518 789 577 Verbum
803 518 837 575 fit
851 525 955 587 tauma,
970 525 1001 576 et
1013 519 1072 576 fide
1090 523 1349 592 contemperatum,
1363 520 1420 578 Jac.
1433 520 1448 576 1.

265 597 313 666 21,
328 597 406 654 Heb.
423 596 460 652 iv.
476 595 503 654 2.
546 595 586 654 Et
598 599 700 656 fideles
719 605 788 655 sunt
803 606 932 669 ὶῤῥιζομὶηι
951 607 970 652 t·
983 607 1075 669 ἀγάπῃ,
1090 595 1165 670 Eph.
1180 596 1221 653 iii.
1239 598 1284 668 17,
1299 599 1450 656 radicetiin

269 674 386 733 Christo
406 685 434 734 et
454 676 614 752 confimari
634 676 665 732 ln
683 678 756 754 fide,
773 675 925 740 061117.
968 674 1013 732 At
1032 678 1106 734 fides
1120 683 1251 748 ηὸηωςκ
1266 677 1387 734 radicem
1404 699 1451 734 stoa

266 754 358 823 lubet,
372 753 482 810 Matth.
497 753 561 810 xiii.
576 752 623 824 21,
639 754 727 814 idest
741 757 772 812 iu
786 754 940 828 superficie
955 754 1067 812 extima
1080 751 1187 812 anima
1196 755 1299 826 haeret,
1312 756 1450 812 scilicetin

266 831 429 901 intellectu,
444 848 505 888 non
519 832 557 888 ad
572 849 622 887 cor
636 832 733 907 ipsum
751 838 896 909 penetrat,
918 850 972 888 nec
986 851 1088 890 reram
1107 830 1249 888 fiduciam
1271 833 1450 896 inchristum

265 910 364 978 habet,
386 909 472 984 cuijus
493 910 524 965 vi
546 908 664 966 Christo
685 913 808 969 unimur
827 918 970 984 tanquam
992 909 1087 967 fundo
1106 908 1202 968 solido
1216 918 1247 968 et
1264 912 1361 986 opimo
1374 929 1390 968 a
1402 930 1450 985 quo

266 1005 387 1044 succum
401 988 469 1044 ritae
485 987 631 1057 ducimus,
646 987 724 1045 Heb.
741 991 783 1047 iii.
800 990 846 1058 14,
862 987 948 1044 Rom.
963 989 1003 1044 xi.
1022 987 1067 1060 17,
1083 989 1129 1044 20.

357 1131 362 1142 Ι
561 1063 600 1121 V.
619 1065 647 1122 4.
666 1066 793 1126 Ratione
810 1066 981 1144 Effectuum.
1002 1065 1082 1124 Nam
1092 1069 1165 1126 fides
1177 1076 1318 1141 «perenger,
1333 1075 1366 1124 ut
1376 1073 1416 1124 est
1427 1066 1451 1122 in

264 1131 287 1175 4·
307 1130 416 1232 R'ffi
429 1129 500 1212 ΨΦ
521 1148 600 1200 terra
619 1151 747 1217 petrosa,
768 1166 835 1220 quae
856 1143 984 1201 radicem
1005 1163 1065 1202 non
1085 1147 1182 1218 habet,
1197 1147 1241 1204 ita
1253 1155 1352 1204 manet
1364 1156 1450 1217 tagre

428 1221 434 1240 ’
522 1220 699 1296 infrugifera
713 1231 743 1281 et
756 1223 874 1292 sterilis,
889 1222 961 1296 quia
975 1241 1073 1280 semen
1088 1227 1188 1284 statim
1202 1233 1324 1282 enatum
1341 1225 1450 1292 exaruit,

266 1307 316 1368 aot·
334 1307 439 1372 tergens,
455 1297 528 1356 Luc.
543 1299 603 1356 viii.
619 1301 647 1372 6,
666 1303 737 1377 quia
758 1321 818 1360 non
837 1301 929 1358 habet
948 1301 1113 1374 humorem,
1129 1323 1183 1361 nec
1203 1303 1332 1361 radicem
1352 1323 1386 1360 ex
1402 1319 1452 1376 qua

265 1377 411 1446 hauritur,
426 1393 481 1434 nec
494 1387 561 1442 ueta
580 1389 619 1440 τῆς
638 1391 680 1448 γῆς
702 1381 881 1456 profundam
901 1386 1019 1450 terram,
1035 1399 1125 1454 quam
1140 1383 1227 1439 radix
1248 1383 1311 1440 alta
1327 1381 1449 1456 postulat

268 1455 327 1512 Sed
341 1456 414 1512 fides
427 1455 559 1513 salvifica
571 1457 655 1514 ferax
676 1467 720 1515 est
741 1467 771 1516 et
791 1456 944 1532 frugifera,
956 1457 1050 1531 etqui
1064 1477 1100 1515 ea
1113 1460 1231 1534 praediti
1246 1469 1315 1517 sunt
1328 1461 1450 1517 dicuntur

265 1545 410 1670 quaeoqopn
428 1544 447 1589 t·
460 1543 563 1607 16111611,
572 1537 708 1613 fructum
719 1539 804 1615 serre
818 1543 988 1605 scrutanter,
1003 1537 1167 1611 etquidem
1182 1539 1343 1613 copiosum,
1358 1535 1450 1594 Matth.

265 1631 328 1670 xm.
385 1658 391 1670 .
671 1638 677 1650 ·
1061 1631 1064 1638 ·

264 1729 501 1778 thaumatum
556 1691 615 1750 VI.
637 1693 664 1750 ὅ.
680 1693 810 1752 Ratione
819 1696 946 1752 Aetnam
958 1691 1147 1750 essentialium
1160 1695 1239 1766 fidei,
1251 1701 1333 1770 puta,
1345 1695 1451 1762 notitiae,

294 1788 502 1839 fidaneuodno
523 1789 667 1844 assensus,
682 1772 851 1831 etfiduciae.
894 1772 978 1830 Nam
991 1771 1019 1827 in
1036 1773 1094 1828 fide
1104 1771 1289 1845 justificante
1302 1775 1398 1832 nolitia
1416 1781 1451 1829 cst

295 1849 392 1900 titiam
518 1850 671 1928 profunda
685 1850 717 1908 in
733 1851 793 1908 imo
808 1852 923 1914 haereas
937 1851 1043 1918 eorde;
1064 1849 1316 1924 experimentalis,
1329 1871 1385 1910 non
1399 1851 1451 1908 solo

264 1931 372 1988 auditu
386 1933 502 1999 hausta,
517 1930 569 1986 sed
583 1929 647 2004 ipso
662 1929 849 2006 experientias
865 1947 954 1987 sensu
965 1929 1147 2000 confirmata,
1161 1929 1175 1987 1
1190 1927 1256 1988 Pet.
1271 1930 1300 1986 ii.
1316 1931 1343 2002 3,
1358 1929 1425 1988 Phil.
1435 1929 1449 1984 i.

192 2079 195 2086 Δ
264 2009 292 2080 9,
308 2011 371 2067 oica
385 2021 411 2066 et
428 2008 569 2086 practica,
584 2026 645 2065 non
665 2009 763 2066 lucem
777 2014 896 2065 tantum
910 2013 1036 2081 gestans,
1051 2007 1102 2064 sed
1117 2015 1146 2064 et
1159 2007 1299 2079 calorem,
1317 2010 1331 2067 l
1348 2009 1369 2066 J
1371 2009 1413 2065 oh.
1426 2007 1458 2070 ii.¹

263 2091 292 2144 4.
308 2087 367 2146 Sed
381 2088 411 2144 in
426 2087 614 2163 temporaria,
628 2085 735 2144 notitia
749 2094 793 2144 est
805 2085 999 2162 superficialis,
1011 2091 1041 2141 et
1055 2087 1214 2157 theoretico,
1229 2107 1297 2162 qum
1316 2087 1450 2144 homiuem
1538 2109 1540 2142 t

520 2165 682 2222 doctiorem
698 2165 748 2222 sed
764 2183 824 2222 non
839 2165 991 2222 meliorem
1006 2165 1112 2221 reddit.
1153 2165 1300 2224 Assensus
1314 2167 1451 2222 1111116611

520 2249 617 2300 certus
630 2251 660 2300 et
673 2243 796 2312 solidus,
810 2244 841 2300 in
852 2262 912 2319 quo
926 2250 973 2300 est
986 2251 1125 2315 «nogareto
1137 2253 1177 2303 ets
1193 2252 1306 2308 «ovim,
1322 2241 1450 2310 061111,

263 2323 349 2380 utin
370 2340 415 2378 res
435 2321 597 2378 credendas
620 2319 733 2378 feratur
756 2323 871 2380 actione
891 2321 974 2397 quasi
998 2321 1146 2392 incuntes,
1168 2324 1303 2382 absentia
1325 2331 1450 2395 tanquam

261 2399 419 2474 praesentia
433 2399 489 2456 sibi
503 2398 643 2468 sistendo,
658 2405 687 2454 et
701 2398 862 2456 invisibilia
876 2409 910 2457 ut
924 2399 1060 2468 visibilia,
1076 2419 1137 2474 qua
1151 2401 1268 2459 ratione
1282 2402 1386 2458 dicitur
1398 2413 1449 2454 esse

264 2485 388 2536 telesam
402 2485 444 2531 τὸν
457 2484 612 2543 taurencium,
625 2485 654 2533 ei
668 2490 768 2546 ἲλιγχος
783 2477 1118 2550 τῶνμὴβλιτιμίνυιᾞθδ.
1133 2479 1211 2539 xi21.
1235 2479 1295 2538 sed
1309 2480 1337 2536 ll}
1353 2487 1450 2550 tempo·

262 2555 341 2614 raria
354 2573 488 2613 assensus
502 2561 547 2612 est
559 2553 664 2612 debilis
677 2561 708 2611 et
720 2555 862 2626 lubricus,
877 2575 946 2614 cum
960 2563 1103 2632 perpetua
1116 2557 1298 2616 titubatione
1311 2565 1340 2615 et
1349 2554 1449 2612 haesita·

262 2635 343 2692 tione
363 2631 547 2708 conjunctus,
569 2633 648 2690 unde
669 2633 780 2708 absque
801 2634 899 2692 radice
923 2635 1042 2704 dicitur,
1064 2642 1093 2692 et
1116 2635 1228 2694 obortis
1253 2633 1448 2696 tentationibus

262 2761 319 2811 Quo
320 2763 349 2807 aa
376 2760 489 2806 fiduciam
518 2711 605 2769 facile
619 2709 749 2770 concidit
761 2719 791 2769 et
809 2713 1014 2787 prosternitur,
1029 2711 1138 2770 Matth.
1154 2714 1203 2771 rii.
1219 2715 1268 2786 26,
1283 2715 1329 2778 27.
1369 2709 1448 2769 lielt-

439 2793 441 2798 ’
492 2794 497 2804 “
520 2792 563 2848 cia
578 2790 608 2846 in
621 2791 680 2848 fide
696 2790 879 2866 justificante
899 2797 944 2848 est
964 2809 1034 2848 vera
1052 2808 1087 2847 ac
1107 2791 1204 2863 realis,
1219 2801 1287 2851 orta
1300 2792 1402 2870 quippe
1418 2803 1448 2841 ex

261 2872 445 2948 penitissima
464 2870 568 2946 gratiae
590 2868 647 2926 Dei
667 2868 834 2944 cognitione
855 2873 885 2926 et
908 2887 1004 2938 sensu,
1031 2868 1046 2926 1
1073 2867 1148 2926 Tim.
1170 2868 1188 2926 i.
1211 2871 1239 2942 5,
1265 2873 1285 2928 2
1305 2869 1377 2928 Tim.
1396 2867 1412 2922 1.
1426 2861 1447 2918 5.

264 2949 303 3007 Iu
320 2950 512 3025 Temporaria
528 2965 597 3004 vero
611 2947 713 3006 fucata
725 2954 755 3005 et
768 2947 851 3018 levis,
867 2947 898 3003 in
913 2947 982 3004 solis
996 2947 1111 3004 haerens
1124 2947 1220 3020 labiis,
1235 2967 1291 3008 nec
1305 2965 1353 3006 cor
1365 2947 1447 3020 ipsum

262 3027 421 3102 attingens,
435 3047 503 3104 quoe
517 3026 735 3102 vana'proinde
753 3025 944 3100 praesumptio
959 3033 988 3082 ct
1002 3025 1179 3084 confidentia
1192 3033 1236 3085 est
1249 3028 1357 3102 potius,
1370 3036 1447 3098 quam

262 3123 333 3164 vera
345 3107 464 3176 fiducia,
478 3105 576 3180 qualis
597 3106 627 3161 in
648 3104 669 3161 J
672 3122 767 3160 uvene
781 3103 844 3173 illo,
858 3103 968 3161 Matth.
984 3103 1056 3174 xix,
1072 3105 1314 3178 deprehenditur,
1328 3111 1356 3161 ct
1369 3104 1446 3174 hypo

262 3185 342 3243 critis
365 3185 455 3243 variis
480 3186 517 3242 de
531 3183 630 3258 gratia
644 3181 701 3238 Dei
721 3189 752 3239 et
773 3183 868 3240 salute
883 3189 992 3238 temere
1010 3181 1218 3255 gloriantibus
1259 3183 1326 3242 Nee
1339 3183 1446 3239 obscura

260 3263 346 3333 ratio,
361 3263 507 3336 siquidem
520 3262 568 3318 isti
583 3261 709 3318 salutem
726 3259 890 3334 Evangelio
903 3259 1076 3334 promissam
1091 3261 1128 3317 ad
1150 3279 1180 3318 se
1199 3262 1345 3337 pertinere
1358 3252 1446 3327 1111131·

262 3347 380 3408 nantur,
394 3341 442 3396 vel
464 3340 525 3397 siue
544 3340 608 3396 ullo
621 3338 825 3408 fundamento,
840 3338 888 3395 rel
903 3357 940 3396 ex
952 3337 1042 3409 fals03
1064 3338 1137 3394 dum
1152 3339 1262 3414 absque
1276 3342 1339 3397 ullo
1353 3334 1394 3395 sui
1405 3349 1446 3388 er·

261 3417 368 3486 amine,
389 3419 470 3489 quod
492 3423 526 3472 ut
546 3417 705 3474 molestum
719 3417 808 3474 nimis
822 3435 856 3474 ae
870 3417 958 3474 rebus
979 3417 1039 3472 suis
1060 3415 1282 3475 incommodum
1299 3413 1444 3489 refugiunt,

262 2213 349 2263 Quoad
358 2226 484 2258 assensum
494 2227 500 2266 ;

262 3493 318 3567 ipsi
332 3493 387 3550 sibi
401 3496 492 3550 stulte
503 3494 696 3564 blandientes,
708 3494 835 3568 gratiam
848 3493 957 3552 Christi
971 3493 1100 3551 fastuose
1116 3494 1172 3552 sibi
1186 3504 1334 3572 arrogant,
1345 3492 1444 3550 et'rano
1537 3487 1538 3514 ³

261 3571 307 3627 1111
322 3571 435 3628 somnio
449 3588 550 3626 secure
571 3572 764 3642 indormiupt,
785 3591 844 3630 non
865 3572 1056 3647 inquirentes,
1078 3590 1131 3628 nec
1151 3576 1285 3634 volentes
1305 3570 1443 3648 inquirere,

260 3648 412 3724 quodnam
426 3649 465 3704 sit
479 3647 699 3722 imaginationis
718 3668 779 3706 suae
800 3650 1040 3719 fundamentum,
1054 3651 1135 3724 quod
1149 3651 1312 3728 aliquando
1324 3650 1444 3726 potante

260 3733 405 3800 conceptu
428 3725 504 3782 falso
529 3727 565 3782 de
590 3727 752 3784 universali
777 3727 834 3784 Dei
858 3729 1067 3797 misericordia,
1082 3735 1112 3785 et
1135 3731 1233 3788 nescio
1247 3750 1308 3806 qua
1320 3725 1442 3810 facilitate

261 3803 390 3866 Foederis
406 3803 588 3878 Evangelici,
610 3805 657 3861 vel
678 3823 697 3862 a
717 3807 924 3863 communione
938 3813 1061 3864 externa
1083 3805 1222 3866 Ecclesiae
1237 3817 1267 3866 et
1280 3811 1375 3866 cultus
1387 3799 1442 3858 reh-

259 3885 345 3960 giosi,
359 3885 407 3940 vel
422 3885 460 3942 ab
473 3883 626 3942 honestate
641 3885 770 3959 quadarn
791 3884 905 3955 morali,
921 3885 992 3959 quia
1012 3885 1102 3960 paulo
1123 3885 1221 3946 minus
1241 3889 1313 3944 mali
1327 3888 1390 3943 sunt
1402 3893 1442 3933 ue·

260 3961 419 4038 quissimis,
434 3965 482 4020 vel
503 3982 522 4020 a
542 3961 697 4020 securitate
718 3964 848 4038 quadam
862 3963 1036 4020 dormientis
1058 3971 1088 4019 61
1107 3966 1251 4038 torpentis
1265 3955 1440 4022 conscientian

260 4060 351 4116 quam
372 4041 427 4098 sibi
447 4043 565 4117 fingunt
585 4059 646 4099 esse
666 4059 769 4117 pacem
789 4049 820 4099 et
837 4041 1067 4098 consolationem
1083 4039 1211 4116 Spiritus
1228 4043 1337 4114 Sancti,
1350 4035 1441 4114 quitus

259 4119 369 4194 seipsos
389 4139 544 4196 perperam
564 4119 724 4196 decipiunt,
739 4120 823 4196 quusi
843 4118 1018 4176 sufficientia
1037 4119 1140 4192 gratim
1156 4119 1211 4178 Dei
1233 4121 1339 4178 indicia
1351 4115 1439 4174 soant

262 4197 320 4254 Sed
335 4197 397 4254 veri
411 4199 506 4255 fidelis
520 4200 608 4273 longe
622 4196 708 4256 aliter
722 4217 752 4255 se
765 4205 948 4272 comparant,
963 4215 1000 4254 ex
1014 4197 1119 4254 intimo
1133 4199 1243 4274 quippe
1257 4197 1439 4257 miseriacus

258 4293 346 4332 sensu
370 4277 409 4332 ad
430 4278 557 4348 gratiam
581 4277 688 4336 Christi
711 4276 892 4345 anhelantes,
907 4281 937 4331 et
958 4275 1041 4331 illam
1055 4275 1140 4332 firma
1160 4278 1227 4347 fide,
1242 4279 1292 4335 sed
1315 4268 1439 4352 submisse

258 4371 327 4409 curn
342 4352 511 4410 humilitate
526 4354 788 4429 apprehendentes,
803 4372 862 4410 non
877 4361 977 4410 tamen
998 4355 1035 4410 de
1056 4370 1093 4409 ea
1112 4361 1256 4430 tanquam
1270 4375 1324 4414 sua
1336 4345 1438 4429 glorian

258 4431 378 4500 audent,
400 4429 456 4487 nisi
476 4439 543 4504 post
562 4440 700 4489 exactum
721 4439 786 4488 tum
807 4431 910 4505 gratiae
940 4444 1064 4506 κριτηρίων,
1086 4438 1150 4488 tum
1172 4434 1283 4508 proprii
1297 4429 1384 4492 cordis
1402 4435 1439 4480 ³¹¹¹

256 4525 389 4577 examen,
405 4515 434 4564 et
447 4515 603 4582 postquam
617 4508 753 4582 diligenti
768 4507 908 4566 scrutinio
922 4517 1002 4566 certa
1020 4518 1050 4569 et
1067 4510 1238 4570 infallibilia
1251 4513 1353 4588 gratiae
1366 4515 1437 4576 argu·

257 4591 358 4640 menta
371 4591 401 4639 et
414 4585 518 4641 effecta
531 4585 561 4640 in
576 4604 607 4642 se
621 4585 877 4660 deprehenderint.

299 4658 376 4718 vll,
399 4659 466 4716 1166
500 4679 570 4717 vero
600 4663 782 4720 luculentius
812 4663 1003 4722 confirmatur
1031 4685 1068 4724 ox
1100 4667 1189 4726 variis
1219 4669 1333 4726 fiduciae
1365 4657 1432 4720 istius
