3150 5206
145 375 262 426 eumer.
278 353 324 436 x.]
586 373 625 412 nu
641 373 766 412 rmusas
781 373 908 413 suarna.
1300 365 1359 420 225

141 518 220 592 dum,
239 519 286 576 Ex
300 516 399 590 altera,
418 513 587 574 Mediatoris
610 521 731 573 mortem
748 513 948 589 adumbrabat,
964 524 993 574 ct
1015 516 1187 593 obsignabat
1201 519 1266 595 ejus
1285 541 1352 598 gra·

140 599 212 657 tiam
226 597 264 656 ad
278 596 503 656 consolationem
518 594 640 672 piomm.
683 594 815 653 Fuerunt
825 615 893 672 ergo
909 595 1034 654 victimas
1048 595 1182 672 cisalpinae
1196 617 1254 656 non
1265 601 1351 660 modo

140 685 334 755 peccatorum,
349 674 402 734 sed
416 683 445 735 et
458 675 636 734 remissionis
649 683 831 751 peccatorum
844 697 851 749 ;
866 675 1022 734 monebant
1037 695 1087 735 eos
1101 697 1160 736 uon
1173 677 1260 736 modo
1274 680 1352 758 quod

179 765 309 817 ocatores
329 763 434 832 essent,
450 754 574 831 ideoque
595 753 678 831 digni
698 762 789 812 morte
811 773 848 812 ex
871 755 953 830 σχίσει
972 755 1070 832 legali,
1087 757 1138 816 aad
1161 757 1248 816 otiam
1272 761 1351 836 quod

139 777 282 896 biberent
295 835 493 895 remissionom
507 843 690 913 peecatorum
704 833 736 891 in
751 833 874 893 Christo.

183 915 310 974 XXVI.
334 914 509 974 Conscientia
528 915 641 990 peccati
665 913 701 972 de
724 932 782 990 qua
805 913 913 973 Paulus
931 915 1060 992 loquitur
1084 916 1160 976 Hah.
1186 937 1216 976 x.
1242 922 1270 977 2.
1292 939 1350 978 non

140 1004 315 1075 potestesse
329 995 449 1072 peccati,
462 993 598 1052 Patribus
612 993 707 1052 adhuc
731 993 933 1068 incumbentis,
949 1002 978 1053 et
991 997 1115 1054 arcentis
1143 1017 1192 1054 eos
1220 998 1257 1057 ab
1271 1001 1350 1057 omni

141 1076 344 1136 communione
360 1074 424 1149 Dei,
436 1073 492 1131 hoc
506 1073 583 1132 enim
597 1093 634 1131 ue
647 1073 737 1147 fieret,
752 1073 887 1133 obstabat
909 1074 1033 1150 Sponsio
1048 1075 1156 1135 Christi
1179 1075 1236 1136 fide
1247 1098 1348 1156 appre-

141 1157 252 1232 hensa;
276 1154 327 1214 sed
341 1162 386 1213 est
396 1152 573 1214 conscientia
585 1152 697 1230 peccati
710 1151 839 1211 nondum
853 1162 920 1212 actu
935 1154 1052 1232 expiati,
1068 1175 1121 1214 nec
1130 1157 1284 1233 expiabilia
1297 1178 1350 1236 per

142 1235 284 1296 sacrificia
297 1233 412 1312 legalia,
428 1253 493 1310 quac
516 1233 583 1291 ideo
596 1232 783 1307 iterabantur,
806 1241 839 1290 ut
860 1231 961 1292 fideles
983 1241 1165 1312 testarentur,
1182 1255 1212 1296 se
1235 1237 1271 1296 iis
1285 1239 1348 1315 qui-

143 1314 209 1375 dem
223 1314 275 1389 uti,
291 1322 324 1373 nt
338 1313 479 1390 symbolis
492 1333 510 1370 a
525 1312 589 1371 Deo
607 1311 756 1384 institutis,
772 1311 824 1370 sed
837 1331 936 1370 veram
950 1313 1148 1374 remissionem
1159 1335 1217 1374 non
1231 1317 1346 1395 hahere,

142 1395 252 1454 nisiex
268 1394 428 1471 Sponsione
444 1392 551 1451 Christi
565 1401 594 1450 et
608 1391 704 1451 futura
724 1392 788 1468 ejus
802 1391 956 1469 oblatione,
982 1401 1016 1452 ut
1029 1395 1107 1471 quod
1122 1396 1186 1454 Lex
1207 1395 1276 1456 dare
1290 1418 1348 1457 non

142 1482 264 1552 poterat,
280 1472 311 1532 id
324 1491 376 1551 per
390 1472 513 1549 gratim
536 1471 644 1530 Christi
667 1479 918 1547 consequerentur.
961 1473 1008 1532 Ita
1029 1493 1088 1533 nou
1109 1475 1349 1555 habueruntqui-

142 1554 209 1614 dem
224 1573 288 1613 eam
303 1551 486 1612 conscientie
500 1551 746 1629 tranquillitatem,
762 1570 826 1627 quae
841 1551 931 1610 oritur
939 1573 977 1611 ex
988 1553 1067 1632 sheep
1081 1575 1098 1614 a
1111 1554 1255 1633 Sponsore
1263 1558 1348 1634 plane

142 1635 248 1708 soluto,
263 1631 440 1710 neque‘data
452 1631 508 1691 fuit
521 1631 556 1690 iis
571 1630 637 1690 talis
651 1630 770 1708 apocha,
786 1631 880 1708 qualis
891 1641 936 1692 cst
949 1633 979 1690 in
989 1634 1174 1694 suscitatione
1189 1635 1296 1696 Christi
1310 1657 1348 1696 ex

142 1715 273 1774 mortuis.
318 1712 376 1772 Sed
387 1711 550 1771 hahuerunt
562 1719 668 1786 tamen,
684 1718 824 1788 quantum
838 1710 875 1768 ad
899 1712 1104 1772 consolantium
1119 1733 1187 1774 vere
1207 1717 1347 1793 tranquil·

141 1794 260 1853 landam
274 1792 345 1852 satis
359 1799 429 1868 erat,
445 1792 476 1849 in
492 1790 652 1869 Sponsiona
667 1790 774 1849 Christi
788 1788 844 1848 fide
858 1800 982 1868 recepta.
1025 1793 1081 1852 Per
1103 1813 1166 1853 earn
1186 1795 1263 1853 anim
1277 1797 1348 1856 certi

142 1893 207 1932 esse
221 1881 355 1951 poterant
367 1881 486 1949 peccata
500 1871 596 1930 omnia
610 1868 860 1929 caussationibus
883 1870 943 1929 suis
965 1881 1118 1949 expuncta,
1134 1883 1164 1932 et
1177 1873 1208 1932 in
1221 1875 1348 1934 rationes

142 1953 252 2012 Christi
265 1952 357 2011 relata
370 1971 442 2027 esse,
458 1952 526 2029 quia
536 1971 571 2010 aa
584 1970 699 2028 quoque
710 1950 740 2008 in
755 1969 786 2008 se
801 1959 973 2027 susceperat,
986 1961 1015 2010 et
1025 1972 1077 2030 pro
1091 1953 1127 2012 iis
1141 1972 1172 2012 se
1187 1953 1346 2014 debitorem

140 2032 256 2092 luendae
270 2051 363 2110 prenae
377 2031 573 2106 constituerat,
589 2039 618 2090 et
631 2030 749 2108 quidem
759 2029 801 2088 ita
814 2037 847 2088 ut
864 2030 901 2088 ab
915 2032 994 2090 omni
1008 2031 1185 2110 obligatione
1199 2035 1345 2111 personali

140 2112 286 2171 immunes
310 2120 415 2188 essent,
430 2130 484 2170 nec
498 2111 558 2170 ullo
573 2130 700 2187 unquam
713 2117 841 2186 tempore
856 2109 986 2170 debitum
1000 2112 1036 2170 ab
1059 2112 1095 2171 iis
1117 2113 1197 2191 exigi
1210 2115 1345 2192 potuerit.

142 2191 327 2252 Conscientia
341 2199 418 2250 certe
431 2211 490 2250 non
504 2198 599 2269 potest
613 2189 803 2268 acquiescere,
819 2189 875 2248 nisi
889 2189 979 2268 digno
1001 2191 1140 2252 sacrificio
1155 2194 1193 2252 sit
1215 2202 1281 2254 actu
1296 2213 1345 2253 ex-

140 2271 230 2350 piata,
246 2271 295 2330 val
308 2280 386 2330 certo
401 2270 564 2349 expianda:
586 2269 691 2329 sufficit
703 2269 755 2345 illi,
769 2277 804 2328 ut
817 2270 989 2346 acquiescat,
1005 2281 1034 2330 et
1048 2273 1256 2350 tranquillitate
1270 2273 1346 2333 hua-

139 2361 198 2426 tur,
214 2351 314 2410 divina
328 2360 356 2410 ct
370 2351 555 2427 ἇμπιμίλπις
569 2350 672 2427 gratiae
687 2349 743 2409 Dei
757 2350 918 2426 promissio,
942 2360 971 2410 et
987 2351 1141 2428 Sponsoris
1166 2353 1346 2414 sufficientis-

140 2431 210 2490 simi
224 2431 422 2490 irrevocabilis
441 2430 609 2491 substitutio
623 2429 654 2488 in
670 2429 725 2488 Dei
736 2428 848 2506 judicio
871 2439 1028 2508 acceptata,
1045 2432 1107 2490 sive
1119 2433 1350 2508 solvendumssit

139 2509 302 2582 adhucair
315 2538 339 2570 οι
352 2531 370 2569 a
385 2512 538 2588 Sponscre,
551 2510 612 2569 sive
622 2509 684 2586 jam
700 2509 737 2567 sit
751 2509 887 2569 solutum.
927 2531 930 2536 ·
1302 2548 1304 2554 η

182 2590 298 2650 XXVI
318 2635 325 2651 .
348 2590 398 2649 Ad
411 2591 522 2668 peccati
546 2589 743 2648 remissionem
757 2609 816 2648 non
833 2591 996 2648 necessaria
1018 2601 1062 2650 est
1076 2593 1140 2670 ejus
1154 2594 1275 2654 actualis
1296 2614 1347 2653 ex·

138 2671 249 2749 piatio;
264 2670 368 2730 sufficit
382 2679 414 2730 ut
429 2670 466 2730 sit
479 2671 621 2748 promissa
634 2677 664 2728 et
677 2677 755 2728 certo
769 2668 874 2728 futura.
917 2671 1023 2730 Fateor
1037 2672 1087 2731 ubi
1108 2673 1205 2750 egitur
1215 2673 1251 2732 de
1270 2673 1346 2732 solu·
1403 2677 1410 2737 '.

137 2752 219 2810 tione
233 2750 348 2829 propria
361 2759 391 2809 et
404 2751 548 2828 personali
562 2749 653 2808 debiti
665 2749 831 2826 pecuniarii,
847 2769 905 2807 nou
920 2749 982 2807 dari
998 2751 1089 2810 debiti
1113 2753 1345 2828 expunctionem,

138 2831 198 2889 nisi
211 2831 341 2908 prestita
355 2830 506 2890 solutione.
551 2829 609 2890 Sed
623 2829 680 2887 alia
693 2829 766 2888 ratio
780 2836 825 2888 est
849 2828 1053 2888 satisfactionis
1077 2831 1193 2890 vicaria
1204 2833 1234 2889 in
1248 2831 1347 2892 debito

137 2910 257 3050 &nali
273 2909 375 2986 inquo
390 2911 506 2988 sponsio
521 2909 591 2984 sola,
606 2907 692 2967 modo
707 2908 745 2968 sit
767 2907 936 2984 infallibilis,
961 2909 1065 2969 sufficit
1087 2910 1124 2968 ad
1147 2911 1346 2971 liberationem

187 3010 206 3050 ι.
592 3007 595 3012 .

183 3069 345 3130 XXVIII.
367 3070 459 3131 Aliud
483 3081 528 3131 est
550 3080 700 3149 peecatum
725 3068 853 3129 nondum
879 3069 968 3128 fuisse
990 3071 1138 3148 expiatum
1163 3071 1217 3130 sub
1245 3071 1347 3130 Veteri

139 3149 336 3225 resumens,
353 3151 446 3209 Aliud
459 3151 559 3210 fideles
569 3150 658 3210 fuisse
677 3150 771 3209 adhuc
786 3149 840 3208 snb
854 3150 917 3226 ejus
931 3157 1022 3208 reatu.
1064 3151 1219 3210 Peccatum
1228 3149 1346 3228 quidem

138 3229 237 3289 adhuc
251 3231 348 3290 extitit
361 3230 489 3289 nondum
503 3231 659 3308 expiatum,
675 3239 704 3290 et
728 3228 920 3307 expiandum
945 3228 1003 3288 Sed
1026 3228 1127 3289 fideles
1148 3250 1207 3289 uon
1231 3229 1348 3290 fuerunt

139 3319 239 3369 tamen
253 3310 308 3369 suh
322 3311 386 3388 ojus
400 3319 490 3385 reatu,
506 3311 557 3389 qui
570 3311 601 3368 in
615 3309 761 3370 Christum
776 3309 933 3368 translatus
944 3308 1015 3369 fuit:
1037 3309 1183 3369 Vixerunt
1207 3331 1277 3388 ergo
1292 3311 1346 3370 sub

137 3397 223 3450 reatu
236 3388 331 3449 adhuc
345 3397 471 3466 extante,
488 3390 539 3449 sed
553 3409 611 3448 non
626 3391 680 3450 sub
693 3397 775 3448 reatu
788 3389 860 3466 ipsis
880 3389 1073 3464 incumbente,
1089 3389 1185 3448 sedin
1199 3389 1345 3450 Christum

138 3469 280 3530 translato
295 3489 332 3550 ex
347 3469 404 3529 Dei
418 3469 617 3546 destinatione,
634 3479 663 3528 et
677 3470 714 3527 ab
728 3469 791 3547 ipso
805 3469 836 3526 in
850 3489 881 3528 se
900 3477 1043 3545 suscepto,
1059 3489 1147 3546 aquo
1171 3470 1291 3548 proinde
1305 3471 1347 3548 pii

138 3548 256 3608 liberati
269 3548 358 3609 fuere.
401 3549 441 3608 Et
453 3558 486 3610 ut
499 3557 597 3608 reatus
611 3569 668 3608 non
683 3549 806 3626 amplius
820 3548 918 3626 tetigit
939 3548 1048 3624 fideles,
1073 3549 1119 3608 Ita
1143 3569 1196 3609 nac
1210 3550 1346 3610 maledic·

139 3629 182 3687 tio
190 3636 302 3688 reatum
313 3648 501 3706 consequens.
531 3627 1178 3707 ImpetratioliberationisamalcdictioneLc
1201 3629 1208 3642 '
1233 3638 1346 3690 tantum

140 3707 265 3784 contigit
278 3729 329 3786 per
344 3709 498 3785 Christum,
524 3709 575 3786 qui
588 3727 642 3767 nos
656 3707 777 3766 redemit
791 3709 828 3766 ab
850 3708 1032 3768 execratione
1052 3709 1150 3787 Legis,
1176 3650 1269 3769 gitis
1283 3711 1346 3789 ipsa

137 3787 251 3868 maipa,
267 3787 332 3848 Gal.
347 3789 388 3848 iii.
412 3792 447 3848 13
460 3812 467 3865 ;
496 3788 554 3848 Sed
567 3787 678 3848 fructus
695 3796 725 3847 et
737 3787 892 3866 applicatio
909 3789 972 3866 jem
995 3809 1132 3849 concessa
1146 3788 1200 3850 fuit
1212 3790 1347 3850 Patribus

136 3869 248 3928 virtute
262 3868 362 3928 mortis
375 3868 488 3929 futura.

146 4013 148 4016 ¹
181 3946 313 4006 XXIX.
336 3947 429 4007 Aliud
443 3957 487 4008 est
510 3948 610 4007 vivere
625 3948 679 4007 sub
704 3947 864 4006 oeconomia
886 3948 998 4026 Legali,
1023 3949 1114 4008 Aliud
1130 3967 1198 4008 vero
1213 3967 1275 4006 asse
1290 3947 1345 4006 suh

138 4029 222 4104 Lege
235 4035 269 4086 ut
283 4028 337 4087 sub
351 4026 468 4105 foedere,
483 4028 609 4088 velasse
624 4047 661 4088 ex
686 4027 821 4105 operibus
846 4028 943 4106 Legis.
987 4028 1089 4086 Patres
1113 4035 1189 4086 recte
1211 4025 1347 4086 dicuntur

138 4105 230 4167 fuisse
241 4107 296 4166 sub
310 4109 470 4167 oecouomia
485 4107 596 4185 Legali,
611 4107 663 4168 sed
677 4127 735 4166 non
748 4107 855 4185 pariter
876 4116 998 4185 possunt
1022 4106 1081 4165 dici
1094 4105 1182 4165 fuisse
1196 4105 1250 4164 sub
1266 4105 1347 4182 Lege

137 4195 172 4245 nt
187 4185 242 4246 sub
256 4186 363 4246 foederc
377 4187 568 4266 adjustitiam
582 4195 612 4246 et
625 4187 715 4246 vitam
730 4205 767 4245 cx
786 4207 821 4245 ea
842 4187 1035 4263 quaerendsm,
1053 4185 1102 4244 vel
1116 4205 1178 4244 esse
1201 4205 1239 4243 ex
1253 4185 1345 4262 operi·

136 4267 195 4325 bus
209 4265 307 4344 Legis.
337 4267 411 4342 Quia
424 4276 567 4345 quotquot
579 4267 636 4326 hoc
649 4266 736 4324 modo
750 4275 818 4326 sunt
832 4267 885 4326 suh
901 4267 989 4344 Lege,
1005 4273 1073 4324 sunt
1083 4264 1137 4325 suh
1153 4265 1344 4341 execratione,

137 4345 205 4405 Gal.
219 4345 261 4405 iii.
279 4348 325 4421 10,
340 4347 419 4424 quod
433 4346 490 4406 dici
504 4367 562 4406 non
575 4354 671 4426 potest
684 4346 720 4405 de
734 4345 877 4406 fidelihus.

180 4423 293 4485 XXX.
315 4426 443 4504 Tempus
465 4427 502 4486 N.
517 4427 596 4486 Test.
618 4435 738 4486 vocatur
761 4427 780 4459 “
788 4433 902 4503 tempus
925 4425 1027 4503 gratiae
1052 4432 1195 4483 stannus
1209 4424 1345 4502 henepla-

137 4503 219 4580 citi,”
249 4505 307 4564 Isa.
328 4506 401 4564 xlix.
423 4507 451 4582 8,
472 4513 502 4566 et
524 4506 577 4565 lxi.
602 4510 630 4583 2,
652 4525 711 4565 non
736 4505 867 4564 absolute
888 4513 918 4564 et
942 4503 1118 4582 simpliciter,
1138 4504 1222 4582 quasi
1244 4505 1347 4562 Patres

137 4583 246 4643 fuerint
260 4585 314 4644 sub
328 4585 372 4644 ira
386 4585 451 4660 Dei,
467 4605 531 4645 cum
547 4586 601 4646 suh
615 4585 717 4645 eodem
731 4583 838 4643 foedera
858 4584 958 4662 gratia
973 4583 1109 4659 vixerint,
1124 4592 1154 4643 et
1168 4583 1275 4644 serrati
1285 4583 1345 4643 sint

136 4663 240 4722 cadem
254 4663 362 4722 Christi
377 4665 470 4742 grstia
486 4666 654 4741 nobiscum3
680 4665 738 4724 Sed
749 4665 907 4724 secundnm
919 4663 990 4742 quid
1003 4671 1033 4723 et
1047 4672 1218 4741 comparate,
1233 4663 1344 4724 ratione

177 4761 304 4801 sarran.
1166 4762 1184 4802 r
