3192 5206
102 419 104 428 Ι
133 365 246 416 osmer.
265 345 333 426 vra]
487 363 525 404 ns
541 363 788 406 0111111111111111
804 365 996 407 nsnrsroaro.
1282 351 1340 410 353

132 519 200 566 ente
216 507 447 566 Incarnationem
463 525 514 582 per
529 506 688 582 Prophetas
702 506 733 563 in
748 506 815 565 Vet.
831 507 957 565 Testem.
972 506 1023 582 qui
1046 505 1154 583 Spiritu
1173 507 1341 583 prophetico

133 587 242 646 Christi
257 587 314 644 acti
335 585 424 643 locuti
439 594 506 644 sunt
523 589 537 642 1
555 585 617 643 Pet.
641 585 660 644 1.
686 590 731 660 11,
748 595 777 644 et
801 585 898 644 2Pet.
924 586 942 643 i.
959 590 1006 661 21,
1037 585 1114 644 unde
1138 586 1244 644 dicitur
1266 607 1339 664 prae·

131 667 244 726 dicasse
268 685 319 744 par
345 665 483 741 Spiritum
497 666 527 722 in
542 665 669 739 Noacho,
701 668 715 722 1
734 665 795 724 Pet.
812 665 851 723 iii.
869 668 915 740 19,
931 674 960 722 et
975 665 999 722 si
1015 665 1095 723 Dens
1108 664 1214 723 dicitur
1228 673 1339 724 tantum

131 747 247 805 locutus
261 746 291 802 in
307 745 391 818 Filio,
409 744 485 802 Heb.
500 744 519 801 1.
535 747 562 817 2,
578 745 743 802 novissimis
758 743 868 820 diebus,
884 745 939 802 hoc
954 744 1183 820 intelligendum,
1198 763 1257 801 non
1271 745 1338 802 sim·

132 825 246 903 pliciter
269 824 321 883 ssd
344 831 513 899 comparate,
537 822 576 881 id.
592 823 722 882 sensibili
743 824 862 898 ratione,
884 832 914 882 et
927 842 979 900 per
992 843 1056 881 eum
1068 832 1101 882 ut
1113 821 1242 904 ἔκαμον,
1264 823 1339 882 Turn

130 913 197 982 post
208 903 366 963 adventum
377 903 440 979 ejus
453 922 505 978 per
519 901 678 979 Apostolos
693 912 722 961 et
737 903 879 978 Pastorea,
896 903 962 960 illos
981 902 1097 978 quidem
1112 904 1339 962 extraordinaris

129 991 249 1042 vocatos
263 991 292 1041 et
306 982 468 1058 inspiratos,
484 1001 549 1040 cum
564 981 639 1040 dono
662 982 874 1041 infallibilitatis
889 981 926 1040 sd
941 991 1063 1059 tempus,
1085 982 1157 1041 istos
1178 1001 1247 1041 vcro
1262 983 1338 1041 ordi·

129 1063 211 1120 nario
244 1063 393 1120 hominnm
418 1061 577 1120 ministerio
601 1071 729 1136 vocatos,
760 1061 946 1138 inspiratione
975 1063 1120 1120 communi
1146 1071 1258 1121 tantum
1287 1063 1337 1121 do·

130 1150 215 1200 natos
235 1160 328 1216 usque
356 1140 394 1198 ad
417 1140 504 1198 111111
526 1141 624 1199 seculi.
678 1146 706 1199 2.
728 1143 859 1199 Externa
884 1150 914 1201 et
935 1144 1060 1216 Inter-no,
1089 1161 1142 1218 per
1168 1161 1263 1219 quem,
1278 1161 1338 1200 non

131 1221 312 1279 extrinsecus
336 1227 449 1278 tantum
476 1239 560 1278 aures
585 1220 711 1296 corporis
733 1220 867 1297 pulsabat
890 1220 1095 1297 perverbum,
1121 1220 1174 1279 sed
1201 1230 1231 1280 et
1258 1222 1337 1280 intus

131 1300 220 1358 corda
246 1299 381 1358 flectebat
407 1307 437 1357 et
464 1298 610 1375 aperiebat
636 1319 688 1377 per
717 1299 864 1377 Spiritum,
890 1308 919 1358 et
943 1299 1067 1358 ducebat
1081 1300 1111 1357 in
1125 1320 1239 1358 omnem
1260 1302 1336 1358 veri·

130 1418 151 1462 2.
164 1417 242 1463 Em,
261 1425 286 1462 θ,
294 1417 372 1463 ,Μ
392 1385 489 1452 tatem,
505 1379 527 1437 J
529 1378 575 1436 oh.
587 1379 648 1436 xvi.
666 1381 711 1452 13,
728 1397 786 1455 quo
800 1398 886 1437 sensu
897 1379 987 1438 verba
1001 1379 1108 1437 Christi
1122 1379 1257 1438 dicuntur
1271 1381 1335 1456 spi-

243 1452 250 1466 ’
392 1457 463 1515 ritus
477 1467 504 1515 et
516 1458 582 1532 vita,
598 1458 619 1517 J
621 1457 666 1516 oh.
679 1457 718 1515 vi.
734 1461 781 1532 63,
797 1477 855 1516 non
869 1466 980 1516 tantum
995 1467 1126 1534 respectu
1137 1459 1336 1536 intelligentias

129 1536 293 1611 verborum,
309 1555 374 1614 qua
395 1537 431 1594 ds
451 1537 545 1595 camis
570 1557 629 1595 suas
650 1538 869 1596 manducatione
894 1536 1015 1612 dixerat,
1039 1557 1103 1613 qua
1117 1557 1176 1596 non
1197 1539 1337 1597 sumenda

129 1624 212 1675 erant
225 1635 320 1674 crasse
342 1623 371 1674 et
385 1617 545 1690 carnaliter,
562 1616 614 1674 sed
638 1617 825 1692 spiritualiter
838 1625 868 1675 et
886 1617 1018 1694 mystice,
1035 1616 1186 1676 sedetiam
1201 1627 1334 1693 respectu

130 1694 264 1754 efficaciae
278 1695 405 1769 invictas,
419 1715 504 1771 quarn
519 1696 612 1754 exerit
625 1695 654 1752 in
676 1696 865 1754 conversione
879 1695 1018 1754 cordium.
1042 1696 1127 1754 Unde
1142 1696 1336 1772 Evangelium

130 1774 237 1832 dicitur
252 1774 339 1832 scribi
352 1793 410 1832 non
423 1774 454 1832 in
476 1774 583 1834 tabulis
603 1774 733 1851 lapideis,
756 1775 851 1832 sedin
866 1776 965 1833 tabulae
979 1775 1072 1833 cordas
1085 1777 1202 1850 corner'a,
1225 1780 1243 1833 2
1269 1776 1336 1836 Cur.

132 1853 173 1910 iii.
188 1857 216 1928 3,
232 1852 310 1929 quod
330 1861 374 1911 est
397 1853 582 1931 privilegium
604 1854 681 1912 Novi
701 1854 840 1926 Foederis,
863 1855 893 1911 in
917 1873 975 1930 quo
997 1854 1079 1912 Deus
1100 1854 1186 1913 debet
1210 1855 1334 1914 scribere

134 1931 243 2009 Legem
266 1933 296 1990 in
310 1931 452 2005 cordibus,
468 1941 498 1992 et
521 1933 621 1992 fideles
637 1943 704 1992 sunt
725 1933 813 1992 futuri
826 1930 988 2008 Medusa,
1005 1932 1062 1991 Isa.
1078 1933 1117 1992 lv.
1135 1937 1182 1993 13.

431 2012 526 2070 XllI.
549 2015 577 2072 3.
593 2012 629 2070 In
644 2013 732 2070 variis
744 2013 969 2087 Charocten'bus,
982 2012 1032 2088 qui
1046 2013 1257 2073 comitabantur
1270 2014 1333 2090 ejus

388 2091 638 2168 pradicationem:
658 2095 683 2150 1.
694 2091 769 2166 Quia
782 2093 812 2150 in
823 2091 953 2150 docendo
967 2092 1074 2168 ubique
1084 2111 1223 2150 summam
1235 2095 1333 2151 autbo-

388 2171 499 2230 ritatem
514 2171 658 2243 exerebat,
674 2191 738 2248 qnae
754 2191 918 2248 supremum
933 2180 962 2230 et
976 2170 1155 2230 infallibilem
1179 2172 1333 2230 Doctorcm

128 2245 220 2320 decet,
236 2255 265 2305 et
278 2246 343 2305 aliis
361 2248 535 2309 [lectoribus
558 2250 741 2309 inferioribus
754 2259 816 2309 erat
833 2251 978 2332 inusitgta,
994 2249 1116 2309 docebat
1130 2251 1205 2308 enim
1228 2255 1338 2322 utconlu

128 2322 198 2400 ἔχω,
234 2345 291 2384 non
327 2327 401 2386 sicut
437 2329 545 2388 Scribas
579 2337 609 2388 et
644 2329 791 2404 Pharisaei,
828 2331 933 2388 Matth.
961 2330 1012 2387 vii.
1041 2331 1088 2404 28,
1118 2332 1165 2404 29,
1187 2338 1221 2388 ut
1247 2351 1333 2389 nemo

129 2413 229 2481 posset
262 2405 305 2463 illi
332 2407 475 2482 resistere,
491 2419 520 2467 et
541 2409 624 2467 fateri
652 2417 824 2486 cogerentur
857 2409 1000 2467 neminem
1029 2409 1069 2467 ita
1093 2409 1221 2468 loentum
1256 2429 1331 2484 asse,

130 2484 201 2543 Joh.
225 2483 275 2542 vii.
300 2487 347 2543 46.
370 2491 398 2544 2.
414 2486 626 2546 Admirabilem
646 2489 821 2564 sapientiam,
838 2508 896 2565 qua
918 2487 1078 2547 doctrinam
1102 2509 1182 2547 suam
1205 2489 1246 2546 ita
1260 2498 1331 2548 tem·

128 2563 257 2640 perabat,
285 2573 318 2622 ut
345 2584 362 2622 a
396 2567 510 2625 cavillis
548 2566 777 2626 adversariorum
805 2589 868 2626 eam
906 2568 1076 2642 vindicaret,
1106 2576 1135 2626 et
1170 2588 1245 2644 saepe
1281 2589 1332 2628 eos

127 2643 243 2720 proprio
253 2642 350 2720 gladio
356 2646 514 2722 jugularet,
525 2647 631 2706 Matth.
643 2648 715 2722 xxi,
728 2647 774 2706 cui
785 2648 860 2705 adde
871 2647 1000 2705 divinam
1011 2646 1090 2704 illam
1106 2648 1263 2721 scientiam,
1275 2667 1333 2724 qua

128 2719 359 2803 saugdaayulmv
373 2733 402 2783 et
416 2724 575 2785 futurorum
587 2727 738 2803 praescium
753 2728 931 2801 testabatnr3
948 2730 975 2785 3.
986 2727 1162 2784 Generosam
1178 2727 1332 2785 libertatem

128 2801 200 2860 citra
210 2801 421 2882 πςωαπολφψίιι
435 2805 585 2864 veritatem
601 2806 656 2863 Dei
667 2805 806 2878 docendo,
823 2813 852 2864 et
866 2824 1098 2882 unumquemque
1113 2804 1199 2862 officii
1214 2805 1258 2862 sui
1270 2825 1330 2863 mo-

127 2882 241 2956 nendo;
264 2885 292 2940 4.
307 2885 486 2942 Facundiam
506 2885 651 2958 eximiam,
666 2905 719 2962 per
738 2904 824 2961 quam
846 2887 962 2960 exejus
981 2903 1029 2941 ore
1052 2882 1179 2942 fluebant
1193 2884 1264 2955 alyn
1287 2891 1330 2950 τῆς

127 2961 239 3040 maroc,
257 2962 327 3022 Luc.
342 2963 382 3021 iv.
404 2967 452 3038 22,
468 2974 497 3022 et
518 2963 590 3022 alios
614 2983 714 3022 omnes
738 2964 902 3041 eloquentia
929 2962 1127 3036 antecellebat,
1143 2971 1175 3020 ut
1193 2965 1331 3038 majestas

128 3060 193 3099 cum
208 3041 399 3118 simplicitate,
420 3051 448 3101 et
462 3042 715 3120 grandiloquentia
729 3063 793 3101 cum
808 3043 951 3101 suavitate
965 3049 1124 3114 certarent3
1147 3044 1178 3098 5.
1192 3043 1331 3102 Insistam

127 3121 318 3194 constantiam,
334 3121 407 3180 nihil
420 3122 559 3180 morando
574 3121 815 3180 Adversariorum
830 3122 1032 3179 authoritatem
1044 3128 1073 3177 et
1086 3120 1244 3194 molimina,
1259 3142 1329 3197 qno·

125 3219 190 3257 rum
201 3198 351 3277 flagitiaeo
361 3201 455 3260 acrius
464 3201 638 3278 increpabat,
651 3222 708 3278 qno
717 3201 809 3278 magis
821 3200 1015 3259 sanctimoniae
1026 3199 1135 3256 larvam
1152 3200 1330 3277 simplicibus

127 3278 274 3355 imponere
288 3280 474 3356 conabantur,
491 3280 596 3340 Matth.
612 3281 695 3338 xxiii.
709 3284 740 3356 55
757 3284 785 3338 6.
798 3281 1041 3339 Fauentisaimum
1054 3282 1151 3352 zelum,
1168 3299 1225 3356 quo
1234 3290 1329 3340 motus

127 3376 185 3415 non
206 3359 309 3434 quaerit
332 3379 471 3434 recessus,
487 3360 539 3419 sed
557 3369 654 3437 aperte
679 3361 814 3436 loquitur,
839 3367 868 3418 et
892 3357 1023 3435 capiendi
1047 3359 1104 3417 eibi
1125 3377 1200 3436 saeps
1215 3367 1329 3437 tempus

127 3437 371 3576 preitprmittebat,
390 3439 482 3498 Marc.
493 3439 535 3498 iii.
559 3443 606 3514 20,
622 3447 651 3498 ct
665 3439 734 3499 Job.
749 3439 787 3498 iv.
801 3443 848 3514 32,
865 3439 948 3516 cujus
970 3438 1136 3514 exemplum
1159 3437 1239 3497 dedit
1257 3439 1327 3499 Joh.

126 3515 157 3574 ii.
212 3562 220 3592 ,
245 3520 291 3577 16.
565 3537 579 3552 ‘

148 3662 169 3707 4.
185 3661 214 3707 lu
236 3661 343 3708 efficacia

179 3721 298 3765 doctr-inas
309 3734 315 3773 ;

136 2069 159 2114 3.
176 2070 205 2115 In
217 2071 290 2115 sarda
300 2071 354 2116 cba-

170 2130 306 2173 raotcribus
315 2143 321 2182 ;

428 3598 518 3658 XIV.
540 3602 569 3656 4.
585 3598 622 3655 In
635 3599 773 3670 Efficacia
788 3600 922 3656 doctr-inca
939 3597 1025 3675 plane
1037 3597 1146 3673 divina,
1159 3617 1216 3674 qua
1231 3599 1328 3658 Chris-

387 3686 434 3736 tus
456 3678 584 3737 exterius
605 3678 721 3754 quidem
743 3678 864 3736 docebat
891 3677 1018 3735 maxima
1045 3697 1110 3736 cnm
1132 3679 1274 3755 gravitate
1299 3687 1330 3737 et

385 3759 545 3834 majestate,
574 3776 626 3833 per
652 3776 737 3833 quam
753 3757 808 3834 ipsi
829 3755 988 3815 Auditores
1011 3757 1137 3814 maxime
1164 3777 1325 3815 eommove-

125 3837 239 3910 bantur,
261 3844 292 3914 st
315 3839 379 3915 ejus
392 3836 558 3914 praedicatio
573 3837 631 3894 elia
652 3835 814 3913 plauserat
837 3836 874 3895 ab
888 3835 939 3894 illa
965 3836 1138 3910 Scribarum,
1155 3837 1260 3893 Matth.
1276 3837 1326 3894 vii.

125 3918 174 3986 29,
197 3915 316 3974 interius
337 3937 406 3976 vero
427 3935 458 3975 se
481 3923 614 3993 potenter
627 3915 792 3974 insinuabat
813 3916 843 3973 in
865 3915 985 3987 animos,
1008 3933 1115 3990 eosque
1139 3914 1220 3970 miris
1233 3913 1328 3972 modis

125 3993 355 4065 afficiebatalios
365 3994 559 4054 convertendo
568 3995 616 4053 vel
625 3994 831 4069 convincendo,
840 3995 870 4051 in
879 4013 978 4053 omnes
988 3993 1048 4050 vim
1057 3992 1327 4066 hnmanamajorem

125 4071 297 4146 exercendo,
325 4073 394 4132 Joh.
422 4074 471 4132 vii.
499 4076 547 4147 46,
572 4073 642 4132 Luc.
671 4077 719 4132 24.
764 4073 849 4132 Unde
863 4072 1010 4148 colligitur
1023 4089 1139 4128 neccsse
1155 4087 1227 4142 esse,
1243 4079 1275 4129 ut
1296 4072 1326 4128 vi

123 4151 225 4210 divina
249 4151 287 4208 sit
300 4153 436 4227 praeditus
458 4153 603 4229 Propheta
622 4161 728 4226 noster,
754 4172 820 4211 cum
840 4171 899 4210 non
919 4149 1004 4208 modo
1018 4167 1072 4206 nos
1085 4149 1149 4206 luce
1163 4148 1325 4224 perfundat,

124 4230 177 4290 sed
201 4238 231 4288 et
237 4229 351 4366 coculos
370 4232 576 4306 subministret,
592 4231 679 4291 eorda
701 4232 818 4309 aperiat,
837 4241 866 4290 et
880 4237 991 4288 mentes
1005 4227 1116 4286 celesti
1129 4227 1242 4302 fulgore
1256 4227 1325 4286 irra-

119 4311 167 4370 die
202 4313 220 4367 2
262 4327 303 4366 or.
317 4309 356 4368 iv.
368 4313 395 4370 6.

118 4319 365 4476 mmmm„
425 4389 496 4448 XV.
519 4393 546 4450 5.
570 4389 606 4448 In
626 4391 777 4448 Autllentia
790 4397 819 4449 et
835 4387 1005 4464 perfectione
1020 4386 1160 4460 doctrinae,
1177 4404 1241 4461 quae
1259 4385 1326 4442 talis

150 4487 302 4544 perfectione
312 4486 366 4530 doc-
386 4466 449 4542 fuit,
463 4477 496 4527 ut
509 4477 575 4546 post
595 4469 800 4528 revelationem
812 4468 958 4540 doctrinae,
974 4487 1059 4542 quarn
1072 4465 1203 4523 Christus
1218 4465 1323 4536 attulit,

149 4547 238 4598 trimi
387 4547 467 4605 nulla
481 4549 538 4607 alia
561 4549 591 4608 in
612 4557 758 4626 posterum
773 4549 811 4608 sit
824 4545 1012 4623 expectanda,
1028 4554 1060 4604 ut
1083 4543 1197 4620 Apost,
1216 4543 1290 4601 Heb.
1306 4543 1324 4601 i.

119 4638 148 4691 et
172 4629 213 4704 ii.,
240 4626 376 4686 ostendit.
408 4627 447 4686 Et
476 4628 500 4686 si
529 4628 653 4705 Spiritus
675 4635 742 4706 post
764 4627 910 4686 Christum
941 4625 1077 4684 docturus
1101 4622 1206 4684 dicitur
1225 4623 1325 4682 Eccle-

160 4727 236 4768 rsns
251 4725 283 4765 11.
1166 4723 1182 4761 z
