3152 5198
90 369 269 450 6666611]
524 393 563 432 61
585 391 856 432 611611116111616.
1237 372 1294 430 619

92 529 256 590 Dominicae
271 530 498 589 contradicunt.'’
541 531 602 589 Nec
620 532 706 608 juvat
729 531 861 607 exceptio
887 527 1064 604 Ballarmini,
1076 528 1138 587 haec
1152 548 1215 589 esse
1229 549 1297 606 pec·

90 620 160 670 cata
183 617 295 670 tautum
309 610 442 685 venialia,
455 631 518 688 quae
544 612 601 668 sint
625 618 729 686 praeter
754 611 870 686 Legem,
886 629 944 668 non
958 618 1058 668 contra
1072 628 1144 666 eam.
1167 609 1248 683 Quia,
1264 618 1297 668 ut

90 710 181 767 supra
200 689 261 765 jarn
284 689 392 747 dictum
407 710 482 748 vana
503 698 547 748 est
561 697 590 748 et
604 697 733 748 11116166
754 689 811 746 1616
821 689 977 748 distinctio.
1019 688 1094 746 Nem
1101 687 1152 746 ubi
1166 707 1238 765 opus
1252 696 1298 747 est

90 768 318 844 remissionc,ibi
331 769 478 847 praecessit
491 768 690 846 transgressio,
700 768 750 826 ubi
761 777 805 826 est
816 767 1005 844 transgressio
1011 767 1051 825 ibi
1060 767 1147 826 etiam
1156 776 1296 835 66116616.

397 847 493 907 ΧΙΧ.
515 847 631 922 Quinto,
647 846 697 904 Ab
717 847 868 923 Exemplis
884 847 1063 906 Sanctorum.
1106 845 1180 920 Quia
1197 847 1296 905 Sancti

354 927 460 1003 passim
474 927 548 985 hanc
569 926 766 1002 impotentiam
788 934 885 1002 aperte
901 933 1061 1003 agnoscunt
1075 933 1105 984 ct
1117 926 1295 1003 profitentur.

353 1006 458 1081 Jobus,
469 1026 493 1065 c.
506 1007 545 1064 ix.
556 1009 584 1080 3,
600 1008 647 1078 20,
663 1007 710 1080 28,
726 1013 756 1064 et
766 1025 816 1063 xv.
833 1007 888 1081 153
904 1005 1010 1079 David,
1023 1005 1099 1062 Psal.
1115 1005 1208 1064 xxxii.
1224 1009 1251 1080 5,
1267 1012 1298 1063 et

93 1107 186 1146 cxxx.
212 1089 239 1162 3,
265 1093 293 1145 et
307 1085 397 1145 cxliii.
422 1090 461 1161 23
485 1085 629 1160 Salomon,
654 1084 740 1142 Prov.
764 1104 816 1142 xx.
841 1087 869 1160 9,
893 1087 908 1142 1
936 1085 1009 1162 Reg.
1031 1083 1092 1142 viii.
1108 1086 1169 1161 463
1193 1084 1295 1158 Isaiae,

92 1187 119 1225 c.
131 1167 204 1224 lxiv.
220 1169 253 1242 63
266 1165 426 1239 Daniel,ix.
438 1167 505 1240 5,6;
519 1164 636 1238 Ρ66166,
649 1164 733 1222 Rom.
748 1162 799 1221 vii.
815 1166 861 1238 14,
876 1163 950 1222 Phil.
966 1163 1006 1222 iii.
1020 1165 1070 1238 133
1086 1163 1108 1221 J
1110 1165 1245 1242 ohannes,
1264 1170 1297 1224 1·

92 1265 118 1302 6.
134 1247 153 1304 1.
169 1247 207 1322 8,
233 1245 372 1319 Jacobus,
394 1243 434 1302 iii.
450 1248 478 1303 2.
494 1244 554 1302 Nec
569 1243 632 1302 dari
654 1250 750 1320 potest
763 1243 854 1301 611661
869 1244 1033 1318 exemplum
1055 1242 1296 1320 11οωί6166166(-

94 1333 175 1400 61611,
198 1325 222 1382 61
238 1325 381 1383 Christum
397 1323 534 1402 excipias.
556 1323 633 1381 Eant
644 1341 713 1398 ergo
728 1321 865 1380 Pharisaei
876 1323 966 1380 nostri
980 1330 1010 1379 ot
1023 1322 1045 1380 J
1046 1321 1179 1380 ostitiarii
1188 1326 1298 1402 perfec·

91 1403 180 1479 rista,
193 1403 233 1462 Et
243 1404 402 1462 sanctitatis
414 1423 472 1461 sum
487 1403 699 1479 perfectionem,
712 1401 769 1459 imo
781 1409 810 1460 ct
819 1421 905 1477 opera
921 1400 1188 1477 supererogationis
1197 1407 1296 1464 vendi·

92 1491 165 1558 tent,
177 1483 266 1559 idest,
283 1501 313 1540 se
318 1483 456 1560 justiores
465 1492 494 1542 et
503 1482 659 1540 sanctiores
671 1480 1298 1557 Sanctisomnibusimpudentermentiantur.

377 1559 1299 1640 XX.JugumChristi,quodsuavoetlevedicitur,Mattb.xi.30,

123 1627 300 1732 ¹²⁰}ffiuffi'lu·
356 1662 414 1700 non
426 1650 470 1701 est
481 1642 544 1700 Lex
550 1639 874 1715 Mosisstrictesumpta,
882 1659 946 1716 quae
954 1659 1006 1716 per
1017 1658 1047 1696 se
1057 1646 1101 1696 661
1110 1639 1215 1717 jugum
1221 1653 1297 1705 1661-

260 1717 265 1730 '
357 1748 451 1795 661611,
475 1720 527 1779 scd
539 1719 643 1797 partim
658 1719 787 1778 doctrina
811 1719 962 1795 Evonpelii
977 1718 1012 1776 de
1026 1717 1083 1776 fide
1097 1726 1127 1777 et
1139 1739 1216 1778 nova
1230 1723 1297 1781 obe-

94 1799 212 1876 dientia,
228 1819 314 1877 quam
337 1799 368 1857 16
390 1799 474 1857 nobis
498 1806 632 1876 operatur
658 1797 781 1874 Spiritus
803 1798 934 1873 Sanctus,
950 1817 1014 1857 eam
1027 1796 1122 1856 levem
1136 1809 1166 1857 et
1179 1819 1297 1860 suavem

93 1879 241 1940 reddendo
252 1880 307 1937 hoc
320 1885 423 1956 pacto;
445 1879 549 1955 partim
563 1880 665 1954 jupam
691 1877 798 1952 0111616,
822 1877 900 1954 quod
915 1886 1034 1936 vocatur
1048 1879 1112 1951 1666,
1134 1879 1203 1954 quia
1217 1881 1298 1939 Deus

95 1980 154 2018 non
168 1959 237 2018 sinit
249 1977 302 2017 nos
316 1958 421 2017 tentari
435 1977 521 2034 supra
535 1957 620 2031 vires,
640 1960 654 2013 1
671 1957 735 2014 Cor.
750 1977 780 2014 x.
798 1959 843 2032 13,
857 1961 874 2015 2
891 1957 955 2016 Cor.
971 1956 1010 2014 iv.
1027 1959 1073 2029 17,
1086 1963 1114 2014 61
1124 1977 1217 2033 suove,
1230 1961 1299 2036 quia

97 2039 220 2116 Spiritus
237 2039 266 2097 S.
282 2038 439 2097 consolatio
463 2037 505 2095 ita
529 2055 641 2094 crucem
662 2042 810 2112 temperat,
826 2044 859 2095 61
873 2056 910 2094 ex
924 2055 958 2094 ea
972 2035 1158 2094 suavissimos
1175 2039 1298 2116 justitiae

95 2129 124 2176 ct
139 2117 237 2196 gaudii
247 2117 357 2176 fructus
371 2117 476 2175 eliciat.

137 2197 231 2255 XXI.
267 2195 405 2254 Mandata
440 2195 496 2254 Dei
523 2195 658 2254 dicuutur
685 2215 740 2253 non
768 2215 824 2254 6616
848 2196 952 2272 procia
963 2197 1054 2274 fideli,
1078 2198 1093 2253 1
1116 2195 1186 2257 Joh.
1204 2219 1232 2257 v.
1268 2201 1296 2274 3,

95 2296 153 2335 666
190 2275 286 2353 quoad
313 2275 467 2352 perfectam
503 2274 591 2352 Legis
628 2274 856 2352 possibilitatem,
887 2276 933 2333 vel
965 2276 1090 2334 bominis
1116 2291 1297 2360 simmei-2,

95 2375 183 2432 quam
196 2357 217 2416 J
220 2355 346 2414 ohannes
361 2374 495 2432 expresse
511 2362 606 2430 negat,
624 2359 639 2411 l
655 2354 725 2414 Joh.
740 2354 759 2412 i.
780 2355 807 2412 8.
852 2354 910 2412 Sed
936 2363 997 2414 tum
1022 2369 1154 2434 respectu
1178 2360 1298 2436 imputa.

96 2436 176 2494 1161111
190 2443 220 2494 61
233 2442 414 2510 peccatorum
428 2433 613 2508 remissionis,
628 2433 696 2509 quia
709 2433 836 2510 perfecta
850 2434 956 2492 Christi
971 2435 1134 2498 obedientia
1148 2440 1231 2498 nobis
1245 2441 1298 2498 im-

95 2521 212 2592 putatur
225 2533 277 2590 per
289 2511 384 2587 fidem,
397 2512 443 2571 oui
452 2513 557 2588 statim,
567 2533 628 2571 161.
643 2516 670 2588 4,
685 2513 808 2571 11616116
821 2512 956 2572 tribuitur
970 2521 999 2573 61
1012 2514 1141 2578 defectus
1155 2520 1245 2578 nostri
1256 2529 1298 2578 te-

97 2601 213 2670 guntur,
229 2601 312 2669 atquc
325 2593 366 2650 ita
376 2593 470 2650 omnio
476 2595 560 2667 facta
574 2594 754 2668 deputontur,
767 2595 880 2668 quondo
889 2594 1022 2668 quicquid
1029 2615 1084 2654 non
1086 2599 1126 2674 fit
1134 2599 1300 2677 ipnoscetur,

96 2681 129 2731 ut
150 2672 278 2750 loquitur
296 2671 423 2748 August.
447 2671 498 2729 lib.
514 2671 532 2730 i.
556 2672 636 2730 Retr.
650 2691 711 2748 cap.
730 2673 775 2746 la,
798 2681 858 2730 1616
873 2681 1005 2748 16666616
1018 2677 1213 2751 renovationis,
1227 2684 1300 2754 quia

98 2751 220 2828 Spiritus
244 2752 367 2812 Sanctus
391 2750 511 2810 interius
535 2759 655 2810 renovat
679 2749 774 2826 corda,
800 2759 829 2808 et
850 2770 948 2808 veram
970 2771 1004 2809 ac
1027 2753 1166 2813 sinceram
1190 2756 1221 2813 in
1235 2757 1297 2820 illis

96 2831 278 2890 dilectionem
301 2837 444 2908 operatur,
467 2849 519 2906 per
540 2849 626 2906 quam
650 2837 682 2888 ut
706 2830 829 2906 populus
844 2838 1026 2906 spontaneus,
1043 2832 1119 2893 Psal.
1135 2855 1181 2895 cx.
1196 2838 1224 2912 3,
1240 2857 1298 2900 non

97 2917 193 2968 coacto
207 2918 236 2969 et
246 2930 297 2988 per
309 2909 447 2988 Spiritum
458 2908 614 2984 servitutis,
627 2908 679 2968 sed
692 2917 793 2985 sponte
807 2917 837 2968 et
850 2909 978 2968 suaviter
990 2929 1042 2986 per
1057 2911 1194 2989 Spiritum
1209 2917 1298 2997 adop-

96 2989 182 3048 tionis
196 2989 233 3046 ad
247 2987 371 3047 officium
384 2988 580 3066 impelluntur,
594 3007 648 3046 nec
665 2989 739 3066 jugo
753 2997 899 3057 scaevam
913 2989 1036 3065 amplius
1053 2992 1183 3052 obstricti
1197 3002 1296 3056 tenen.

96 3076 151 3142 tur,
173 3075 206 3126 61
223 3087 261 3125 ex
276 3067 364 3144 Legis
374 3068 575 3126 observatione
589 3066 715 3144 perfecta
730 3067 819 3126 vitam
834 3075 1053 3146 consequantur,
1067 3070 1118 3129 sed
1125 3073 1199 3148 jugo
1213 3079 1297 3136 suavi

96 3147 203 3206 Christi
212 3145 496 3224 subjiciuntunquod
506 3145 697 3204 obedientiam
705 3147 898 3223 praescribitis
909 3147 985 3224 grati
992 3149 1081 3207 animi
1090 3151 1296 3215 testimonium.

136 3225 248 3284 XXII.
273 3225 304 3284 Si
318 3226 368 3303 qui
378 3225 513 3284 dicuutur
534 3226 564 3282 iu
581 3225 728 3302 Scriptura
750 3225 915 3302 implevisse
930 3226 1065 3287 mandata
1079 3230 1143 3305 Dei,
1159 3239 1188 3290 et
1202 3233 1296 3294 dilex-

96 3306 152 3364 isse
169 3305 262 3363 Dcum
276 3313 338 3363 toto
352 3305 446 3379 corde,
462 3313 492 3364 ot
504 3304 624 3381 perfecti
638 3305 735 3378 fuisse,
751 3313 783 3363 ut
797 3305 902 3364 dicitur
913 3305 948 3363 da
964 3306 1091 3382 Noacbo,
1108 3309 1181 3368 Gen.
1198 3313 1236 3372 vi.
1259 3319 1295 3391 95

97 3383 219 3458 Davide,
244 3383 323 3442 Psal.
338 3384 416 3442 cxix.
441 3385 494 3458 10;
517 3384 610 3456 Josia,
633 3387 650 3441 2
672 3383 745 3460 Reg.
761 3384 843 3442 xxiii.
859 3387 917 3460 253
940 3384 1011 3460 Asa,
1027 3391 1045 3445 2
1062 3388 1156 3448 Paral.
1171 3410 1221 3450 xv.
1240 3396 1294 3471 173

98 3463 235 3521 Zacharia
249 3471 278 3522 et
293 3463 470 3538 Elisabetha,
487 3463 557 3520 Luc.
573 3463 591 3521 i.
607 3465 634 3536 6,
655 3472 684 3521 61
705 3463 778 3538 61116,
789 3464 844 3522 hoc
858 3463 1079 3540 intelligendum
1092 3488 1150 3526 non
1165 3471 1296 3534 absolute

97 3550 125 3601 61
138 3542 306 3620 simpliciter
319 3541 355 3600 de
366 3542 528 3600 dilectionis
542 3550 572 3600 ot
585 3541 756 3601 obedientiae
770 3543 943 3618 perfectione
955 3543 1065 3622 Legali,
1081 3555 1140 3606 tam
1154 3548 1296 3612 intensive

96 3641 180 3698 quarn
194 3623 363 3697 extensive3
384 3621 463 3698 quod
476 3629 521 3680 est
534 3629 663 3676 16116616
677 3622 1212 3705 6666666616,6661111611111666161ς
1238 3633 1296 3692 Sed

97 3701 251 3760 secundum
263 3701 334 3778 quid
345 3708 374 3760 et
383 3700 506 3760 limitata
517 3699 552 3758 de
561 3697 734 3777 perfectione
746 3701 932 3778 Evangelioa,
940 3721 1004 3779 666
1010 3704 1149 3765 61666166
1166 3717 1195 3766 et
1212 3720 1295 3766 emt·

62 3792 65 3798 ·
99 3806 170 3850 1616
183 3781 375 3839 obedientiam
389 3789 479 3855 notat,
494 3779 543 3837 vel
563 3788 734 3856 comparate,
747 3787 807 3837 tum
816 3788 948 3857 respectu
963 3781 1122 3860 impiorum,
1138 3787 1188 3862 qui
1198 3789 1252 3846 toti
1267 3791 1296 3846 in

96 3867 211 3933 peccato
222 3859 329 3934 jacent,
344 3868 404 3919 tum
418 3865 551 3936 respectu
561 3859 656 3919 miuus
671 3867 843 3918 sanctorum.
867 3860 898 3918 Si
913 3861 1066 3920 Zacharias
1081 3871 1110 3921 61
1124 3863 1295 3926 Elisabetha

97 3936 523 4011 111666161166116166161661
536 3957 632 3996 coram
656 3940 728 4014 Deo,
754 3939 809 3996 hoc
833 3947 913 3997 notat
937 3939 1053 4015 quidem
1080 3941 1223 4018 justitiam
1246 3965 1293 4004 eo-

97 4034 159 4072 rum
180 4021 208 4072 61
229 4016 365 4091 pietatem
385 4034 443 4073 non
464 4015 552 4074 fuisse
574 4015 698 4076 fucatam
712 4025 741 4076 ot
754 4018 970 4094 hypocriticam,
987 4037 1050 4094 quae
1062 4039 1157 4078 coram
1171 4022 1292 4082 homini-

97 4095 150 4154 hus
164 4101 238 4152 61616
252 4101 356 4170 661661,
372 4093 424 4152 sed
437 4113 535 4152 veram
549 4100 578 4152 et
592 4095 740 4172 sinceram,
762 4117 827 4173 quse
842 4096 905 4154 Deo
920 4095 974 4172 ipsi
989 4117 1051 4156 sese
1065 4099 1213 4174 probabat.
1237 4104 1296 4163 Sed

97 4193 152 4230 non
176 4179 271 4248 potest
293 4172 360 4230 inde
382 4172 480 4232 inferri
504 4173 635 4232 absolute
659 4176 747 4234 161666
768 4177 829 4234 6166
852 4176 973 4251 macula,
996 4197 1061 4235 cum
1080 4178 1188 4237 ibidem
1202 4181 1293 4242 incre·

97 4253 201 4311 dulites
212 4251 359 4312 Zacharia
373 4261 563 4312 recenseatur.
585 4253 647 4312 Nec
660 4255 762 4332 magis,
778 4274 866 4331 quum
881 4254 1015 4314 dicuntur
1042 4259 1196 4317 ambulasse
1218 4270 1294 4330 ἅμιμ-

97 4361 147 4390 m
158 4329 187 4387 16
201 4330 345 4390 mandatis
360 4331 424 4404 Dei,
436 4332 569 4408 quiahoc
582 4331 691 4392 indicat
704 4341 815 4392 tantum
826 4334 887 4393 sine
898 4336 1023 4411 querela,
1038 4345 1067 4395 et
1077 4339 1296 4414 reprehensione

97 4429 189 4471 coram
203 4407 369 4470 hominibus
393 4411 512 4470 vixisse.
557 4411 646 4470 Aliud
662 4421 781 4472 estesse
797 4413 927 4473 absolute
942 4423 1109 4488 coaptemus,
1132 4417 1212 4476 aliud
1225 4440 1294 4479 vero

97 4503 230 4569 spiam
256 4489 365 4549 Paulus
379 4490 410 4548 in
432 4491 575 4569 Episcopo
599 4491 692 4568 exigit
705 4501 737 4550 ut
751 4491 789 4550 sit
803 4499 967 4568 stactam,
989 4495 1068 4570 quod
1080 4495 1157 4554 idem
1171 4509 1215 4557 est
1229 4519 1294 4558 cum

97 4577 217 4647 apim,
232 4589 290 4628 non
304 4579 338 4628 ut
351 4569 389 4629 sit
410 4570 472 4628 sine
486 4579 612 4647 peccato,
628 4570 707 4648 quod
720 4579 764 4629 est
778 4572 964 4648 impossibile,
980 4572 1031 4632 sed
1045 4582 1077 4634 ut
1098 4575 1135 4634 sit
1149 4575 1210 4636 sine
1225 4599 1293 4656 que·

97 4650 154 4708 1616
167 4658 196 4709 61
209 4649 439 4727 1661616661666.

94 913 119 958 5.
146 915 187 958 Ab
207 913 333 969 Exemplis

124 971 281 1020 Sanctorum.
