3150 5206
133 364 250 414 onmsr.
266 343 302 426 1.]
496 365 535 406 nn
550 365 683 408 reasons
698 367 735 408 nr
750 366 844 408 srsru
858 367 985 410 suarem.
1285 359 1343 416 245

132 513 254 564 ventum
269 502 386 562 Messioe
398 505 534 582 conjungi
548 525 613 564 cum
627 506 770 565 ablatione
782 507 886 583 sceptri
897 508 919 567 J
922 507 1025 584 udach,
1038 508 1163 568 dubitari
1177 531 1235 570 non
1248 522 1344 590 potest

133 605 201 644 eum
216 583 340 651 venisse,
353 604 419 643 eum
446 603 464 641 a
482 594 562 644 tanto
577 594 704 663 tempore
726 595 867 645 remotum
883 588 920 646 sit
944 589 1016 647 illud
1034 589 1192 666 Sceptrum,
1209 592 1342 654 Potestas

134 664 228 724 omnis
242 662 406 722 Iudiciaria
419 664 532 741 penitus
553 665 658 740 ablata,
676 665 754 725 Urbs
768 667 874 742 excisa,
890 675 919 725 et
941 668 1069 744 Populus
1083 669 1247 748 dissipatus,
1264 673 1343 749 quod

138 743 223 802 fateri
244 751 388 819 coguntur
412 743 467 819 ipsi
487 744 594 819 Judaei,
612 745 648 804 R.
657 746 693 803 D.
703 745 751 820 K,
767 745 798 803 in
813 747 886 804 Hos.
901 747 941 820 iii,
957 751 985 822 4,
1003 749 1072 805 “Hi
1094 759 1161 808 sunt
1176 750 1238 810 dies
1252 753 1342 830 exilii,

135 823 166 880 in
180 843 239 900 quo
252 822 340 881 hodie
365 841 473 899 sumus,
489 843 542 882 nec
563 825 675 902 Regem
697 825 845 900 babemus,
867 846 921 884 nec
944 826 1107 905 Principem
1128 850 1165 887 ex
1181 831 1296 906 Israele,
1312 833 1342 890 in

133 910 279 980 potestate
309 901 452 978 siquidem
481 902 618 962 Gentium
646 905 775 963 sumus.”
804 903 868 981 dec,
902 906 1045 982 Menasse‚
1075 908 1105 965 in
1133 909 1282 969 Conciliat.
1305 913 1343 970 ad

134 983 210 1042 Gan.
232 981 305 1040 xlirr.
349 981 470 1055 “Quam
493 983 611 1041 Poenam
626 1004 702 1044 nunc
716 984 849 1060 patimur,
865 985 914 1060 ait,
930 986 991 1044 sine
1015 987 1104 1064 Rege,
1120 989 1182 1047 sine
1198 989 1339 1070 Principe,

135 1062 198 1120 sine
212 1061 353 1138 regimine
367 1063 515 1138 agentes.”

173 1140 270 1198 XIII.
293 1139 373 1198 Nihil
388 1160 503 1199 necesse
518 1151 671 1201 astantem
686 1162 716 1201 se
731 1142 851 1220 fatigare
862 1144 1057 1221 inquerendo
1070 1147 1190 1224 praeciso
1205 1151 1342 1227 temporis

132 1221 263 1294 articulo,
279 1239 337 1296 quo
353 1219 485 1278 Potestas
506 1221 561 1279 ista
574 1222 596 1281 J
598 1222 702 1281 udaico
722 1223 829 1299 populo
850 1223 946 1282 ablata
967 1225 1012 1300 sit,
1027 1227 1114 1284 modo
1128 1238 1248 1305 constet,
1263 1231 1343 1306 quod

133 1300 326 1359 certissimum
355 1307 407 1372 est,
423 1299 548 1358 ablatam
563 1320 626 1359 esse
640 1301 735 1376 hodie,
751 1303 838 1380 idque
860 1323 877 1360 a
897 1305 997 1363 multis
1010 1313 1087 1364 retro
1102 1308 1216 1366 seculis.
1259 1310 1342 1368 Licet

131 1381 210 1438 euim
225 1379 401 1454 Chronologi
421 1377 457 1436 de
478 1399 512 1438 eo
527 1380 630 1438 acriter
651 1381 724 1439 inter
745 1401 775 1440 se
790 1382 958 1459 disceptent,
974 1393 1004 1442 et
1017 1405 1123 1462 magna
1144 1388 1181 1445 sit
1203 1390 1341 1448 sententi-

132 1479 215 1517 arum
226 1457 427 1534 discrepantis,
443 1458 511 1516 dum
526 1459 575 1516 alii
589 1459 619 1517 in
641 1460 786 1538 Pompeio,
802 1461 851 1519 alii
866 1463 896 1520 in
911 1463 1091 1540 Vespasiano
1103 1474 1245 1543 sceptrum
1261 1468 1340 1526 abla-

132 1548 196 1598 tum
216 1537 398 1614 pertendunt,
420 1538 478 1612 alii,
500 1538 578 1615 quod
599 1539 685 1618 longe
713 1541 812 1616 satius,
835 1562 892 1600 non
917 1543 1002 1602 unius
1021 1545 1160 1604 momenti
1181 1565 1253 1623 opus
1278 1568 1341 1606 esse

132 1625 273 1691 statuunt,
295 1625 328 1675 nt
349 1617 437 1675 variis
458 1619 571 1676 vicibus
592 1637 731 1678 concussa
753 1621 928 1697 Respublica
948 1622 979 1679 in
1000 1623 1138 1700 Pompeio
1159 1633 1188 1683 et
1213 1626 1340 1702 Herode,

132 1697 250 1756 tandem
275 1697 329 1757 sub
344 1697 523 1772 Vespasiano
538 1697 576 1756 sit
589 1718 707 1758 eversa:
730 1699 796 1756 Non
810 1719 882 1776 opus
906 1709 951 1758 est
975 1709 1071 1760 tamen
1096 1703 1236 1762 intricatae
1256 1705 1341 1764 istius

133 1776 308 1851 Quaestionis
323 1775 468 1834 decisione
482 1777 520 1833 ad
533 1786 735 1854 argumentum
749 1787 878 1836 nostrum
893 1788 993 1838 contra
1006 1779 1128 1839 Judaeos
1148 1782 1318 1842 firmandum
1333 1805 1340 1860 ς

131 1865 231 1914 manet
251 1855 328 1912 enim
349 1855 392 1912 illi
413 1875 464 1914 sua
485 1857 530 1914 vis
552 1876 672 1933 semper,
694 1877 732 1914 ex
753 1876 787 1915 eo
815 1857 894 1933 quod
908 1867 990 1917 extra
1010 1879 1122 1918 omnem
1138 1865 1341 1921 controversis

131 1937 226 1994 aleam
239 1935 366 2011 positum
387 1943 439 2009 est,
457 1935 598 2011 Regimen
619 1956 703 1994 omne
716 1936 830 1996 Judseis
844 1957 861 1994 a
874 1936 963 2014 longo
984 1946 1111 2015 tempore
1125 1939 1253 2000 ablatum
1267 1962 1339 2018 esse,

132 2024 168 2074 ut
177 2016 240 2092 jam
254 2034 312 2072 non
326 2013 389 2071 dies
411 2015 476 2089 sint,
491 2023 542 2072 aut
555 2015 631 2088 anui,
648 2016 698 2073 sed
713 2017 810 2074 secula
824 2035 861 2074 ex
882 2018 987 2092 quibus
1001 2018 1242 2094 complementum
1257 2041 1340 2080 suum
1422 2038 1426 2046 ·

131 2094 268 2154 sortitum
282 2101 326 2152 est
340 2094 395 2151 boc
416 2093 590 2168 Oraculum;
614 2094 699 2154 Unde
720 2095 882 2153 necessario
903 2097 1040 2172 sequitur,
1057 2106 1106 2156 aut
1127 2098 1231 2157 falsum
1251 2099 1341 2160 fuisse

131 2183 164 2234 et
177 2173 311 2246 mendax,
327 2173 407 2249 qnod
422 2173 469 2230 vel
483 2173 602 2250 impium
617 2182 661 2232 est
680 2174 815 2250 cogitare,
832 2184 883 2233 aut
897 2175 1034 2234 Messium
1044 2177 1106 2254 jam
1121 2179 1244 2239 venisse.

175 2253 265 2310 XIV.
289 2253 349 2310 Nec
371 2251 507 2311 audiendi
527 2253 633 2327 Judeei,
656 2254 706 2329 qui
720 2254 885 2314 fabulantur
908 2255 1058 2333 Sceptrum
1072 2256 1167 2316 adhuc
1180 2277 1296 2318 manere
1310 2261 1340 2318 in

131 2332 298 2410 Babylonia
312 2333 341 2388 In
356 2331 399 2406 iis,
415 2332 465 2408 qui
478 2333 585 2408 populo
599 2333 658 2391 illic
672 2341 807 2409 praesunt,
820 2333 898 2410 qnod
910 2335 1044 2394 Menasse
1058 2336 1226 2396 confirmare
1239 2339 1342 2398 nititur

131 2433 173 2471 ex
188 2410 366 2488 Benjamine,
382 2413 431 2487 qui
445 2412 532 2470 refert
547 2411 694 2488 Bagdadae
706 2412 798 2470 oculis
808 2413 868 2471 suis
882 2412 990 2472 vidIssc
1005 2414 1080 2472 inter
1095 2415 1242 2476 Israelitas
1258 2418 1339 2475 Prin·

131 2492 229 2568 cipem
242 2490 385 2567 quondam
400 2511 437 2548 ex
452 2491 539 2568 stirpe
556 2491 678 2549 Davidis
692 2500 801 2567 natum,
817 2513 902 2551 curru
916 2502 1034 2552 vectum
1047 2494 1124 2553 inter
1133 2497 1234 2573 populi
1247 2497 1340 2555 acela·

130 2569 283 2630 mationes.
326 2571 399 2628 Haec
413 2570 489 2629 enim
505 2571 661 2628 vanissima
674 2580 742 2630 sunt
755 2572 864 2630 cerebri
884 2573 1012 2649 ipsorum
1033 2573 1179 2650 figmenta,
1195 2596 1260 2653 quse
1274 2584 1342 2635 sunt

130 2659 234 2710 contra
249 2649 446 2708 Rabbinorum
461 2669 546 2726 snpra
560 2651 711 2709 citatorum
726 2651 905 2726 sententiam,
922 2662 1021 2712 contra
1040 2653 1126 2711 fidem
1148 2656 1275 2714 omnium
1290 2657 1341 2733 qui

133 2729 382 2809 peregrinationes
401 2749 453 2806 per
472 2728 639 2788 universum
660 2731 758 2788 orbem
779 2729 973 2805 instituerunt,
990 2732 1038 2790 vel
1059 2732 1094 2791 de
1116 2733 1175 2791 illis
1190 2735 1338 2810 scripsere,

132 2808 213 2887 apud
234 2829 306 2886 quos
327 2808 417 2867 altum
439 2807 475 2866 de
498 2808 679 2886 Principibus
709 2810 772 2868 istis
793 2810 948 2869 silentium.
1005 2811 1090 2869 Etsi
1111 2812 1341 2888 quidhaberent

131 2889 274 2963 veritatis,
297 2888 347 2946 An
361 2888 497 2947 credibile
512 2895 556 2947 est
570 2889 618 2947 vel
626 2909 677 2965 per
690 2889 790 2947 horam
799 2890 820 2948 J
822 2889 920 2948 udseos
931 2890 1057 2966 reliquos
1070 2910 1122 2968 per
1134 2899 1227 2950 totum
1242 2893 1340 2950 orbem

132 2969 281 3046 dispersos
302 2968 332 3024 in
352 2967 457 3026 misera
477 2968 615 3027 servitute
636 2988 694 3045 qua
714 2978 890 3045 premuntur,
911 2973 1083 3028 mansuros?
1126 2970 1211 3029 Unde
1233 2971 1339 3048 Benja·

132 3049 222 3106 minis
235 3047 431 3106 testimonium
445 3056 582 3124 tanquam
595 3048 753 3122 vanissimi,
769 3048 930 3106 fabularum
945 3041 1116 3123 confictoris,
1132 3057 1161 3108 et
1181 3069 1199 3105 a
1214 3051 1339 3109 Doctiss.

134 3129 336 3203 L’Empereur
355 3125 499 3185 mendacii
520 3146 596 3203 saepe
626 3127 754 3186 convicti
781 3127 862 3184 nullo
889 3126 966 3203 apud
993 3147 1046 3184 nos
1062 3147 1125 3186 esse
1152 3127 1216 3186 loco
1244 3129 1340 3188 debet.

132 3206 221 3282 Quod
235 3227 269 3265 eo
284 3207 390 3266 certius
403 3206 462 3264 dici
475 3215 579 3283 potest,
602 3207 680 3283 quod
693 3205 779 3264 bodie
801 3205 927 3264 confusis
949 3205 1089 3282 tribubus,
1111 3207 1288 3284 impossibile
1304 3209 1341 3270 sit

134 3295 215 3346 certo
243 3287 324 3360 scire,
347 3285 464 3362 quinam
480 3287 536 3344 sint
550 3306 588 3344 ex
602 3287 679 3345 tribu
693 3286 715 3345 J
716 3285 782 3360 uda,
798 3285 914 3362 quinam
929 3305 966 3344 ex
981 3286 1046 3344 alia.

176 3366 250 3425 XV.
275 3367 412 3443 Superest
435 3365 579 3442 praecipua
603 3365 764 3441 difficultas,
786 3385 851 3442 quae
875 3365 923 3424 hic
944 3374 1079 3424 movetur
1098 3386 1115 3425 a
1136 3366 1258 3444 Judaeis,
1275 3369 1341 3427 Non

134 3465 222 3524 posse
244 3446 355 3504 scilicet
376 3465 414 3503 ex
436 3445 491 3503 hoc
512 3445 578 3503 loco
600 3445 700 3522 colligi
721 3446 859 3504 Moesiam
876 3445 936 3522 jam
952 3445 1075 3521 venisse,
1092 3446 1163 3505 alias
1178 3448 1276 3507 venire
1291 3449 1340 3508 de-

134 3525 234 3586 buisse
259 3533 325 3584 ante
347 3525 544 3602 captivitatem
567 3524 785 3601 Babylonicam,
809 3525 877 3602 quia
899 3525 929 3582 in
951 3545 986 3584 ea
1012 3527 1161 3604 sceptrum
1187 3547 1204 3585 a
1227 3528 1342 3588 Judaeis

134 3605 223 3664 fuerit
236 3605 372 3680 ablatum,
388 3624 442 3662 nec
456 3623 583 3680 unquam
596 3613 697 3681 postea
717 3605 788 3682 ipsis
811 3603 965 3664 redditum.
1008 3605 1057 3664 Ad
1071 3608 1155 3684 cujus
1169 3607 1341 3667 solutionem

133 3685 356 3763 premittimus:
380 3688 405 3741 1.
419 3685 484 3742 Nou
495 3703 580 3761 posse
596 3703 707 3760 semper
721 3685 863 3760 assignari
874 3693 952 3743 certa
965 3692 994 3744 et
1005 3685 1168 3746 indubitata
1181 3697 1341 3765 temporum

133 3772 253 3843 puncta,
268 3764 374 3840 quibus
388 3763 524 3841 perduret
537 3762 592 3822 flos
612 3772 641 3822 et
651 3764 746 3840 gloria
768 3765 945 3840 Regnorum,
961 3765 1009 3823 vel
1023 3767 1128 3842 quibus
1142 3766 1278 3827 excidant
1292 3777 1343 3826 aut

135 3852 321 3920 evertentem
344 3843 412 3920 quia
427 3851 459 3902 ut
473 3843 641 3919 Regnorum
655 3843 822 3903 constitutio
837 3852 866 3903 et
880 3842 1007 3920 dignitas
1021 3865 1079 3903 non
1093 3845 1238 3904 obtinetur
1257 3845 1343 3904 simul

133 3931 164 3982 ct
185 3922 284 3998 semel,
307 3923 358 3981 sed
378 3923 517 4000 paulatim
531 3931 560 3980 et
575 3923 756 3981 successive:
799 3922 846 3981 Ita
859 3923 1014 3983 decliuatio
1028 3935 1058 3984 et
1071 3944 1155 3983 cesus
1169 3944 1227 3982 non
1240 3925 1273 3982 fit
1284 3944 1342 3982 uno

134 4011 291 4077 momento,
317 4023 370 4061 nec
392 4001 477 4060 modo
502 4011 601 4079 aperto
625 4010 654 4060 et
678 4001 816 4077 sensibiIi‚
839 4001 890 4060 sed
912 4003 1054 4080 gradatim
1069 4003 1217 4061 etsensim
1233 4023 1266 4060 ac
1281 4004 1343 4062 sine

137 4101 235 4156 sensu,
250 4091 284 4140 ut
298 4082 383 4140 citius
398 4079 628 4158 deprehendatur
647 4090 799 4158 postquam
817 4081 947 4158 contigit,
963 4101 1050 4158 quam
1063 4091 1096 4140 nt
1110 4081 1178 4140 dum
1194 4081 1231 4140 sit
1245 4082 1342 4140 obser-

135 4171 231 4220 vetur.
275 4161 346 4219 Ideo
360 4161 488 4220 beenon
502 4161 620 4237 praecise
631 4161 668 4218 sd
683 4169 792 4220 certum
812 4161 950 4237 temporis
970 4169 1146 4234 momentum
1168 4160 1343 4237 restringen-

136 4241 206 4300 dum
216 4249 269 4314 est,
282 4241 334 4298 sed
346 4239 432 4299 debet
446 4264 467 4298 o
480 4241 573 4298 rasim
584 4241 706 4317 spectari
716 4241 745 4297 in
756 4248 834 4299 certa
847 4241 984 4318 temporis
997 4239 1158 4299 latitudine.
1201 4243 1229 4296 2.
1252 4239 1345 4297 Aliud

136 4341 209 4396 esse,
227 4320 351 4396 Regiam
366 4321 492 4396 stirpem,
508 4341 573 4396 quse
584 4320 634 4397 jus
656 4320 744 4378 habet
757 4319 905 4396 regnandi,
929 4319 1040 4394 durare,
1064 4317 1155 4376 Aliud
1170 4318 1266 4393 Reges
1281 4339 1344 4376 esse

134 4409 203 4460 actu
217 4406 384 4476 regnantes.
427 4399 505 4458 Fieri
519 4399 595 4458 enim
610 4407 713 4476 potest,
736 4408 769 4458 ut
792 4399 848 4458 hoc
872 4399 1035 4475 abrogetur,
1051 4398 1141 4455 altero
1155 4405 1296 4470 manente,
1312 4408 1346 4457 ut

136 4481 161 4539 si
177 4481 315 4557 Regnum
337 4478 492 4555 abaliquo
516 4487 672 4556 occupetur
686 4479 843 4556 tyrannice,
864 4477 994 4555 expulsis
1014 4476 1152 4554 legitimis
1173 4476 1343 4552 haeredibus,

137 4569 235 4618 manet
263 4563 360 4629 aeica,
395 4559 509 4617 sublata
536 4561 629 4639 mim
672 4561 700 4617 3.
731 4558 797 4617 Non
819 4577 937 4618 necesse
959 4575 1023 4615 esse
1047 4557 1084 4614 ad
1106 4555 1346 4632 complementum

137 4639 259 4714 oraculi,
285 4647 319 4698 ut
341 4657 452 4696 summa
475 4658 587 4716 semper
610 4638 738 4718 dignitas
762 4637 918 4698 obtinuerit
942 4637 972 4696 in
994 4637 1071 4696 tribu
1092 4635 1196 4712 .Jndae;
1219 4634 1347 4701 sufficere
