3192 5206
231 336 288 393 276
642 351 733 392 socos
748 349 876 392 aceruus
891 351 1024 391 rsarrrs.
1261 327 1386 410 [onear.
1403 349 1444 388 ιι.

234 494 356 553 duarum
377 502 543 553 naturamm
558 493 665 552 diviuae
679 502 709 552 et
722 494 856 552 humanae
876 493 907 550 in
927 512 1014 551 unam
1034 511 1195 568 personam,
1218 491 1338 548 alteram
1361 499 1445 550 uatu-

234 575 325 632 ralem
346 575 448 633 anima
469 583 499 633 et
517 574 644 652 corporis
664 575 696 632 iu
718 595 805 633 uuam
828 581 959 631 naturam
979 574 1154 646 humanam3
1176 589 1325 648 perperam
1347 581 1446 629 tamen

235 655 319 713 nobis
333 655 503 733 impingitur
526 675 544 712 a
568 655 742 713 Lutheranis
756 652 911 728 nonnullis,
927 652 1006 730 quod
1019 652 1163 730 duplicem
1178 652 1208 708 in
1222 651 1337 710 Christo
1353 659 1444 709 statu-

236 755 318 824 amus
335 735 478 794 Unionem
500 735 720 812 hypostaticam,
736 735 821 793 etita
842 733 1069 792 Nestorianismo
1091 731 1248 790 faveamus.
1291 730 1365 805 Quia
1380 729 1446 789 dure

236 815 294 874 illae
319 815 450 874 Unioncs
472 815 687 874 diversimode
711 815 788 874 inter
812 834 843 873 sa
867 812 1021 889 differunt3
1054 816 1080 871 l.
1098 813 1214 886 Gencre,
1230 811 1299 889 quia
1319 831 1377 870 una
1401 819 1447 870 ast

235 895 365 972 physica,
381 896 472 956 altera
489 895 711 972 hyperphysica,
734 899 762 955 2.
787 894 925 970 Termino,
946 893 1014 970 quia
1036 892 1096 951 illic
1119 900 1163 950 est
1181 900 1291 967 natura,
1314 891 1362 949 hic
1381 911 1446 968 pcr-

236 994 315 1050 sona,
338 979 366 1034 3.
381 976 508 1050 Suh'ecm
525 973 603 1052 quod
623 975 684 1034 illic
705 983 750 1034 est
774 974 836 1033 sola
849 983 952 1033 natura
966 973 1099 1048 humana,
1114 972 1162 1030 hic
1186 980 1289 1030 natura
1312 981 1445 1048 utraque,

237 1059 265 1114 4.
281 1057 434 1132 Adjumtis,
450 1057 519 1134 quia
538 1055 590 1112 illa
611 1064 656 1115 est
675 1055 852 1133 separabilis,
867 1073 932 1131 quae
955 1054 1049 1112 soluta
1068 1053 1123 1112 fuit
1140 1061 1231 1111 morte
1258 1051 1373 1126 Christi,
1389 1052 1447 1111 ista

236 1155 306 1194 vero
321 1137 529 1213 inseparabilis,
544 1135 613 1213 quia
626 1134 704 1212 quod
719 1135 808 1194 semel
822 1133 901 1206 Λέγος
915 1134 1072 1211 assumpsit
1085 1152 1232 1209 nunquam
1247 1131 1389 1210 deposuit.

277 1215 320 1274 X.
363 1217 490 1290 Quaestio
505 1235 574 1292 crgo
590 1235 624 1273 eo
635 1215 717 1289 redit,
731 1217 781 1272 An
792 1216 876 1275 detur
887 1235 956 1274 vera
971 1213 1143 1287 lucarnatio,
1159 1213 1198 1272 id.
1215 1212 1265 1269 An
1280 1212 1373 1270 Filius
1389 1212 1447 1270 Dei

237 1295 363 1354 secunda
379 1299 408 1354 S.
426 1298 455 1356 S.
471 1295 621 1354 Trinitatis
644 1296 780 1371 Persona,
800 1315 859 1354 non
883 1295 1048 1369 Personam,
1065 1293 1116 1352 scd
1137 1301 1268 1351 naturam
1289 1294 1446 1351 humanam

237 1375 293 1434 sibi
307 1376 337 1434 in
351 1377 490 1436 unitatem
507 1377 641 1434 Personae
659 1376 851 1452 conjunxerit,
865 1395 924 1434 uon
945 1395 997 1452 per
1015 1372 1233 1433 conversionem
1252 1381 1282 1431 et
1301 1381 1446 1432 transmu-

236 1455 384 1531 tationem,
401 1457 451 1516 sed
472 1475 525 1534 per
546 1455 771 1532 assumptionem
796 1464 826 1514 et
848 1454 1093 1530 sustentationem,
1109 1461 1142 1512 ut
1167 1453 1260 1512 Filias
1282 1453 1338 1510 Dei
1352 1452 1448 1512 sactus

237 1534 324 1594 fuerit
339 1537 431 1595 Filius
447 1535 591 1611 Hominis,
607 1544 636 1595 st
652 1535 796 1594 Mediator
808 1544 915 1611 noster,
931 1543 960 1593 et
981 1535 1019 1593 sit
1033 1554 1101 1593 vere
1121 1533 1299 1614 sadum?
1330 1533 1449 1610 Negant

239 1616 394 1693 Sociniani,
410 1617 460 1694 qui
481 1617 511 1674 in
537 1616 651 1674 Christo
675 1615 781 1674 docent
804 1635 892 1675 unam
916 1623 1028 1674 tantum
1051 1633 1114 1672 esse
1136 1623 1277 1688 naturam,
1299 1613 1447 1672 hominem

237 1715 309 1772 esse,
326 1717 384 1755 non
398 1705 512 1757 tantmn
532 1715 642 1772 verum,
658 1694 710 1754 sed
731 1696 818 1754 ctiam
839 1715 948 1753 marum
973 1702 1003 1753 et
1028 1695 1195 1771 simplicem,
1221 1695 1304 1772 cujus
1326 1693 1447 1770 proinde

236 1783 298 1835 tota
319 1779 513 1855 praerogativa
537 1775 624 1835 fucrit
647 1775 678 1834 in
699 1775 873 1834 excellentia
893 1774 1096 1834 attributorum
1111 1777 1182 1853 ejus,
1208 1782 1238 1833 et
1262 1773 1364 1848 Officii,
1387 1793 1447 1831 nou

236 1863 356 1915 naturae.
400 1858 544 1916 Nosvero
559 1855 742 1914 affirmamus.

238 1975 360 2020 Probatur
368 1945 480 2034 Uuiohy-
542 1937 602 2044 251.
625 1937 765 2029 Rationes
774 1943 850 2029 sunt,
863 1934 977 2029 Prim03
994 1934 1068 2008 Quia
1083 1937 1101 1967 “
1113 1933 1242 2027 Verbum
1254 1935 1328 1993 Caro
1338 1932 1447 1992 factum

249 2090 270 2136 1-
286 2038 415 2138 till-l
423 2049 463 2138 ²1⁴.
501 2015 1446 2172 stall,ttrtltltttttlt.¹t⁶¹¹t‘3pt·.t¹t⁰‘tt.tt

237 2189 275 2228 ex
289 2171 527 2233 antecedentibus
541 2175 640 2252 liquet,
656 2175 707 2234 ubi
721 2175 827 2234 dicitur
840 2175 928 2233 fuisse
945 2176 1033 2250 Deus,
1048 2183 1078 2233 et
1092 2174 1169 2252 apud
1181 2176 1284 2250 Deum,
1300 2184 1330 2233 ct
1344 2174 1447 2234 fecisse

238 2250 342 2324 omnia,
353 2271 414 2309 ver.
431 2254 457 2326 1,
475 2257 502 2329 3,
514 2263 543 2313 et
556 2255 660 2314 Carnis
669 2275 733 2332 quae
747 2263 879 2314 naturam
901 2254 1056 2313 humanam
1082 2255 1290 2331 synecdochice
1304 2263 1395 2329 notat,
1418 2259 1447 2312 2.

150 2373 153 2379 -
240 2327 364 2388 Unionis
377 2349 430 2406 per
443 2351 529 2408 quam
545 2335 619 2392 inter
640 2355 671 2393 se
691 2335 846 2412 conjuncta
860 2342 935 2410 sunt,
951 2355 1009 2393 non
1034 2335 1133 2412 utiquc
1157 2355 1209 2412 per
1227 2325 1447 2394 conversionem

238 2416 268 2467 et
281 2411 478 2488 mutationem,
490 2415 573 2491 cujus
585 2414 665 2472 Deus
676 2414 864 2474 immutabilis
873 2423 918 2472 cst
926 2415 1049 2492 incapax
1062 2437 1068 2490 ;
1085 2415 1136 2474 sed
1146 2435 1198 2493 per
1211 2415 1447 2492 assumptionem,

238 2508 296 2565 qua
309 2488 385 2546 idem
400 2490 430 2547 in
445 2512 476 2551 ss
497 2512 625 2568 mancus,
640 2493 775 2553 nimirum
789 2513 876 2553 verus
897 2501 926 2553 et
947 2503 1070 2554 aeternus
1086 2496 1175 2570 Deus,
1191 2495 1284 2554 factus
1302 2503 1347 2554 est
1368 2495 1447 2572 qnod

238 2588 296 2638 non
311 2577 372 2628 erat
386 2590 437 2647 per
457 2574 706 2651 participationem
721 2575 816 2633 camis
830 2583 859 2633 et
880 2575 1039 2651 sanguinis,
1056 2576 1144 2652 juxta
1155 2575 1228 2634 illud
1252 2575 1360 2650 tritum,
1377 2577 1446 2634 Sum

238 2651 316 2725 quod
324 2670 411 2727 cram,
426 2672 531 2731 nempe
546 2655 635 2730 Deus,
651 2675 701 2714 aec
715 2675 794 2714 mam
805 2657 882 2732 quod
888 2675 958 2732 eum,
970 2655 1039 2712 nim.
1050 2656 1146 2732 homo,
1158 2677 1232 2716 nunc
1245 2656 1325 2714 dicor
1337 2665 1446 2714 abam-

238 2749 299 2806 qac,
316 2731 427 2791 scilicet
442 2735 523 2793 Deus
542 2743 571 2795 et
584 2735 679 2794 homo.

279 2809 357 2869 XII.
380 2811 407 2870 N
409 2832 441 2872 cc
455 2814 569 2875 admitti
583 2824 679 2892 potest
693 2814 782 2893 impia
797 2815 895 2875 Socini
909 2815 1015 2893 glossa,
1031 2836 1097 2893 qus,
1113 2816 1209 2877 locum
1228 2815 1306 2875 hunc
1321 2815 1445 2875 clarissi-

238 2909 316 2948 mum
338 2903 531 2970 corrupturus,
557 2895 702 2973 pertendit
724 2897 845 2955 verbum
870 2895 964 2970 ἐγένετο,
979 2915 1038 2954 non
1058 2916 1110 2974 per
1125 2900 1223 2971 sactus
1237 2906 1284 2974 est,
1298 2903 1332 2956 ut
1358 2897 1446 2973 vulgo

238 2973 383 3030 communi
399 2974 591 3053 Interpretum
606 2995 748 3035 consensu
758 2975 897 3052 redditur,
908 2976 1086 3036 reddendum
1100 2996 1172 3052 esse,
1185 2977 1237 3036 sed
1250 2997 1301 3054 per
1314 2985 1380 3035 crat
1389 2975 1444 3051 vel,

229 3052 298 3125 suit,
314 3061 346 3111 ut
367 3053 437 3112 alibi
461 3075 495 3114 eo
518 3076 604 3115 sensu
628 3064 791 3134 usurpatur,
808 3055 877 3117 Joh.
893 3057 912 3115 i.
928 3060 955 3132 6,
978 3057 1092 3128 “aim
1115 3057 1170 3116 fuit
1190 3058 1277 3116 homo
1301 3057 1408 3116 missus
1429 3075 1447 3114 a

240 3131 332 3206 Deo,'’
348 3129 412 3208 dcc,
428 3142 459 3193 et
473 3136 542 3194 Luc.
559 3137 640 3196 xxiv.
659 3138 704 3195 19.
748 3137 822 3211 Quia
836 3137 934 3215 glossa
948 3145 992 3196 est
1006 3140 1100 3197 textui
1115 3146 1212 3214 aperte
1227 3137 1378 3212 contraria,
1396 3135 1447 3195 ubi

238 3211 389 3270 Johannes
413 3223 511 3291 aperte
535 3216 689 3292 distinguit
713 3237 776 3276 esse
798 3243 842 3275 του
860 3217 951 3292 Λέρου,
968 3217 1004 3275 ab
1029 3237 1092 3276 esse
1115 3219 1217 3294 carnis,
1233 3217 1264 3275 id
1285 3216 1364 3294 quod
1386 3224 1446 3276 erat

239 3291 371 3348 Christus
382 3293 419 3350 ab
428 3301 544 3366 esterno,
557 3296 594 3353 ab
608 3315 642 3353 eo
657 3296 735 3372 quod
749 3297 779 3354 in
790 3307 917 3375 tempore
928 3299 1021 3356 sactus
1032 3307 1085 3356 est.
1110 3299 1195 3356 Prius
1205 3297 1446 3375 significatverho
1479 3301 1484 3312 ’

235 3366 271 3461 ᾖν,
287 3389 346 3461 ver.
365 3371 426 3463 ,buta
440 3377 511 3453 ‘'‘txi
525 3369 552 3441 ἧι
565 3377 576 3432 ο·
590 3373 678 3450 Alpes,
691 3375 753 3434 sine
774 3377 834 3434 ullo
853 3377 985 3455 principii
1004 3387 1121 3436 ortusve
1135 3378 1291 3452 notatione,
1306 3377 1445 3456 quiajam

237 3467 268 3506 m
283 3467 424 3526 prmcrpro
438 3463 499 3511 erat
516 3458 625 3527 Sermo,
641 3462 703 3512 erat
716 3455 793 3532 apud
812 3457 915 3531 Deum,
931 3466 960 3516 et
980 3466 1042 3517 crat
1067 3458 1156 3517 Deus.
1199 3458 1347 3517 Posterius
1365 3465 1446 3516 notat

238 3527 327 3620 verbo
343 3527 436 3605 ipisus,
452 3532 531 3608 quod
545 3533 678 3610 principii
697 3554 732 3592 ac
752 3542 831 3594 ortus
852 3537 1082 3613 designationem
1103 3538 1199 3612 hahet,
1215 3539 1284 3615 quia
1308 3537 1338 3595 in
1354 3537 1445 3615 pleni·

237 3607 337 3699 tudme
351 3611 489 3686 temporis
509 3613 589 3672 misit
611 3613 692 3672 Deus
706 3633 789 3674 suum
805 3615 911 3675 Filium
926 3618 1045 3693 scalpam
1059 3617 1166 3678 factum
1180 3638 1219 3677 ex
1232 3617 1362 3693 muliere,
1379 3617 1444 3678 Gal.

237 3707 276 3745 iv.
293 3691 320 3761 t,
336 3689 386 3764 qui
400 3689 469 3748 alibi
484 3689 590 3752 dicitur
606 3693 726 3769 φνδμιιος
740 3715 778 3754 ex
793 3697 901 3756 semine
916 3699 1049 3774 Davidis,
1066 3699 1150 3757 Rom.
1166 3698 1184 3757 i.
1201 3701 1229 3757 3.
1266 3699 1327 3757 Nec
1342 3699 1368 3756 si
1382 3718 1446 3757 ver·

236 3766 303 3825 bum
326 3771 426 3864 γίρμιι
440 3771 510 3830 alibi
524 3772 639 3865 divorso
654 3793 742 3833 sensu
755 3777 885 3851 sumitur,
908 3779 1038 3855 sequitur
1048 3798 1105 3836 non
1119 3797 1204 3856 posse
1218 3777 1273 3836 hoc
1288 3798 1384 3856 sensu,
1399 3778 1446 3837 hic

235 3867 376 3926 usurpari,
392 3871 478 3928 quem
493 3871 581 3912 senes
596 3854 734 3913 orationis
747 3859 909 3916 necessario
927 3859 1064 3936 postulat.
1100 3860 1221 3918 Frustra
1237 3859 1319 3918 addit
1343 3859 1447 3918 Carnis

238 3948 308 3988 voce
317 3931 455 3991 humilem
467 3939 496 3990 et
507 3933 650 4010 abjectam
661 3935 769 3994 Christi
780 3937 973 3997 conditionem
987 3939 1089 3998 notari.
1112 3939 1187 4014 Quia
1200 3939 1241 3998 ita
1255 3947 1446 3998 connotantur

235 4010 299 4086 ejus
316 4009 506 4087 infirmitates,
522 4024 553 4072 ut
571 4024 750 4092 supponatur
763 4036 876 4095 semper
889 4027 991 4077 natura
1001 4019 1134 4092 humana,
1145 4039 1209 4096 quse
1219 4038 1316 4077 earum
1327 4027 1372 4078 est
1381 4019 1445 4079 sub·

231 4089 352 4182 jectum,
363 4094 541 4232 'uil'dicatur
565 4093 665 4155 Sermo
679 4095 772 4157 factus
787 4097 869 4172 Caro,
884 4098 915 4156 id
929 4099 1015 4158 homo
1030 4099 1097 4157 vilis
1111 4109 1141 4159 ct
1155 4099 1285 4158 infirmus
1299 4099 1384 4158 nobis
1398 4117 1448 4178 per

236 4189 332 4228 omma
347 4192 400 4230 sum
425 4194 458 4232 rs.

235 4287 302 4334 η,
312 4289 376 4336 Phil.
387 4291 412 4336 ἢ.
421 4289 473 4347 g„
541 4253 637 4346 lull.
661 4256 794 4316 Secundo
819 4277 857 4316 ex
881 4257 956 4318 Phil.
976 4259 1005 4318 ii.
1028 4262 1055 4335 6,
1072 4263 1099 4335 7,
1125 4259 1286 4318 “Christus
1307 4259 1337 4318 in
1357 4259 1447 4320 forma

340 4407 346 4420 .
501 4333 556 4392 Der
571 4335 708 4413 existens,
724 4357 782 4396 non
803 4338 949 4414 reputavit
969 4340 1100 4416 rapinam
1124 4359 1188 4398 esse
1209 4339 1350 4416 aequalem
1363 4341 1445 4415 Dec;

235 4405 286 4463 sed
297 4425 327 4464 se
338 4428 433 4500 ipsum
444 4411 607 4474 exinanivit
621 4425 739 4494 accepta
750 4417 841 4476 forma
852 4419 928 4477 servi
940 4419 969 4477 in
981 4419 1168 4479 similitudine
1182 4419 1332 4479 hominum
1343 4419 1443 4494 factus,

235 4493 264 4543 et
279 4485 380 4546 habrtu
400 4489 537 4552 inventus
558 4502 591 4553 ut
611 4497 727 4570 homo,'’
743 4495 807 4574 dc,
822 4498 872 4558 ubi
886 4500 967 4558 varia
988 4500 1079 4560 latent
1093 4509 1271 4576 argumenta,
1287 4520 1347 4560 non
1361 4499 1445 4558 modo

198 4613 202 4622 .
235 4564 272 4621 ad
285 4567 463 4641 probandam
487 4572 595 4633 Christi
616 4575 807 4652 divinitatem,
822 4587 854 4636 ut
875 4589 1023 4639 ostensum
1047 4580 1101 4640 fuit
1125 4581 1219 4654 Parte,
1248 4583 1263 4640 l
1289 4580 1358 4640 Loc.
1385 4577 1442 4637 Ill.

235 4641 421 4716 Q11.‘28,Th.
448 4655 477 4724 2,
504 4653 554 4710 scd
580 4654 667 4712 etiam
690 4656 840 4715 veritatem
867 4659 1088 4720 lucamationis.
1133 4663 1158 4719 1.
1182 4659 1257 4734 Quia
1281 4661 1389 4720 mentio
1413 4657 1443 4716 fit
