3202 5194
106 394 202 443 ornan
217 373 291 456 xa]
550 424 552 434 ,
608 394 648 434 na
662 395 739 435 naon
753 395 814 435 nar.
889 417 891 422 -
1265 379 1304 438 91

137 533 192 594 XI.
212 533 362 594 Sanctum
378 531 486 611 aliquid
499 541 596 613 potest
608 535 675 612 dici,
690 535 738 595 vel
756 537 879 594 absolate
892 535 1003 594 ratione
1024 534 1148 612 alicujus
1169 537 1305 596 sanctita·

105 616 135 674 tis
147 615 328 690 inhaerentis,
345 615 396 674 vel
410 616 526 675 relative
540 616 650 675 ratione
664 615 865 675 destinationis
878 615 917 674 ad
928 635 1014 674 usum
1028 635 1161 675 sacrum:
1192 617 1231 676 Et
1245 617 1307 694 qui-

106 695 161 753 dem
179 695 228 754 vel
249 715 269 754 a
283 694 394 754 divina
413 695 603 772 institutione,
619 696 668 755 vel
687 697 724 754 ab
743 697 878 755 hnmana.
920 695 1002 755 Nulli
1021 695 1084 754 dies
1105 704 1180 772 sunt,
1203 698 1309 774 quibus

105 774 190 852 affingi
214 775 315 853 possit
341 775 470 853 qualitas
491 776 590 852 aliqua
611 776 772 835 sanctitatis
796 775 972 851 inhaerentis,
998 776 1082 853 cujus
1107 795 1227 852 capaces
1250 797 1310 836 nou

106 865 168 928 suut,
183 875 236 915 nec
252 857 280 916 ai
295 864 402 933 posset
415 855 475 914 illis
488 855 615 931 attribui,
628 855 659 914 id
672 857 709 915 ab
724 857 873 914 hominum
883 856 1049 934 operatione
1059 854 1122 914 fieri
1136 865 1243 934 posset,
1258 856 1310 934 qui

106 935 276 996 sanctitatem
291 937 444 994 internam
457 936 531 995 nulli
550 936 593 994 rei
612 945 734 1014 possunt
752 937 973 996 communicare.
1015 935 1180 994 Relativam
1202 937 1309 996 sanati-

107 1023 180 1073 ntem
201 1015 389 1093 quibusdam
413 1015 516 1076 diebus
537 1035 596 1074 non
618 1015 804 1094 denegamus,
827 1017 938 1076 ratione
960 1015 1161 1075 destinationis
1182 1017 1220 1074 ad
1239 1036 1310 1076 usus

107 1113 197 1170 anos,
212 1115 282 1172 quaa
299 1097 328 1155 si
344 1115 364 1154 a
378 1095 499 1170 Deosit,
513 1103 547 1155 ut
561 1095 630 1154 olim
645 1095 675 1153 in
689 1097 736 1155 die
753 1097 901 1173 sabbathi,
917 1096 988 1156 etin
1000 1096 1082 1157 iestis
1096 1094 1174 1172 apud
1188 1097 1311 1156 Judaeos

50 1183 51 1192 ¹
109 1176 268 1251 constitutis,
285 1195 365 1234 vcra
378 1173 435 1234 fuit
455 1176 592 1234 sanctitas
612 1176 742 1252 relativa,
764 1178 875 1236 ratione
896 1177 1056 1236 voluntatis
1070 1174 1197 1254 divnae3
1226 1177 1251 1235 si
1272 1177 1309 1234 ab

109 1253 269 1328 hominibus,
286 1255 375 1314 nullo
397 1254 483 1312 modo
505 1255 643 1314 sanctitas
663 1257 752 1314 tribui
771 1265 868 1334 potest
881 1257 991 1332 diebus,
1007 1256 1063 1314 nisi
1084 1255 1194 1316 ratione
1215 1276 1311 1314 rerum

109 1352 161 1408 qna
173 1333 202 1391 in
215 1334 278 1394 illis
293 1335 382 1410 fiunt,
399 1342 429 1392 et
448 1341 565 1412 propter
578 1333 665 1393 finem
686 1335 724 1393 ob
738 1356 824 1412 quem
846 1337 968 1396 cessatio
985 1337 1021 1395 ab
1046 1332 1181 1414 operibus
1201 1335 1310 1395 nostris

109 1419 144 1469 est
155 1413 271 1473 indicta.
550 1461 552 1466 .

141 1491 212 1551 XII.
236 1493 297 1552 Per
320 1491 432 1551 festum
447 1491 483 1550 de
504 1511 562 1569 quo
577 1490 738 1570 Apostolus
758 1494 828 1571 agit,
846 1497 861 1552 1
878 1495 943 1554 Cor.
958 1515 987 1554 v.
1004 1499 1031 1570 7,
1048 1497 1075 1572 8,
1099 1519 1158 1557 ιιοιι
1171 1495 1311 1572 intelligit

111 1581 206 1630 sermm
220 1573 301 1631 diem
317 1592 381 1649 quo
394 1573 533 1630 memoria
546 1571 690 1649 passionis
705 1573 812 1632 Christi
832 1574 1001 1650 celebretur,
1024 1577 1076 1634 sed
1089 1586 1183 1638 totum
1197 1583 1312 1652 tempus

110 1649 164 1708 inde
196 1672 214 1710 a
241 1659 352 1710 nostra
386 1652 613 1728 regeneratione,
646 1673 704 1710 non
731 1661 844 1712 tantum
878 1653 1051 1730 septiduum‚
1079 1664 1112 1715 ut
1140 1657 1312 1717 ludaeorum

111 1729 215 1806 Pascha,
232 1731 286 1790 sed
300 1739 403 1790 totum
416 1739 531 1808 tempus
545 1731 613 1790 vitae
627 1740 742 1807 nostra,
758 1733 837 1809 quod
857 1741 945 1810 patet,
961 1735 1029 1810 quia
1049 1735 1154 1794 festum
1171 1733 1311 1793 Paschale

111 1810 228 1887 agitatur,
240 1831 340 1889 quum
351 1819 478 1869 mactato
492 1811 590 1887 Agno,
605 1811 816 1870 manducantur
831 1811 947 1888 Aaymi.
977 1813 1020 1871 At
1033 1813 1064 1870 in
1079 1815 1164 1874 Novo
1173 1816 1311 1885 Testem,

113 1891 187 1948 ancl
200 1899 334 1950 mactato
350 1889 441 1967 Agno
457 1891 512 1948 Dei
527 1891 650 1966 Christo,
667 1892 750 1968 cujus
764 1891 810 1949 vis
830 1899 927 1950 manet
948 1892 978 1950 in
1001 1903 1180 1970 perpetuum,
1204 1893 1313 1970 Azymi

112 1971 189 2028 narni
202 1969 386 2030 sinceritatis
400 1978 430 2028 ct
443 1969 573 2029 veritatis
587 1991 638 2047 per
651 1978 744 2029 totum
758 1971 827 2030 vitae
842 1971 1014 2031 curriculum
1028 1973 1131 2032 durare
1145 1973 1261 2033 debent.

145 2049 233 2108 XIIL
257 2051 291 2110 si
305 2069 378 2128 quar
392 2057 460 2108 sunt
475 2050 612 2110 Ecclesiae
628 2050 810 2127 Reformatae,
823 2071 888 2129 quae
902 2051 965 2110 dies
979 2051 1073 2112 adhuc
1087 2054 1242 2113 nonnullos
1256 2051 1313 2110 ses-

113 2135 151 2185 tos
174 2129 344 2205 observent,
372 2137 407 2188 ut
434 2129 645 2206 Conceptionis,
675 2130 853 2206 Natiuitatis,
881 2131 1037 2208 Passionis,
1072 2142 1102 2192 et
1123 2131 1313 2192 Ascensionis

115 2207 216 2284 Christi,
235 2211 330 2288 longe
346 2207 483 2267 diffcrrmt
503 2229 522 2266 a
537 2209 705 2284 Pontificiis,
721 2211 789 2286 quia
803 2211 865 2270 dies
878 2211 924 2268 illi
937 2213 991 2270 soli
1006 2213 1078 2288 Deo,
1094 2233 1152 2272 non
1167 2211 1313 2272 Creatoris

115 2284 239 2348 dieantur.
261 2293 291 2349 2.
308 2288 403 2348 Nulla
423 2289 561 2347 sanctitas
582 2288 641 2346 illis
662 2288 816 2366 affingitur,
832 2297 882 2349 aut
895 2291 941 2350 vis
955 2300 985 2350 et
998 2291 1125 2352 efficacia
1145 2293 1203 2352 illis
1217 2293 1312 2350 inesse

116 2367 234 2445 ereditur,
245 2369 337 2446 quasi
351 2367 470 2445 rcliquis
484 2367 586 2428 diebus
599 2368 692 2427 multo
706 2378 803 2428 essent
817 2369 983 2431 sanctiores.
1006 2375 1034 2430 3.
1047 2373 1074 2430 N
1076 2393 1113 2431 on
1128 2373 1313 2449 adstringunt

117 2443 203 2506 fideles
216 2449 253 2506 ad
268 2447 473 2524 scrupulosam
487 2455 517 2506 et
537 2448 666 2506 strictam
690 2448 777 2508 nimis
797 2449 835 2508 ab
849 2449 928 2508 omni
948 2470 1035 2529 opere
1053 2453 1151 2510 servili
1166 2452 1246 2510 iniis
1261 2450 1311 2508 ab·

118 2525 276 2604 amentiam,
292 2527 382 2606 quasi
403 2528 433 2584 in
446 2525 498 2585 illa
518 2527 693 2587 abstinentia
706 2528 814 2587 bonum
828 2529 947 2606 aliquod
959 2539 1037 2590 esset
1050 2533 1167 2606 morale,
1182 2539 1233 2590 aut
1246 2549 1313 2607 pars

117 2603 199 2680 aliqua
211 2607 366 2685 religionis
379 2605 481 2682 posita,
497 2614 527 2666 et
546 2615 647 2666 contra
668 2607 776 2684 grande
790 2607 932 2685 flagitium
946 2617 1024 2669 esset
1037 2610 1147 2688 aliquid
1167 2610 1261 2688 operis
1282 2609 1313 2666 in

121 2681 169 2741 illis
181 2685 279 2746 diebus
293 2687 403 2745 facere.
424 2689 452 2744 4.
465 2687 597 2745 Ecclesia
609 2706 667 2744 non
682 2687 809 2764 adigitur
822 2689 919 2766 aliqua
928 2690 1099 2750 necessitate
1113 2690 1151 2748 ad
1164 2691 1313 2748 immotam

119 2762 340 2826 observationem
353 2765 474 2824 istorum
492 2765 613 2842 dierum,
629 2765 680 2824 sed
693 2774 727 2824 ut
739 2767 866 2826 humana
879 2769 1052 2828 authoritate
1072 2776 1140 2828 sunt
1153 2769 1311 2844 constituti,

120 2839 153 2898 ita
164 2845 258 2904 eedem
271 2845 342 2906 tolli
355 2853 477 2922 possunt
490 2852 520 2903 et
533 2845 647 2920 mutari,
663 2845 689 2904 si
701 2846 812 2905 utilitas
831 2856 862 2906 et
875 2850 1032 2907 necessitas
1047 2848 1187 2906 Ecclesia
1202 2848 1232 2905 id
1246 2867 1311 2924 pos·

121 2921 257 3000 tuhrerit3
285 2927 370 2984 Nam
384 2925 472 2984 omncs
484 2945 530 2983 rea
538 2945 596 3000 per
609 2943 788 3001 quaecunque
801 2947 902 2984 causas
915 2929 1048 3001 meatur,
1060 2947 1117 3002 per
1130 2929 1241 2984 eaedem
1256 2927 1311 2983 das-

120 3003 229 3078 rolvitur,
239 3005 379 3082 inquiunt
388 3002 614 3080 Jurisconsulti;
631 3005 698 3064 Uno
712 3005 811 3081 verbo,
827 3005 969 3063 habentur
982 3025 1034 3083 pro
1048 3006 1182 3063 humanis
1196 3005 1311 3064 institu-

123 3077 166 3154 tis,
179 3091 206 3140 et
218 3084 295 3147 abest
310 3083 487 3161 superstitio,
501 3092 532 3142 et
545 3083 642 3160 opinio
656 3084 846 3142 necessitatis.

161 3159 242 3219 XIV.
262 3165 294 3223 Si
314 3162 434 3240 quidam
449 3163 511 3221 dies
532 3161 609 3240 apud
623 3163 762 3240 quasdam
779 3162 926 3221 Ecclesiae
939 3161 1136 3240 insigniuntur
1148 3161 1314 3221 nominibus

126 3233 316 3313 Apostolorum
331 3251 383 3302 aut
397 3243 559 3320 Martyrum
570 3265 577 3318 ;
592 3263 651 3301 non
664 3241 833 3320 putandum,
845 3243 921 3318 quod
937 3243 968 3300 in
981 3243 1097 3302 illorum
1108 3242 1217 3301 cultum
1231 3243 1313 3302 insti·

125 3323 236 3396 tuantur,
251 3333 302 3382 ant
321 3322 352 3380 in
377 3322 491 3381 illorum
512 3321 650 3381 honorem
667 3321 867 3397 terminentur,
883 3330 917 3382 ut
936 3322 1045 3382 faciunt
1060 3323 1213 3398 Pontificii,
1235 3323 1312 3382 unde

126 3397 256 3477 Bellmrn,
268 3403 311 3460 lib
325 3401 367 3460 iii
382 3401 419 3459 de
433 3401 514 3460 cultu
529 3401 645 3460 Sancto.
665 3421 728 3479 cap.
745 3405 792 3478 16,
807 3402 911 3461 asserit
925 3405 943 3436 “
953 3401 1091 3461 honorem
1106 3403 1245 3462 festorum
1259 3404 1313 3462 im-

126 3477 232 3538 mediate
245 3490 275 3542 ct
288 3481 473 3541 terminative
493 3481 636 3558 pertinere
657 3481 695 3539 ad
717 3481 839 3541 Sanctos
851 3483 879 3558 ;''
903 3481 962 3541 Sed
974 3483 1137 3542 referuntur
1153 3483 1191 3541 ad
1204 3503 1311 3541 memo-

126 3553 184 3614 riam
193 3559 372 3634 Smctorurn,
382 3581 434 3637 per
444 3579 517 3637 quos
528 3561 660 3620 Christus
670 3561 831 3620 Ecclesiam
845 3581 926 3620 suam
938 3561 1100 3638 edificavit,
1111 3563 1148 3620 ad
1158 3563 1312 3622 utilitatem

126 3645 244 3713 notham,
266 3639 305 3699 ad
326 3640 436 3699 cultum
450 3659 520 3699 vero
541 3647 570 3698 et
583 3641 720 3698 honorem
736 3641 825 3699 solius
840 3641 905 3716 Dei,
920 3642 971 3719 qni
985 3642 1136 3719 Apostolis
1156 3652 1186 3702 et
1201 3643 1312 3719 Marty-

126 3712 192 3774 n'bus
210 3720 332 3779 contulit
345 3719 485 3797 quicquid
504 3719 590 3778 laude
609 3719 730 3797 dignum
744 3721 916 3795 habuerunt,
938 3721 1075 3798 fecerunt,
1098 3729 1148 3780 ant
1169 3721 1312 3781 sustinue-

125 3803 188 3853 runt
229 3799 373 3859 Craterum
387 3818 441 3857 nec
454 3799 521 3857 illos
534 3799 680 3874 invocant,
697 3819 751 3858 nec
765 3799 823 3858 illis
838 3801 964 3859 suffitum
978 3801 1096 3876 saciant,
1113 3801 1164 3860 sed
1179 3801 1242 3860 Deo
1258 3799 1312 3858 soli

125 3889 197 3944 quen
215 3879 352 3938 invocant
376 3878 485 3955 gratias
512 3887 603 3954 agunt
626 3887 743 3956 propter
772 3879 912 3938 beneficia
938 3879 1097 3940 ministerio
1124 3888 1154 3938 et
1178 3879 1311 3955 exemplo

125 3948 224 4014 illorum
247 3958 285 4016 ad
309 3977 363 4017 nos
390 3957 591 4016 redundantia.
635 3957 721 4018 Unde
742 3957 869 4035 rigidum
888 3959 1032 4036 judicium
1053 3959 1168 4018 illorum
1191 3957 1311 4033 probare

126 4045 174 4088 nou
193 4053 351 4113 possumus,
376 4037 426 4114 qui
451 4036 628 4096 Idololatria
648 4057 712 4096 reas
732 4046 875 4114 peragunt
894 4039 959 4097 illas
979 4038 1133 4112 Ecclesiae,
1156 4036 1186 4094 in
1207 4037 1312 4114 quibus

127 4108 207 4173 adhuc
219 4116 280 4176 dies
293 4117 338 4176 illi
352 4124 505 4176 servantur
525 4125 636 4176 retento
653 4116 823 4176 Sanctorum
836 4118 971 4193 nomine;
1001 4137 1065 4176 cnm
1087 4117 1117 4174 in
1131 4115 1262 4175 doctrina
1276 4117 1312 4176 dc

126 4191 198 4320 puina
211 4195 265 4254 Dei
279 4197 360 4256 cultu
374 4195 525 4256 nobiscnm
544 4196 726 4272 conveniant,
748 4205 778 4257 et
790 4195 970 4257 detestentur
984 4196 1200 4258 Pontificiorum
1214 4197 1311 4256 Idolo-

136 4271 233 4333 atrium.

159 4349 226 4411 XV.
247 4352 388 4429 Quamvis
401 4373 472 4413 vero
483 4353 622 4414 Ecclesia
636 4361 743 4414 nostra
756 4355 869 4433 praxim
884 4355 964 4414 illam
978 4354 1146 4434 simpliciter
1159 4371 1218 4411 non
1232 4351 1311 4408 dam-

128 4437 186 4488 nent
198 4439 333 4511 tanquam
347 4433 471 4493 malam:
494 4435 566 4493 Cum
579 4443 676 4495 tamma
690 4435 766 4494 tristi
780 4444 887 4494 eventu
899 4443 997 4513 pateat
1010 4435 1089 4493 illam
1103 4429 1312 4491 institutionem

126 4503 223 4568 dinam
242 4513 381 4573 festorum
403 4513 434 4571 in
459 4513 571 4591 Papatu
592 4535 629 4574 ex
649 4515 791 4592 ιωζηλίςι
811 4514 982 4600 Jndaeorqm
1002 4515 1050 4571 vel
1072 4509 1260 4569 Ethnicorum
1281 4509 1312 4565 in

129 4582 272 4651 &daiam
286 4599 442 4669 receptam,
456 4593 588 4653 horribili
601 4595 772 4653 idololatrias
794 4595 974 4653 occasionem
988 4591 1110 4663 dedisse,
1126 4605 1190 4662 quac
1210 4585 1241 4642 in
1257 4585 1312 4644 Pa·

126 4675 183 4736 Pttu
195 4671 329 4747 perdurat
342 4679 373 4730 et
386 4680 525 4748 augetur:
540 4673 606 4734 Non
620 4673 682 4732 sine
696 4673 836 4749 gravibus
847 4673 942 4731 causis
956 4670 1119 4728 maluerunt
1132 4683 1215 4723 usum
1229 4663 1312 4722 illurn
