3186 5210
118 421 232 472 conss.
248 399 305 484 xn]
539 421 577 462 ne
593 421 760 464 vocrrrour
782 423 819 463 rr
840 424 919 466 rrnn.
1268 417 1326 476 505

120 563 295 639 Doymatum
320 570 349 620 et
368 573 585 638 preceptorum,
611 583 675 639 quae
699 564 808 624 nullam
832 567 969 644 temporis
984 567 1172 629 differentiam
1188 583 1327 650 spectant,

119 644 181 701 siva
196 653 329 719 respectu
343 643 563 702 &omissionum
577 651 606 701 ct
630 643 890 720 Oornmr'nationum,
910 667 975 724 quae
990 647 1062 708 fiunt
1081 651 1136 727 piis
1151 652 1199 710 vel
1212 654 1325 731 impiis;

118 741 183 799 quae
198 723 295 781 omnia
309 722 416 779 cadunt
430 724 484 781 sub
499 724 644 800 objectum
670 723 745 800 fidei,
760 723 828 784 licet
847 725 1040 786 diversimode
1054 749 1106 806 pro
1121 732 1261 809 cujusque
1275 753 1325 792 na-

118 812 184 860 tura
199 811 228 860 ct
242 802 416 859 conditione.

160 881 252 939 XIV.
275 881 357 940 Licet
378 901 447 939 vero
469 882 605 959 primario
619 890 648 940 et
662 901 713 959 par
732 902 762 940 se
776 902 834 940 uon
849 885 907 943 sint
921 885 957 944 de
968 885 1025 945 fide
1039 889 1143 964 onmia,
1156 911 1220 967 quaa
1235 893 1325 952 couti·

118 970 225 1020 nentur
239 961 268 1018 in
280 961 337 1018 Dei
352 961 458 1037 Verbo,
474 971 506 1020 ut
516 962 678 1039 pertineant
692 961 730 1020 ad
743 961 811 1020 fidei
825 963 962 1040 dogmata
976 974 1005 1024 et
1019 967 1163 1044 articulos,
1179 979 1208 1029 et
1222 981 1254 1029 ut
1265 991 1325 1031 om·

117 1042 167 1098 nia
182 1041 232 1098 illa
247 1040 319 1098 scira
335 1041 373 1098 sit
386 1040 422 1098 da
437 1043 607 1100 necessitate
623 1041 741 1115 salutis3
770 1042 879 1102 Tamen
891 1054 935 1102 est
946 1044 981 1102 de
995 1045 1053 1104 fide
1068 1056 1096 1106 et
1111 1050 1212 1108 salutis
1226 1071 1326 1110 neces-

117 1121 203 1178 sitate
218 1118 333 1178 credere
348 1121 444 1178 omnia
457 1128 609 1180 surerenas
624 1121 661 1179 ad
675 1120 883 1196 plenitudinem
897 1125 1070 1200 cognitionis
1086 1127 1223 1188 Ecclesia
1238 1131 1326 1190 fuisse

119 1199 227 1275 scripto
243 1200 420 1276 consignata.

159 1279 232 1337 XV.
259 1281 400 1354 Ohjectum
418 1280 571 1354 proprium
590 1289 620 1337 et
637 1281 791 1358 spaerficum
811 1280 879 1339 fidei
903 1282 1100 1360 justificantis,
1125 1307 1184 1345 non
1205 1309 1263 1366 qua
1282 1300 1327 1350 est

115 1361 206 1416 uirtus
223 1360 396 1434 Theoloyz'ca,
421 1359 475 1417 suh
489 1379 547 1436 quo
561 1369 693 1435 respectu
718 1360 811 1418 solum
825 1369 855 1420 et
868 1371 961 1420 totum
977 1363 1031 1420 Dei
1047 1365 1176 1424 Verbum
1192 1389 1228 1427 ex
1244 1389 1326 1446 aquo

116 1448 150 1497 ut
171 1458 271 1496 verum
291 1448 320 1497 et
345 1438 497 1496 infallibile
520 1439 709 1515 amplectitur,
739 1439 791 1498 sed
804 1459 862 1517 qua
876 1449 920 1499 est
934 1442 1053 1501 conditio
1067 1446 1250 1524 Evaupelr'ca,
1283 1459 1328 1508 est

117 1519 251 1576 doctrina
265 1517 300 1576 de
315 1519 337 1577 J
339 1537 390 1576 esu
405 1517 528 1592 Christo,
541 1529 569 1576 et
584 1519 735 1594 promissio
749 1520 925 1578 remissionis
939 1531 1123 1598 peccatorum
1137 1537 1166 1583 et
1181 1527 1282 1586 salutis
1297 1529 1326 1587 in
1354 1576 1359 1586 .

116 1600 181 1675 ejus
196 1599 356 1674 sanguina;
389 1597 459 1672 Quae
474 1617 525 1674 pro
540 1599 653 1674 objecto
667 1599 802 1675 proponit
822 1601 925 1668 Deum,
940 1621 998 1658 non
1013 1602 1181 1680 simpliciter
1194 1615 1227 1664 ut
1242 1608 1327 1665 Crea-

117 1689 211 1736 torem
227 1688 256 1735 et
271 1678 436 1750 Dominum,
448 1677 499 1736 sed
512 1686 545 1736 ut
560 1677 783 1754 ltedemptorem
808 1687 836 1738 et
861 1680 976 1738 Patrem
991 1681 1022 1738 in
1036 1683 1159 1758 Christo,
1175 1695 1207 1743 ut
1223 1686 1326 1746 Foeda·

116 1769 221 1832 ratum,
238 1766 267 1815 et
281 1766 419 1830 nostrum,
435 1758 485 1834 qui
499 1757 565 1815 vult
577 1777 640 1815 essa
656 1759 736 1816 Deus
751 1767 857 1834 noster,
868 1769 900 1817 ut
911 1761 1033 1818 salutem
1044 1763 1127 1821 noble
1138 1765 1327 1840 impertiatur.

117 1838 219 1914 Atque
233 1837 280 1895 hic
295 1836 441 1895 indivulso
455 1856 533 1894 nexu
545 1837 683 1914 conjungi
695 1837 896 1914 debentDeus,
912 1847 942 1898 et
958 1840 1102 1902 Otrous:
1118 1843 1198 1902 Deus
1208 1853 1240 1903 ut
1249 1865 1325 1904 sum-

116 1936 197 1975 mum
211 1918 328 1991 bonum,
345 1937 402 1993 quo
415 1916 521 1974 beandi
536 1935 643 1991 sumus,
661 1917 791 1975 Christus
806 1927 838 1976 ut
851 1918 977 1976 medinm
992 1921 1108 1979 unicum
1122 1931 1151 1982 et
1165 1923 1326 2000 infallibile,

116 2016 176 2073 quo
190 1995 354 2055 adducendi
365 2016 464 2054 sumus
475 1996 512 2053 ad
528 1997 639 2070 Deum;
655 1995 733 2073 quod
745 1997 876 2056 Christus
891 1997 1010 2057 innuere
1025 2001 1118 2060 voluit
1131 2002 1154 2060 J
1155 2004 1202 2062 oh.
1212 2005 1283 2062 xvii.
1297 2009 1325 2082 a,

116 2096 208 2152 quum
223 2077 313 2134 vitam
328 2083 464 2134 aeternam
478 2075 549 2134 dicit
562 2075 685 2151 positam
707 2095 769 2134 esse
781 2076 811 2133 in
826 2079 999 2154 cognitione,
1015 2079 1055 2138 id.
1066 2081 1132 2156 fide,
1150 2082 1206 2141 Dei
1221 2084 1325 2160 Patris,

116 2163 147 2214 et
169 2155 353 2232 illiusquam
376 2155 454 2213 misit
475 2156 550 2214 Jesu
575 2155 690 2228 Christi,
712 2155 856 2231 nimirum,
882 2159 1020 2233 quianon
1045 2169 1140 2236 potest
1165 2163 1328 2223 salutariter

117 2235 257 2311 cognosci
286 2245 341 2312 aut¹
370 2235 443 2294 adiri
465 2235 552 2293 Pater
583 2235 640 2292 nisi
660 2255 711 2311 per
733 2235 848 2309 Filium,
872 2238 922 2313 qui
943 2247 973 2297 et
994 2239 1110 2298 Patrem
1131 2242 1214 2301 nobis
1235 2244 1326 2302 mani·

116 2313 245 2386 festavit,
269 2324 298 2372 et
319 2316 396 2372 viam
421 2314 459 2372 ad
481 2333 546 2372 eum
571 2314 655 2372 nohis
680 2315 819 2391 sanguine
841 2335 894 2374 suo
908 2319 1030 2394 paravit,
1057 2319 1162 2379 Matth.
1178 2322 1217 2380 xi.
1234 2327 1281 2398 27,
1297 2334 1327 2382 et

117 2394 191 2452 Joh.
206 2392 267 2450 xiv.
283 2397 310 2452 6.

117 2513 161 2557 An
187 2510 302 2557 Christus
327 2516 359 2558 s„
421 2471 513 2531 XVI.
537 2474 631 2547 Quum
646 2482 742 2532 autem
758 2475 853 2533 Deum
867 2484 897 2534 et
911 2475 1057 2536 Christum
1068 2479 1191 2538 dicimus
1201 2501 1263 2540 assa
1275 2484 1327 2541 ob·

148 2571 360 2674 ἷᾚιιιῃκοοῃιξὲἓῑ
378 2553 488 2629 jectum
498 2553 821 2692 fidppfavendpnlryest
832 2556 989 2694 iffimhsfi
1003 2558 1105 2695 methca
1116 2579 1203 2696 srpnsrtr
1215 2562 1326 2699 {ceppi-

148 2687 212 2730 rium
229 2685 303 2732 fideit
381 2651 617 2788 {hinludlhlecluhi
628 2653 711 2786 dili?
720 2714 749 2770 in
756 2655 930 2790 pilirirhridm
941 2724 970 2774 et
978 2657 1325 2790 silduhddriiuiiiliPsitsrdih

116 2811 182 2849 essa
210 2791 355 2868 objectum
383 2791 559 2868 primarium,
589 2791 638 2868 qui
667 2793 705 2850 sit
732 2812 820 2851 causa
847 2793 982 2870 primast
997 2815 1129 2871 suprema
1144 2798 1244 2855 soutis
1259 2818 1324 2856 nos·

115 2881 178 2944 trae,
210 2871 316 2929 Filium
341 2891 411 2930 vero
436 2870 580 2948 objectum
606 2872 815 2946 secundarium,
842 2873 892 2949 qui
906 2872 943 2930 sit
965 2882 1076 2932 tantum
1092 2895 1180 2933 causa
1200 2878 1326 2935 secunda

116 2951 288 3008 intermedia
315 2969 349 3008 ac
377 2950 603 3009 instrumentalis
641 2951 743 3009 salutis
777 2961 900 3025 nostrae;
927 2952 1028 3010 Fidem
1059 2953 1089 3010 in
1126 2954 1239 3014 Patrem
1269 2965 1325 3014 ter-

115 3029 221 3087 minari
236 3030 264 3087 in
279 3031 342 3107 ipso
354 3039 490 3107 tanquam
505 3030 535 3087 in
556 3030 669 3106 objecto
684 3031 794 3104 ultimo,
811 3031 862 3089 sed
876 3030 962 3089 fidem
987 3033 1017 3090 in
1035 3033 1180 3092 Christum
1195 3055 1252 3093 non
1267 3045 1323 3094 ter·

114 3109 219 3167 minari
235 3109 264 3167 in
279 3111 351 3186 ipso,
368 3109 419 3168 scd
432 3130 484 3186 por
498 3110 591 3185 ipsum
606 3109 692 3186 dirigi
716 3110 747 3168 in
768 3112 871 3184 Deum,
886 3119 916 3167 at
930 3111 959 3168 in
973 3113 1028 3169 hoc
1043 3111 1158 3170 demum
1173 3115 1323 3191 conquies-

114 3208 200 3262 cere;
224 3190 311 3248 Illum
336 3209 399 3248 esse
424 3190 533 3248 cultum
556 3189 687 3246 divinum
713 3209 885 3266 supremum,
902 3190 956 3248 soli
971 3192 1034 3249 Deo
1049 3193 1203 3269 proprium,
1231 3195 1324 3253 Istum

115 3268 227 3328 cultum
242 3268 373 3327 divinum
388 3269 593 3343 subalternum,
606 3269 771 3344 mediatum,
787 3290 825 3328 ex
840 3269 932 3346 gratia
946 3271 1123 3330 attributum.
1168 3273 1216 3331 Sic
1230 3274 1323 3351 loqui-

115 3358 165 3407 tur
190 3349 312 3407 Socinus
326 3358 426 3408 contra
442 3345 579 3424 Viekum,
596 3368 657 3424 cap.
679 3354 707 3423 4,
725 3349 840 3408 Catech.
854 3349 967 3409 Rakov.
983 3350 1020 3408 de
1036 3351 1162 3409 Persona
1172 3353 1287 3428 Christi,
1298 3377 1323 3414 c.

116 3429 136 3485 i.
175 3429 236 3487 ,90
251 3439 280 3488 et
295 3431 342 3487 91.

153 3447 265 3566 tiIVII.
288 3508 349 3566 Nos
363 3528 432 3566 vero
448 3508 594 3567 Christum
608 3508 723 3583 quidem
739 3529 756 3567 a
778 3510 863 3567 Patre
878 3508 1112 3586 distinguendum
1129 3533 1279 3574 censemus
1292 3516 1323 3574 in

113 3587 172 3646 fide
196 3591 317 3666 ejusque
337 3589 451 3665 objecto
472 3587 612 3662 bilariam,
638 3597 698 3646 tum
715 3589 849 3664 Persona,
870 3609 928 3665 qua
946 3590 983 3646 ab
998 3600 1104 3650 aetcrno
1119 3594 1234 3668 genitus
1248 3603 1292 3654 est
1306 3617 1324 3654 a

115 3668 211 3742 Patre,
227 3679 288 3727 tum
305 3668 413 3743 Officio,
429 3687 487 3745 quo
502 3667 594 3725 sactus
616 3675 661 3726 est
681 3668 825 3726 Mediator
839 3670 913 3727 inter
929 3669 1023 3727 Deum
1037 3680 1066 3730 at
1079 3672 1220 3733 homines.
1264 3675 1322 3734 Sed

114 3755 148 3804 ut
168 3767 222 3805 nec
237 3746 307 3806 ordo
322 3747 497 3806 subsistendi
513 3747 542 3805 in
558 3747 693 3805 Personis
708 3748 823 3822 divinis,
838 3769 892 3808 nec
907 3749 1039 3809 Officium
1054 3752 1131 3827 quod
1146 3753 1228 3828 gerit,
1245 3754 1320 3830 ipsa-

116 3843 180 3881 rum
205 3827 280 3885 intcr
302 3847 332 3885 se
358 3828 548 3886 Personarum
563 3827 756 3904 aequalitatem
769 3827 872 3902 abolet,
889 3836 988 3904 utpote
1002 3849 1067 3906 quae
1081 3841 1198 3888 manent
1209 3853 1321 3908 semper

116 3901 192 3960 intcr
215 3924 245 3961 se
268 3913 390 3980 epauleum
414 3906 522 3966 Itanec
542 3907 739 3983 disparitatem
765 3907 827 3965 sive
850 3907 965 3983 objecti,
982 3909 1044 3966 sive
1067 3910 1162 3967 cultus
1180 3910 1317 3986 religiosi,

116 3981 193 4039 circa
206 3981 279 4040 illud
290 3982 424 4043 inducere
433 3987 604 4060 statuimus3
618 3994 649 4045 ut
663 3986 704 4044 ita
718 4006 776 4045 una
791 3987 828 4045 sit
842 3987 922 4060 fides,
933 4007 991 4062 qua
1004 3988 1034 4043 in
1050 3987 1142 4044 Deum
1161 3987 1274 4046 Patrem
1289 3998 1319 4048 et

115 4061 146 4118 iu
163 4060 258 4119 Deum
270 4062 376 4120 Filium
391 4073 528 4138 streugam
542 4065 675 4140 creditur,
689 4086 746 4124 una
760 4065 866 4124 fiducia
887 4085 951 4141 quae
963 4066 992 4122 in
1007 4073 1128 4141 utroque
1143 4065 1316 4144 collocatur;

116 4161 174 4199 non
187 4141 311 4215 diversa,
335 4161 392 4199 una
407 4163 546 4220 suprema,
563 4146 653 4204 altera
667 4145 837 4204 intermedia
851 4153 1005 4203 attentum
1020 4144 1195 4202 subalterna.

157 4220 283 4279 XVIII.
307 4221 445 4280 Rationes
470 4234 544 4300 sunt,
569 4229 595 4283 1.
618 4225 692 4299 Quia
717 4225 848 4284 Christus
872 4233 917 4284 est
938 4243 1024 4281 verus
1050 4232 1078 4283 et
1104 4232 1227 4282 aetemus
1252 4246 1317 4285 cum

115 4301 202 4360 Patra
218 4301 307 4377 Deus,
323 4309 355 4359 ut
367 4319 418 4359 suo
431 4303 496 4360 loeo
508 4304 569 4362 fuse
580 4303 816 4364 demonstratum.
858 4308 886 4362 2.
909 4303 982 4376 Quia
997 4303 1147 4379 aequalitas
1161 4303 1277 4363 honoris
1289 4317 1318 4366 et

115 4383 212 4441 cultus
226 4381 270 4439 illi
293 4399 358 4440 curn
382 4381 467 4440 Patre
490 4384 633 4459 tribuitur,
649 4385 719 4444 Joh.
735 4404 763 4440 v.
779 4387 826 4456 23,
841 4386 858 4416 “
868 4382 975 4442 Omnes
989 4383 1130 4441 honorare
1145 4383 1251 4442 debent
1267 4385 1315 4444 Fi·

111 4463 184 4521 lium
200 4469 272 4522 saras
287 4461 362 4520 sicut
377 4461 521 4535 Patrem,''
537 4463 576 4522 id.
592 4464 695 4539 aequali
711 4464 799 4536 cultu,
815 4463 883 4540 quia
905 4462 1043 4538 aequalem
1059 4483 1089 4521 se
1104 4462 1228 4522 faciebat
1242 4465 1314 4541 Deo,

112 4562 173 4601 ver.
192 4544 238 4614 18,
254 4541 383 4601 attalem
400 4561 430 4600 se
445 4541 587 4619 Operibus
611 4541 835 4617 demonstrabat,
864 4563 924 4600 ver.
942 4544 987 4616 19,
1014 4546 1062 4600 21.
1106 4543 1154 4601 Sic
1168 4543 1238 4602 Joh.
1254 4545 1315 4605 xiv.

114 4626 140 4696 l,
165 4621 320 4681 “Creditis
343 4621 373 4679 in
389 4622 492 4696 Deum,
508 4622 595 4682 etiam
609 4622 639 4680 in
653 4643 699 4681 me
714 4621 852 4698 credite,''
867 4643 903 4680 ne
918 4623 1029 4681 scilicet
1043 4642 1092 4681 cor
1105 4633 1233 4682 vestrum
1256 4633 1310 4685 tur·

110 4704 203 4762 betur.
247 4701 323 4777 Quid
337 4702 402 4762 ita?
421 4703 490 4781 quia
504 4723 567 4762 sum
582 4723 657 4762 unus
671 4723 735 4761 curn
753 4701 837 4760 Patre
864 4703 952 4762 Deus.
996 4703 1117 4762 sienim
1132 4723 1189 4761 non
1205 4706 1315 4782 fuisset,
