3192 5206
108 335 226 385 numer.
243 315 311 397 viu]
526 337 565 376 na
581 335 698 377 orricio
712 335 1035 376 cunrsrruunmromo.
1268 315 1324 374 351

113 475 251 536 adducat.
295 475 381 537 Unde
392 476 477 537 datus
504 477 610 536 dicitur
636 478 667 536 in
695 479 801 536 Foedus
833 477 942 554 populi,
958 485 986 534 et
997 477 1106 534 Lumen
1133 474 1272 548 Gentium,
1288 477 1330 532 od

113 559 301 633 aperiendum
315 559 408 616 oculos
422 578 565 632 coecoruns,
582 555 645 630 aa,
661 557 740 635 quod
754 556 938 616 confirmatur
960 576 1023 633 cap.
1037 555 1110 612 xlix.
1128 558 1174 628 12,
1191 553 1242 612 sed
1255 573 1327 630 prm·

115 638 201 713 cipue
217 657 278 714 cap.
291 637 343 694 lxi.
356 641 381 712 1,
395 641 422 712 2,
438 637 489 697 ubi
499 637 620 714 loquens
632 637 831 712 introducitur,
844 638 861 669 “
873 637 996 712 Spin'tua
1005 635 1123 696 Domini
1132 643 1172 693 ast
1181 653 1266 710 snper
1276 653 1327 709 noe,

114 717 180 774 ideo
203 719 286 775 unnit
306 737 349 775 me
373 717 512 776 Dominus
539 719 581 775 nd
599 717 846 794 evangelisantium
869 715 1048 790 mansuetis,”
1063 713 1142 790 quod
1156 712 1269 790 impleri
1297 713 1327 771 in

114 797 214 873 seipso
228 797 321 871 docet,
334 797 405 856 Luc.
420 797 460 855 iv.
503 797 547 854 Eo
562 797 705 873 pertinent
725 797 820 874 elogia
843 796 958 867 Christi,
983 815 1071 872 quum
1085 793 1191 852 dicitur
1203 795 1327 870 Anpelua

115 877 254 951 Fadana,
271 876 342 934 Mel.
357 876 398 935 iii.
415 880 440 953 1,
465 875 659 953 Consiliorum,
684 877 741 936 Isa
756 877 797 934 ix.
827 879 854 951 5,
876 876 1025 951 Sapientia
1042 883 1149 934 aeterna
1168 893 1232 950 quae
1242 883 1328 934 vocat

114 955 257 1031 homines,
275 955 362 1014 Prov.
377 955 417 1014 ix.
435 959 460 1031 l,
483 955 562 1027 Δι’γις
577 977 628 1034 per
641 977 727 1034 quem
744 957 823 1016 Deus
837 975 890 1015 nos
908 955 1072 1032 alloquitur,
1089 953 1166 1012 Heb.
1182 953 1200 1012 i.
1218 956 1243 1029 1,
1259 957 1326 1013 Mo·

108 1035 201 1110 ⁸nister
212 1044 239 1094 et
251 1037 369 1110 Ductor,
386 1036 491 1096 Mutth.
507 1036 599 1110 xxiii,
615 1037 665 1112 qui
679 1036 758 1094 solus
773 1044 817 1095 est
831 1035 1000 1110 audiendus,
1017 1034 1122 1092 Matth.
1134 1034 1205 1091 xvii.
1218 1038 1245 1108 5,
1261 1054 1326 1112 quae

113 1115 261 1173 sententia
274 1115 316 1173 ita
329 1115 492 1174 invaluerat
505 1114 583 1192 apud
597 1117 617 1175 J
620 1115 726 1191 udaeos,
743 1125 776 1174 ut
789 1116 826 1173 ad
850 1115 1045 1174 Samaritanus
1070 1114 1157 1174 etiam
1171 1114 1325 1190 transierit,

115 1195 135 1224 ‘⁴
147 1195 411 1269 Mesammones
423 1215 473 1254 nos
498 1196 603 1255 docebit
623 1196 747 1271 omnia,'’
767 1195 837 1255 Joh.
849 1195 889 1270 iv.
918 1197 965 1252 25.
992 1193 1053 1254 Nec
1065 1193 1090 1252 si
1112 1191 1244 1252 Christus
1255 1193 1325 1254 Joh.

112 1271 133 1330 i.
147 1276 194 1348 21,
210 1295 228 1332 a
243 1273 388 1352 Propheta
402 1275 597 1352 distinguitur,
613 1284 764 1353 propterea
780 1273 955 1352 Prophetam
969 1293 1033 1332 esso
1056 1273 1223 1350 simpliciter
1237 1293 1324 1351 nega·

113 1361 171 1427 tur,
187 1353 239 1412 sed
252 1354 407 1431 plusquam
422 1355 596 1432 Prophetam
611 1375 673 1414 esse
688 1354 857 1414 ostenditur.
900 1354 966 1412 Nou
980 1362 1103 1431 negatur
1116 1353 1247 1412 absolute
1262 1375 1325 1414 esse

118 1431 303 1510 Prophetam,
319 1434 372 1493 sed
385 1454 448 1494 esse
471 1440 510 1493 rh
535 1437 668 1516 Πςιφιίηι,
695 1433 870 1512 Prophetam
885 1434 946 1492 scil.
969 1433 1052 1492 illum
1077 1433 1223 1508 eximium,
1240 1454 1325 1510 quem

114 1511 138 1570 J
140 1513 216 1571 udsei
230 1513 376 1572 Christum
391 1523 605 1574 antecessurum
619 1515 769 1593 putabant,
785 1514 833 1572 vel
847 1533 936 1572 unum
961 1534 999 1572 ex
1014 1511 1175 1590 Prophetis,
1192 1533 1265 1590 quos
1280 1534 1324 1572 nr·

113 1591 297 1652 bitrabautur
310 1593 341 1651 in
354 1593 483 1654 adventu
498 1595 614 1653 hleesiae
628 1593 851 1653 resuscitandos.

418 1673 456 1731 V.
478 1676 597 1733 Natura
607 1675 684 1732 istim
695 1670 864 1750 Prophetae,
875 1671 905 1730 iu
920 1671 1033 1732 duobus
1046 1671 1227 1748 potissimum
1243 1691 1324 1750 spec·

115 1747 215 1795 Natura
252 1753 356 1822 attenu-
376 1752 464 1812 tanda
480 1762 543 1813 est:
565 1758 592 1812 l.
608 1754 644 1811 In
658 1753 778 1812 materia
793 1751 930 1810 doctrina
944 1750 1124 1828 praedicatae3
1146 1755 1174 1808 2.
1191 1751 1227 1808 In
1240 1755 1324 1810 modo

148 1809 356 1921 {22:235}ss
376 1833 598 1908 praedicationis.
640 1833 769 1891 Matem'o
782 1831 820 1890 ad
845 1831 899 1891 tria
921 1830 1015 1908 capita
1037 1829 1166 1905 refertur,
1183 1830 1220 1888 ad
1234 1831 1325 1908 Legis

149 1925 188 1969 val
228 1927 253 1968 ιιι
284 1927 354 1972 modo
375 1912 593 1989 expositionem,
620 1913 778 1989 Evangelii
806 1910 1076 1988 promulgationem,
1107 1918 1136 1969 et
1163 1909 1323 1970 futurorum

149 1983 337 2038 praeteritionis.
377 1989 607 2052 Praedictionem.
652 1992 693 2050 Ut
715 1991 791 2050 enirn
805 2010 910 2049 munus
925 1989 1134 2067 Prophetarum
1154 1988 1246 2048 tribus
1260 1992 1324 2050 istie

375 2071 507 2148 partibus
529 2071 710 2149 potissimum
734 2069 947 2144 absolvebatur,
975 2068 1064 2146 Legis
1089 2069 1281 2146 explicatione
1295 2079 1325 2129 et

115 2146 317 2226 applicatione,
334 2147 562 2210 Promissionum
576 2150 676 2228 gratia
697 2149 897 2225 inculcatione,
921 2159 950 2230 et
960 2148 1121 2208 futurorum
1143 2168 1208 2226 ques
1222 2149 1325 2227 ipsisa

116 2229 181 2286 Deo
205 2227 409 2290 revelabantur
424 2230 634 2307 Praediotione3
658 2231 705 2289 Ita
726 2229 858 2289 Ohristus
868 2228 1075 2306 perfectissime
1089 2229 1145 2288 tria
1159 2229 1215 2287 ista
1223 2229 1323 2306 implo-

116 2309 169 2382 vit,
186 2307 295 2384 Legem
306 2328 344 2366 ex
370 2317 466 2370 mente
495 2311 537 2370 Le
560 2310 684 2370 ‘alatoris
708 2309 858 2368 verissime
882 2306 1105 2385 interpretando,
1130 2308 1324 2386 Evangelium

116 2386 310 2464 praedicando,
322 2397 352 2448 et
362 2389 457 2448 futura
468 2410 532 2469 qum
552 2390 685 2450 sciebant
694 2388 731 2448 ad
742 2387 881 2448 Ecclesia
890 2387 1116 2446 consolationem
1126 2387 1323 2447 Praedicendo.

419 2470 475 2529 VI.
498 2469 596 2528 Prima
609 2489 676 2547 pars
690 2468 776 2528 officii
795 2467 960 2546 Prophetici
974 2467 1091 2544 respicit
1112 2468 1197 2544 Lapis
1221 2470 1324 2527 doctri·

118 2545 139 2592 1·
147 2547 231 2618 Prinas
238 2546 360 2618 rarsrra
380 2569 456 2624 oona,
471 2550 501 2608 iu
515 2570 573 2627 qua
587 2548 759 2627 explicanda
773 2557 802 2608 et
815 2547 987 2607 inculcanda
1001 2567 1116 2624 operam
1128 2567 1209 2606 suam
1218 2548 1324 2625 posuit,

146 2605 357 2710 {lelfflmlflffi
379 2637 440 2690 tum
455 2639 487 2688 ut
500 2629 587 2688 homo
611 2628 787 2707 impotentiae
812 2648 871 2687 suae
896 2627 1046 2686 convictus
1065 2624 1103 2686 ad
1118 2627 1265 2686 Christum
1288 2648 1322 2687 eo

179 2677 195 2721 p
321 2697 327 2717 ’
379 2709 526 2768 ardentius
543 2709 719 2786 confugeret,
734 2716 767 2767 ut
777 2707 815 2768 ad
828 2727 938 2766 sacram
960 2707 1122 2780 anchoram,
1138 2706 1189 2765 ubi
1202 2726 1220 2763 a
1235 2707 1323 2783 Legis

118 2787 287 2848 fulminibus
308 2797 337 2847 et
357 2789 558 2848 maledictione
572 2796 653 2848 tutus
666 2807 730 2848 esse
752 2796 858 2864 posset,
885 2795 945 2845 tum
959 2794 992 2844 ut
1006 2806 1023 2843 a
1037 2784 1198 2844 falsissimis
1224 2786 1323 2844 Phari-

118 2888 240 2927 saeorum
255 2868 300 2927 sui
314 2869 451 2946 temporis
464 2868 748 2946 interpretationibus
769 2876 798 2927 et
812 2867 917 2944 glossis
931 2885 994 2924 eam
1005 2863 1174 2940 vindicaret,
1197 2873 1227 2924 et
1241 2883 1324 2923 suum

118 2948 175 3024 ipsi
189 2968 305 3007 sensum
320 2969 337 3007 a
353 2949 415 3007 Deo
430 2948 610 3025 Legislatore
624 2948 766 3006 intentum
791 2947 971 3020 restitueret;
995 2943 1171 3020 spiritualem
1194 2953 1223 3002 et
1237 2945 1324 3004 inter-

121 3047 187 3086 nam
201 3027 296 3087 cordis
319 3027 520 3104 obedientiam,
546 3047 633 3106 quam
648 3027 712 3086 Lex
734 3025 891 3104 spiritualis
906 3024 1050 3100 exigebat,
1076 3022 1256 3098 inculcando,
1280 3044 1324 3082 re·

117 3107 196 3183 jecta
209 3108 456 3184 externajustitia,
473 3127 559 3184 quam
571 3105 711 3166 Pharisaei
722 3105 851 3166 sufficere
860 3103 1080 3176 arbitrabantur,
1092 3102 1196 3161 Matth.
1212 3122 1274 3180 cap.
1284 3123 1323 3178 v.,

122 3189 161 3244 vi.
176 3187 241 3264 vii.;
253 3187 362 3264 Legem
373 3187 599 3247 caeremonialem
610 3187 721 3262 morali,
734 3195 763 3245 et
773 3186 882 3245 cultum
893 3183 972 3241 illius
980 3181 1067 3258 hujus
1076 3181 1175 3256 cultui,
1188 3191 1325 3258 tanquam

121 3267 232 3342 potiori,
245 3267 434 3346 subjiciendo,
446 3267 550 3326 Matth.
565 3266 616 3326 xii.
634 3270 659 3342 l,
675 3275 776 3343 etseq.
788 3287 795 3340 ;
810 3273 841 3323 et
854 3263 1035 3322 Traditiones
1046 3261 1206 3338 Seniorum,
1219 3271 1251 3322 ut
1262 3262 1325 3321 inu·

120 3345 185 3404 tiles
199 3355 228 3404 et
242 3367 346 3406 exosas
362 3349 433 3422 Deo,
449 3346 614 3424 rejiciendo,
631 3347 737 3405 Matth.
753 3365 803 3403 xv.
819 3347 846 3418 3,
862 3352 892 3402 et
907 3363 932 3402 c.
947 3341 1030 3400 xxiii.

163 3425 236 3484 VII.
261 3429 311 3484 An
325 3447 394 3486 vero
410 3427 542 3486 Christus
556 3427 586 3484 in
599 3427 654 3485 hac
669 3426 758 3503 Legis
772 3422 975 3502 praedicatione
986 3422 1123 3480 Veterem
1138 3421 1247 3498 Legem
1262 3429 1326 3480 tan-

120 3525 206 3583 quam
229 3506 424 3584 imperfectam
449 3506 614 3581 correxerit,
638 3515 667 3565 at
688 3505 773 3564 novis
792 3503 944 3582 praeceptis
958 3501 1081 3576 auxerit,
1107 3509 1140 3559 ut
1152 3500 1327 3578 pertendunt

121 3587 268 3645 Sociuiani
282 3595 311 3646 et
326 3585 479 3661 Pontifioii,
509 3605 595 3663 supra
608 3586 786 3664 disputatum
801 3584 863 3659 fuit,
880 3583 958 3642 Loco
987 3581 1047 3640 XI.
1063 3581 1099 3639 de
1114 3581 1202 3658 Lege,
1219 3581 1253 3656 Q.
1270 3581 1325 3640 IV.

120 3675 149 3725 et
164 3667 202 3726 V.
227 3685 300 3744 quas
315 3666 440 3726 consule.

121 3785 160 3830 An
176 3785 292 3830 cm„
307 3798 361 3842 pos-
421 3744 515 3805 VIII.
537 3744 587 3803 Ad
601 3744 798 3822 questionem,
815 3762 879 3820 quaa
893 3741 941 3800 hic
951 3741 1062 3800 moveri
1073 3740 1155 3816 solet,
1168 3741 1214 3799 An
1230 3741 1326 3800 Chris·

150 3845 255 3944 tuit
276 3843 360 3900 Μ’
381 3823 924 3964 ttrtth‘fttfflttttttl
953 3819 1325 3960 ,letttttttrtttt

122 3983 195 4060 gice,
211 3991 352 4059 quatenus
367 3992 410 4042 est
420 3985 509 4060 Alpa,
521 3924 641 4044 ethlom
655 3925 734 4042 Delus
748 4003 814 4042 cum
829 3983 914 4042 Patre
925 3946 958 4040 'et
971 3981 1081 4057 Spiritu
1093 3980 1207 4051 Sancto,
1219 3976 1267 4034 vel
1281 3997 1325 4034 re·

122 4065 178 4122 late
191 4082 226 4120 ao
240 4064 408 4139 oeconomice,
423 4074 565 4142 quatenus
579 4073 623 4123 est
632 4063 793 4143 θιιίιιςιπις,
809 4072 838 4122 et
863 4061 1006 4120 Mediator
1020 4059 1095 4117 inter
1109 4059 1205 4115 Deum
1225 4063 1254 4114 et
1274 4055 1326 4113 ho-

123 4143 224 4200 mines.
267 4142 360 4200 Priori
387 4153 518 4221 respectu
543 4153 587 4204 est
610 4164 686 4202 unus
712 4143 762 4202 ille
788 4142 958 4221 Legislator,
974 4139 1025 4216 qui
1048 4144 1143 4216 potest
1168 4154 1283 4192 servare
1297 4143 1327 4192 et

121 4221 251 4301 perdere,
271 4220 337 4281 Jac.
361 4221 399 4280 iv.
415 4226 462 4282 12.
495 4224 660 4299 Posteriori,
677 4243 730 4282 nec
743 4222 856 4301 proprie
870 4229 916 4280 est
930 4218 1101 4296 Legislator,
1113 4213 1325 4305 utMosesfuit,

121 4302 190 4379 quia
205 4301 292 4377 Mosi,
308 4301 426 4378 ejusque
450 4304 521 4382 Legi
536 4305 697 4382 opponitur,
713 4312 745 4362 ut
760 4303 876 4377 Gratiae,
892 4308 922 4358 et
940 4297 1080 4358 Veritatis
1094 4295 1205 4368 author,
1221 4293 1290 4352 Joh.
1307 4313 1325 4351 1.

124 4386 170 4458 17,
200 4401 254 4440 neo
278 4380 481 4458 principaliter,
505 4383 572 4460 quia
595 4385 771 4461 praecipuum
795 4383 859 4458 ejus
873 4377 996 4438 officium
1021 4376 1084 4452 tuit,
1099 4375 1228 4434 revelare
1242 4371 1327 4430 nobis

121 4462 292 4540 mysterium
309 4460 470 4537 Evangelii.
492 4462 573 4521 Nihil
587 4462 683 4522 obstat
695 4472 792 4522 tamen
806 4481 872 4520 eum
891 4458 948 4517 dici
963 4457 1171 4536 Legislatorem
1187 4451 1325 4512 secunda·

122 4543 164 4601 rio
189 4551 218 4602 et
237 4541 334 4600 minus
348 4540 549 4619 principaliter,
565 4551 626 4602 tum
647 4545 716 4620 quin
728 4541 783 4600 tuit
797 4547 970 4600 restaurator
984 4547 1014 4598 et
1027 4537 1136 4596 vindex
1151 4533 1248 4610 Legis,
1264 4539 1326 4589 tum

121 4623 187 4700 quia
205 4623 270 4682 Rex
285 4628 330 4680 est
344 4629 374 4678 et
388 4619 480 4700 Caput
491 4621 628 4682 Ecclesia
643 4643 710 4697 susa,
726 4622 839 4699 Regum
853 4627 949 4679 autem
960 4627 1004 4678 est
1013 4619 1093 4696 loges
1104 4615 1236 4690 condere,
1248 4611 1325 4670 unde
