3152 5198
154 431 269 480 Quasr.
285 415 333 494 m]
584 433 622 474 ns
638 431 918 474 ssucrrrrcsrrons.
1302 405 1361 467 615

152 573 242 632 tionis
255 572 413 647 sophistice
422 571 568 648 proponit,
578 572 629 631 lib.
641 572 679 628 iv.
692 573 729 628 de
740 570 760 628 J
763 572 899 630 ustificat.
919 587 982 644 cop.
996 568 1042 638 10,
1063 585 1158 643 quum
1171 564 1242 623 dicit
1256 563 1359 640 quaeri,

152 659 172 686 “
186 651 298 709 Utrum
312 651 448 708 homines
466 651 631 725 justificati,
646 657 676 707 et
689 651 787 723 gratia
801 650 858 706 Dei
871 649 1043 722 adjuvante,
1057 645 1171 721 possint
1184 645 1226 700 ita
1247 643 1359 716 Legem

152 728 285 804 implere,
301 735 336 785 ut
350 745 439 803 opera
450 729 583 803 ipsorum
603 745 664 784 non
686 728 776 784 modo
797 745 858 784 non
881 727 941 783 sint
964 724 1144 799 appellanda
1164 729 1292 798 peceato,
1307 721 1359 777 sed

153 807 245 863 etiam
258 824 326 862 vere
340 813 370 862 et
383 807 501 881 proprie
521 805 597 879 justi
617 805 676 862 dici
688 806 887 862 mereantur‚’'
930 803 970 860 Et
994 800 1194 860 calumniatur
1217 798 1357 867 Nostros,

154 883 239 957 qnasi
253 885 400 953 docerent,
417 884 558 958 “Legem
572 883 705 940 divinam
719 899 780 940 esse
800 882 889 956 plane
908 879 1119 954 impossibilem
1139 876 1255 933 homini
1268 875 1359 934 etiam

147 961 262 1035 justo,''
277 967 306 1018 et
319 961 389 1018 inde
404 967 421 995 “
431 963 579 1036 colligere,
595 961 708 1017 nullam
720 977 783 1017 esse
793 960 824 1016 in
835 959 921 1016 nobis
930 975 1031 1014 veram
1041 956 1189 1013 actualem
1197 954 1358 1028 justitium,

154 1040 206 1095 sed
221 1038 321 1096 omnia
335 1057 425 1112 opera
433 1041 585 1114 justorum
599 1055 661 1095 esse
681 1045 801 1110 peccata
814 1035 953 1093 mortalia
965 1053 1001 1091 ex
1015 1039 1124 1092 natura
1137 1034 1219 1090 sua”
1262 1030 1358 1088 Aliud

152 1115 231 1173 enim
245 1122 290 1173 est
302 1117 393 1190 longe
406 1117 504 1174 dicere
519 1117 630 1189 Legem
643 1132 704 1172 esse
718 1114 833 1171 homini
842 1115 931 1188 plane
941 1111 1161 1188 impossibilem,
1172 1110 1253 1184 quod
1265 1108 1359 1165 omni-

153 1195 275 1251 modam
288 1193 553 1267 impossibilitatem
568 1199 671 1262 notat;
693 1191 789 1248 Aliud
804 1193 923 1248 fidelem
936 1209 997 1246 non
1019 1207 1103 1263 posse
1124 1188 1211 1264 plene
1234 1187 1358 1260 implere

154 1269 275 1344 Legem,
289 1273 372 1344 quod
386 1272 511 1330 relatum
532 1278 650 1328 tantum
664 1277 694 1327 et
716 1269 879 1327 secundum
894 1267 967 1343 quid
991 1266 1097 1323 innuit.
1139 1265 1212 1322 Non
1233 1264 1359 1321 dicimus

154 1347 268 1422 Legem
288 1349 426 1406 fidelibus
451 1368 512 1407 esse
535 1349 670 1405 absolute
691 1346 912 1422 impossibilem,
927 1346 979 1402 sed
1001 1349 1119 1400 tantum
1143 1344 1243 1417 quoad
1269 1342 1357 1416 Legis

154 1434 275 1500 rugitu-v.
318 1425 415 1483 Aliud
428 1428 545 1485 nullam
559 1444 620 1483 esse
633 1424 665 1481 in
679 1425 765 1482 nobis
778 1424 926 1481 actualem
944 1419 1101 1497 justitiam,
1117 1428 1147 1476 et
1166 1421 1248 1477 bona
1269 1437 1360 1494 opera

154 1513 256 1562 nostra
269 1522 306 1562 ex
319 1510 428 1562 natura
441 1523 496 1562 sua
508 1523 570 1563 esse
590 1509 712 1579 peccata
735 1501 882 1570 mortalia,
907 1499 988 1576 quod
1008 1497 1094 1554 nobis
1117 1497 1193 1554 falso
1214 1497 1362 1570 affigunt;

156 1582 252 1640 Aliud
266 1590 310 1641 est
318 1581 469 1655 justitiam
482 1583 568 1640 istam
582 1600 642 1638 non
657 1599 719 1638 csse
732 1579 900 1654 perfectam,
911 1583 941 1634 et
954 1578 1034 1634 bona
1047 1593 1146 1650 opera,
1156 1575 1226 1631 licet
1239 1581 1360 1648 peecata

153 1661 213 1716 sint
226 1678 278 1734 per
292 1659 427 1718 accidens
441 1661 480 1717 ob
492 1660 634 1734 reliquias
648 1657 744 1716 carnis
765 1656 851 1714 nobis
875 1656 1061 1725 inhaerentes,
1074 1671 1137 1712 esse
1162 1659 1261 1711 tamen
1283 1651 1314 1708 in
1328 1669 1358 1708 se

154 1755 223 1794 vore
237 1739 335 1809 bona;
362 1737 453 1806 Quod
467 1738 633 1795 statuimus.
1019 1759 1027 1774 ·

195 1814 253 1873 IX.
277 1815 389 1874 Concil.
405 1815 536 1873 Trident.
553 1815 628 1874 Sess.
646 1816 691 1888 16,
705 1815 777 1874 Can.
793 1815 839 1886 18,
854 1816 982 1873 latebras
996 1813 1103 1889 quaerit
1116 1813 1147 1870 in
1161 1811 1258 1868 verbis
1271 1827 1359 1886 gene-

154 1893 276 1964 ralibus,
292 1911 386 1968 quum
400 1893 450 1964 ait,
467 1900 484 1927 “
497 1892 528 1951 Si
542 1893 609 1968 quis
618 1894 730 1951 dixerit
743 1893 799 1951 Dei
819 1901 966 1969 praecepta
978 1891 1093 1949 homini
1109 1890 1282 1966 Justificato,
1303 1889 1359 1945 sub

152 1971 250 2044 gratia
263 1973 434 2041 constituto,
449 1989 511 2028 esse
525 1972 564 2029 ad
578 1973 796 2030 observandum
809 1971 1011 2046 impossibilia,
1029 1970 1201 2028 Anathema
1210 1967 1277 2025 sit.''
1319 1965 1360 2023 Et

153 2065 191 2104 no
201 2049 267 2122 quis
277 2049 437 2123 perfectam
449 2049 586 2106 omnibus
600 2050 731 2107 numeris
747 2048 983 2106 observationem
996 2045 1161 2119 intelligat;
1178 2045 1249 2104 Can.
1265 2042 1358 2117 xxiii,

155 2131 172 2158 ‘⁴
185 2127 380 2185 Anathema”
396 2127 468 2184 dicit
485 2135 503 2160 “
512 2127 556 2198 iis,
571 2127 624 2201 qui
632 2129 739 2184 docent
752 2127 904 2184 hominem
917 2126 1010 2182 semel
1018 2125 1216 2198 justificatum
1229 2140 1314 2197 posse
1327 2123 1358 2178 in

154 2207 219 2260 tota
235 2204 294 2261 vita
308 2204 408 2261 omnia
426 2211 546 2278 peccata
560 2205 649 2261 etiam
664 2204 793 2262 venialia
806 2204 909 2274 vitare,
924 2203 1031 2259 nisiex
1052 2201 1169 2276 speciali
1191 2200 1248 2258 Dei
1269 2199 1359 2274 privi-

154 2280 265 2354 legio.’'
307 2281 369 2340 Ubi
393 2299 552 2355 agnoscere
577 2283 699 2357 quidem
713 2281 831 2338 videtur
854 2280 1065 2355 perfectionem
1079 2279 1282 2336 omnimodam
1296 2295 1358 2334 non

154 2375 240 2431 posse
254 2357 344 2414 tribui
358 2360 440 2416 fideli
454 2360 509 2417 nisi
524 2377 560 2416 ex
574 2360 693 2434 speciali
707 2359 871 2434 privilegio,
887 2359 969 2434 quod
983 2375 1044 2412 non
1058 2357 1223 2414 diffitentur
1243 2355 1359 2430 Staple-

155 2441 253 2504 tonus,
270 2435 451 2508 Andradius,
466 2437 627 2512 Tapperus,
639 2444 669 2495 et
688 2436 749 2494 alii.
791 2437 850 2494 Sed
865 2437 946 2512 quod
961 2453 1023 2491 una
1043 2452 1135 2491 manu
1149 2433 1290 2490 videntur
1310 2433 1360 2489 isti

155 2513 225 2568 dare
234 2513 264 2568 vi
275 2514 405 2571 veritatis
416 2517 517 2590 pressi,
529 2517 622 2572 altera
632 2515 731 2573 statim
745 2513 895 2584 auferunt,
910 2530 1005 2588 quum
1019 2513 1178 2572 aetornum
1187 2511 1359 2586 possibilita-

155 2599 211 2645 tcm
226 2589 314 2664 Legis
328 2609 388 2648 non
402 2592 543 2650 desinunt
556 2610 670 2667 urgere,
685 2599 716 2649 et
729 2592 818 2648 variis
839 2589 1022 2666 argumentis
1043 2607 1164 2665 operose
1188 2589 1273 2647 illam
1293 2609 1360 2664 pro·

155 2667 225 2725 bare
239 2677 394 2740 conantur,
409 2677 444 2727 ut
458 2669 609 2740 Bellarm,
625 2690 649 2727 o.
671 2689 700 2726 x.
715 2669 755 2726 xi.
769 2675 799 2725 et
813 2688 872 2743 seq.
914 2669 975 2725 Nec
996 2666 1083 2724 aliter
1101 2667 1208 2724 sentire
1232 2674 1263 2723 et
1275 2667 1360 2741 loqui

154 2755 279 2819 possunt
293 2748 384 2822 juxta
398 2765 484 2805 suam
498 2749 685 2822 hypothesim
706 2749 743 2803 de
762 2746 974 2820 justificatione
988 2749 1018 2800 et
1037 2745 1143 2801 merito
1159 2743 1300 2818 Operum,
1322 2747 1360 2801 de

156 2821 303 2897 Operibus
318 2825 603 2900 supererogationis,
618 2833 648 2882 et
663 2823 799 2882 Consiliis
821 2820 1017 2897 Evangelicis,
1032 2839 1100 2896 quae
1114 2822 1277 2879 necessario
1291 2839 1360 2896 sup-

154 2909 271 2973 ponunt
283 2904 443 2977 perfectam
458 2910 487 2960 et
501 2903 703 2959 omnimodam
715 2901 804 2976 Legis
818 2899 1062 2958 observationem.
1106 2899 1266 2968 Quomodo
1280 2899 1360 2957 enim

154 2977 229 3034 alias
242 2981 332 3036 homo
345 2988 445 3056 posset
465 2999 502 3037 cx
522 2980 660 3054 operibus
679 2978 907 3054 justificari,ch
922 2979 989 3052 plus
1011 2975 1151 3034 facesset
1174 2994 1264 3050 supra
1276 2979 1359 3051 quod

156 3053 221 3111 Lex
241 3058 395 3130 postulat?
436 3057 545 3132 Itaque
568 3057 727 3114 dicendum
752 3075 802 3115 eos
820 3057 868 3113 vel
882 3063 1006 3111 artemo
1030 3055 1123 3129 loqui,
1142 3072 1236 3130 quum
1257 3055 1302 3111 ita
1315 3056 1359 3112 lo-

155 3141 299 3206 quantur,
311 3137 358 3192 vel
368 3135 470 3194 fucum
484 3135 570 3192 nobis
580 3135 684 3204 facere,
696 3141 726 3190 et
736 3141 865 3192 mentem
877 3151 962 3191 suam
972 3153 1033 3194 non
1044 3133 1130 3207 plene
1139 3131 1224 3189 nobis
1236 3131 1358 3204 aperire.

154 3209 187 3266 N
189 3229 221 3267 os
234 3229 305 3266 vero
322 3211 579 3288 Imperfectionem
594 3213 832 3271 sanctificationis
845 3219 962 3286 nostrae,
974 3219 1004 3270 et
1014 3210 1103 3286 Legis
1113 3209 1293 3286 impletionis
1305 3209 1359 3267 irn-

154 3287 377 3362 possibilitatem
391 3292 571 3366 probamus:

440 3371 479 3427 X.
495 3370 902 3447 Primompcccauretquiis.
925 3371 1062 3440 Quiaubi
1071 3370 1186 3428 habitat
1194 3375 1358 3445 peccatum,

155 3443 390 3552 Imnpflglffissmg
409 3447 451 3504 ibi
471 3467 532 3538 non
553 3455 650 3539 potest
669 3467 732 3541 esse
744 3450 875 3541 perfecta
897 3451 1097 3519 sanctificatio,
1118 3448 1284 3541 ncehegts
1304 3447 1359 3503 im·

182 3559 371 3676 lessethe
408 3525 804 3678 tltntltttttth
817 3528 1360 3677 tttft‘tttltthtltttttt:

181 3677 390 3752 1³⁰S¹⁵Pr0lz2¹t1zf=
410 3689 510 3738 catum
529 3699 590 3739 non
609 3683 727 3754 habere,
752 3650 921 3752 mentimur,
945 3650 975 3741 el
988 3685 1096 3742 veritas
1116 3701 1177 3739 non
1198 3688 1242 3740 est
1261 3683 1291 3737 in
1306 3699 1359 3736 no·

181 3734 388 3849 sskflgtiurehquns
408 3759 499 3829 bis;’'
527 3757 568 3816 Et
587 3759 653 3816 Jac.
678 3760 719 3817 iii.
749 3761 776 3832 2,
805 3761 874 3818 “In
895 3761 998 3818 multis
1025 3762 1155 3818 labimur
1174 3759 1318 3825 omnes;’'
1342 3759 1356 3815 1

409 3837 483 3910 Reg.
498 3836 558 3894 viii.
578 3837 627 3907 46,
649 3836 750 3895 “Non
771 3847 815 3896 est
828 3840 918 3895 homo
936 3840 1038 3912 justus
1060 3843 1285 3911 superterram,
1306 3835 1359 3907 qui

153 3925 213 3964 non
227 3919 326 3984 peccet
334 3915 367 3983 ;”
383 3913 470 3970 Prov.
482 3933 532 3970 xx.
544 3915 571 3982 9,
588 3921 605 3948 “
619 3913 693 3981 Quis
709 3924 807 3989 potest
820 3916 924 3988 dicere,
940 3917 1086 3972 mundum
1100 3920 1144 3970 est
1157 3931 1207 3970 cor
1218 3929 1317 3969 meum
1327 3915 1359 3969 i’'

155 3983 259 4043 Dicere
273 3990 320 4046 hic
334 4009 402 4046 cum
417 3991 558 4048 Bellarm.
570 3991 621 4048 lib.
631 3992 680 4062 iv,
695 3994 733 4049 de
746 3993 767 4050 J
770 3993 849 4050 ustis.
861 4010 923 4065 cap.
936 3993 981 4060 14,
994 3991 1145 4049 “Peccata
1156 3989 1212 4046 ista
1222 4009 1284 4048 esse
1293 3995 1359 4046 tan-

153 4068 219 4119 tum
233 4066 369 4134 venialia,
392 4075 499 4141 praeter
523 4068 642 4142 Legem,
658 4072 709 4127 sed
731 4087 792 4127 non
812 4077 915 4126 contra
930 4069 1069 4142 Legem,”
1084 4077 1129 4126 est
1149 4085 1314 4142 supponere
1333 4079 1360 4124 st

154 4146 369 4217 ,gestaturquod
389 4163 444 4201 suo
458 4146 524 4202 loco
546 4145 749 4216 refutavimus,
771 4166 864 4222 quum
888 4147 1071 4204 ostendimus
1095 4164 1181 4204 omne
1205 4155 1358 4220 peccatum

153 4237 215 4276 esse
236 4222 370 4290 mortale,
395 4229 485 4296 atque
506 4225 581 4281 adeo
603 4231 706 4280 contra
727 4226 847 4298 Legem,
869 4232 904 4281 ut
916 4243 1017 4280 veram
1036 4233 1135 4292 staplas,
1155 4224 1273 4280 nullum
1287 4244 1358 4284 vero

152 4297 268 4354 veniale
283 4301 364 4372 quod
378 4300 417 4357 sit
437 4305 556 4358 tautum
580 4309 776 4375 praeteream.
817 4301 882 4360 Noc
905 4301 1012 4359 melius
1025 4303 1161 4371 elabitur,
1175 4302 1226 4376 qui
1251 4303 1360 4362 dixerit

152 4393 221 4431 cum
243 4377 356 4448 eodem,
381 4378 432 4434 lib.
449 4377 486 4436 iv.
502 4397 564 4453 cap.
582 4380 627 4448 12,
642 4379 773 4437 diversas
793 4398 855 4437 esse
877 4381 1062 4454 questiones,
1079 4381 1191 4438 Utrum
1212 4391 1360 4456 pracepta

153 4454 262 4509 servari
276 4455 399 4528 possint,
416 4454 456 4512 Et
471 4455 582 4514 Utrum
596 4457 688 4531 possit
702 4459 792 4514 homo
807 4457 905 4514 vivere
919 4459 981 4516 sine
994 4461 1137 4533 peccato?
1166 4457 1217 4514 Ad
1230 4459 1359 4531 priorem

153 4529 360 4604 Augustinum
375 4551 491 4607 semper
507 4534 692 4609 respondisse
713 4536 896 4606 affirmando,
912 4538 963 4593 Ad
978 4537 1102 4594 alteram
1115 4553 1185 4592 vero
1209 4540 1357 4610 negando.

153 4607 232 4676 Quia
242 4627 397 4684 perperam
407 4610 635 4686 distinguuntur
643 4613 711 4669 duae
723 4613 909 4686 qutestiones,
920 4633 987 4690 quae
998 4616 1102 4672 eodem
1113 4614 1263 4684 recidunt;
1278 4615 1309 4672 N
1310 4635 1359 4673 arn

151 4706 238 4746 uerno
252 4695 349 4764 potest
369 4697 519 4764 praecepta
540 4708 666 4760 servare,
681 4691 738 4747 nisi
753 4690 880 4748 vivendo
901 4693 964 4750 sine
982 4700 1111 4768 peccato,
1126 4711 1179 4751 nee
1200 4694 1359 4769 quisquam
