3192 5206
274 377 332 436 346
685 393 777 434 tosus
792 391 921 434 uscmus
936 391 1081 442 anseres.
1309 372 1445 453 [censu.
1462 395 1493 436 τ.

273 535 477 610 infirmitatem,
506 534 536 592 in
552 533 666 593 Christo
692 534 832 604 uniamur
858 542 976 612 propter
1003 551 1144 610 summam
1172 533 1236 609 ejus
1267 533 1488 610 perfectionem.

274 617 368 675 Tanta
382 617 487 693 quippe
502 615 556 673 fait
577 633 727 673 munerum
742 614 862 673 istorum
884 613 1011 691 dignitas
1034 621 1063 672 ει
1076 631 1159 687 onus,
1174 622 1208 671 ut
1221 631 1305 670 nemo
1319 615 1487 674 mortalium

273 717 308 754 ea
322 696 401 755 solus
422 695 502 754 obire
526 695 659 772 potierit.
696 694 766 752 Dari
792 694 908 771 quidem
930 700 1085 771 potueruut
1103 711 1187 769 reges
1210 700 1239 751 ει
1263 693 1438 770 sacerdotes,
1456 705 1488 754 ut

274 775 483 851 Melchisedek,
498 793 582 851 reges
610 782 639 832 et
661 774 817 850 prophetae,
843 782 876 832 ut
901 773 1006 848 David,
1029 772 1193 830 sacerdotes
1218 779 1247 830 et
1264 773 1423 850 prophetae,
1456 785 1487 833 ut

273 856 378 914 summi
397 855 560 913 sacerdotes
582 853 745 929 aliquando.
777 853 836 912 Sed
856 853 953 911 nullus
977 871 1104 928 unquam
1128 853 1261 926 occurrit,
1286 852 1337 928 qui
1351 854 1408 911 tria
1430 855 1489 912 ista

274 936 353 993 solus
372 934 497 1010 perfecte
518 933 689 1010 impleverit.
726 933 792 990 Hoc
814 932 864 990 uni
879 933 994 991 Christo
1017 931 1228 1004 reservabatur,
1254 933 1303 1006 qui
1330 933 1487 992 veritatem

272 1015 361 1071 variis
375 1014 438 1072 istis
459 1014 538 1090 typis
558 1012 757 1070 adumbratam
778 1013 918 1070 sustinere
932 1013 1034 1090 potuit.
1070 1012 1101 1070 Si
1126 1011 1225 1070 Moses
1248 1021 1396 1088 utcunque
1418 1033 1486 1072 eum

272 1092 459 1152 adumbrasse
473 1093 587 1168 legitur,
603 1092 742 1167 quianon
756 1091 842 1149 modo
860 1092 914 1150 fuit
935 1093 1075 1168 propheta
1090 1091 1154 1164 Dei,
1177 1099 1206 1149 et
1227 1089 1287 1148 dux
1302 1099 1331 1149 et
1344 1092 1488 1151 liberator

271 1172 380 1250 populi,
397 1171 448 1229 sed
462 1180 491 1230 et
505 1179 571 1229 ante
587 1171 733 1229 Aaronem
747 1172 948 1248 inauguratum
971 1169 1131 1229 sacerdotio
1145 1189 1352 1246 nonnunquam
1366 1172 1487 1231 iunctus
1579 1215 1580 1220 κ

272 1259 324 1326 εει,
341 1260 374 1310 ut
389 1251 483 1310 Exod.
498 1251 589 1325 xxiv,
605 1251 661 1308 boc
683 1261 786 1326 praeter
810 1250 948 1327 ordinem,
971 1259 1000 1310 et
1019 1251 1056 1309 ad
1069 1259 1166 1308 ectum
1180 1257 1291 1308 tantum
1306 1250 1415 1309 fectum
1430 1261 1486 1328 est,
1579 1257 1580 1260 ’

272 1331 370 1389 necin
385 1331 549 1408 exemplum
563 1339 659 1407 potest
673 1331 720 1387 vel
735 1329 821 1388 debet
834 1331 919 1388 trahi.

286 1469 416 1514 Fundetur
436 1468 449 1513 l
469 1469 499 1514 In
576 1410 632 1468 Vl.
655 1409 753 1486 Hujus
767 1417 863 1468 autem
877 1409 1088 1468 distributionis
1102 1409 1190 1467 variae
1205 1409 1345 1486 assignari
1360 1419 1487 1487 possunt

330 1528 457 1582 Scriptura
465 1543 471 1581 ;

537 1509 650 1548 causae:
675 1491 701 1546 1.
716 1489 875 1565 Scriptura,
891 1509 955 1565 quse
970 1489 1075 1566 triplici
1088 1489 1145 1546 hoc
1165 1489 1280 1546 nomine
1295 1489 1369 1548 solet
1383 1489 1487 1548 Chris·
1579 1531 1580 1566 ,

535 1577 597 1626 tum
622 1568 784 1645 indigitare,
801 1569 870 1627 dum
891 1588 965 1643 eum,
985 1568 1072 1626 modo
1090 1576 1123 1627 ut
1144 1569 1316 1644 Propletom
1336 1572 1485 1646 proponit,
1579 1577 1580 1598 ¹

273 1647 360 1706 Deut.
382 1647 483 1721 xviii,
506 1647 564 1706 lsa.
579 1648 630 1706 lxi.
649 1652 673 1722 l,
690 1653 718 1722 2,
739 1657 773 1708 ut
786 1649 961 1725 Sapientiam
976 1649 1079 1723 Patris,
1106 1656 1135 1706 et
1157 1648 1245 1723 Alpa,
1261 1668 1413 1725 perquem
1430 1670 1486 1708 nos
1579 1655 1580 1658 ’

272 1727 353 1786 Deus
367 1727 531 1804 alloquitur,
549 1727 635 1787 Prov.
650 1728 721 1802 viii,
743 1729 812 1787 Job.
837 1728 856 1786 i.
884 1732 910 1804 1,
932 1727 1018 1786 modo
1038 1737 1072 1786 ut
1092 1729 1279 1801 Sacerdotem,
1297 1727 1374 1786 Paal.
1389 1749 1437 1786 ex.
1454 1733 1484 1804 4,

270 1815 300 1866 et
314 1808 421 1885 passim
436 1808 466 1864 in
482 1807 573 1884 Epist.
589 1807 627 1866 ad
642 1808 791 1883 Hebraeos,
807 1808 893 1867 modo
907 1817 940 1866 ut
949 1809 1063 1883 Regem,
1081 1807 1158 1864 Psal.
1173 1807 1202 1865 ii.
1218 1817 1247 1866 et
1261 1827 1307 1864 cx.
1321 1810 1347 1882 l,
1369 1807 1428 1866 lsa.
1440 1809 1485 1868 ix.
1579 1881 1580 1884 Ἴ

272 1887 342 1945 Luc.
358 1887 377 1945 i.
400 1887 461 1944 Nee
475 1887 561 1945 modo
577 1888 695 1946 seorsim
718 1889 773 1946 tria
793 1888 849 1946 ista
862 1886 956 1945 officia
969 1887 1178 1960 describuntur,
1195 1885 1246 1945 sed
1260 1896 1290 1945 et
1303 1888 1485 1965 conjunctim
1574 1904 1580 1923 ·

269 1974 477 2044 proponuntur,
487 1975 520 2025 ut
532 1968 588 2026 Isa.
601 1968 642 2026 ix.
654 1970 681 2041 6,
698 1967 754 2040 Qui
768 1985 839 2043 puer
848 1967 959 2025 ratione
975 1967 1107 2025 humanae
1122 1966 1327 2042 conceptionis,
1342 1975 1372 2025 et
1386 1967 1484 2028 Filius
1580 1986 1581 2031 ἶ

269 2046 379 2104 ratione
394 2054 508 2104 aeternae
529 2046 724 2124 generationis
748 2046 861 2120 dieitur,
877 2055 998 2104 vocatur
1012 2046 1194 2104 Admirabile
1207 2046 1319 2103 ratione
1339 2065 1482 2122 personae,

272 2126 458 2185 C'omiliariua
471 2127 582 2184 ratione
596 2126 762 2202 prophetia,
775 2127 864 2184 Pater
874 2127 1036 2184 oetermitatis
1046 2126 1157 2184 ratione
1173 2124 1334 2200 sacerdotii,
1350 2135 1380 2184 et
1393 2127 1483 2185 Psin-

269 2225 333 2282 ccps
342 2205 433 2281 pacis,
450 2207 532 2282 cujus
553 2206 679 2264 humeris
693 2205 844 2282 imperium
858 2207 1024 2282 impositum
1038 2214 1090 2278 est,
1106 2205 1216 2263 ratione
1231 2205 1321 2281 regni.
1355 2205 1402 2263 Ita
1416 2226 1482 2282 cap.
1580 2252 1581 2269 ,

268 2284 329 2360 lxi,
340 2284 485 2342 unctionis
497 2285 604 2342 Christi
615 2285 720 2361 triplex
729 2285 795 2342 finis
806 2293 929 2359 notatur,
944 2288 961 2318 “
971 2285 1176 2360 Eamopelizcre
1187 2285 1391 2360 pauperibos,”
1401 2287 1484 2361 quod
1546 2349 1552 2359 ,
1580 2310 1581 2313 ¹

269 2364 474 2442 estprophetae,
492 2365 758 2422 ιιταττανεεοτιιττίεε
768 2367 861 2438 corde,
874 2365 998 2422 etsoiuri
1007 2364 1157 2441 lupentcs,”
1170 2363 1248 2440 quod
1257 2375 1301 2422 est
1310 2363 1480 2440 sacerdotis,

268 2453 297 2503 ct
331 2444 513 2502 “libertatem
527 2444 643 2520 captivis
657 2446 770 2517 offerre,
787 2453 813 2501 et
831 2445 981 2502 vindictam
1001 2444 1120 2502 Domini
1146 2445 1306 2518 exercere,'’
1327 2443 1406 2520 quod
1434 2455 1482 2504 est

268 2523 354 2600 ragis,
372 2522 448 2581 Psal.
464 2543 510 2580 cx.
554 2523 647 2599 Regia
661 2523 769 2581 Christi
791 2523 926 2600 dignitas,
947 2532 976 2582 et
1000 2525 1063 2600 ejus
1087 2523 1208 2581 victoria
1222 2529 1251 2581 et
1264 2522 1427 2600 triumphus
1442 2524 1480 2584 de

267 2603 400 2661 hostibus
414 2603 553 2661 asseritur
566 2622 617 2679 per
631 2611 723 2661 totum
739 2602 816 2660 Psal.
869 2603 1033 2680 Prophetis,
1057 2621 1117 2660 ver.
1143 2607 1170 2677 2,
1196 2602 1363 2677 adstruitur,
1388 2621 1479 2678 quum

268 2691 413 2760 sceptrum
427 2682 509 2740 verbi
524 2681 629 2740 dicitur
649 2683 794 2741 exiturum
808 2701 824 2740 ε
841 2682 936 2757 Sioua,
952 2690 981 2741 et
997 2681 1195 2740 Sacerdotium
1210 2682 1345 2756 sancitur,
1371 2701 1432 2741 ver.
1449 2687 1477 2758 4,

270 2763 288 2796 “
300 2762 443 2820 Dominus
453 2763 572 2838 juravit,
585 2771 615 2820 et
628 2781 686 2820 non
707 2762 859 2839 poenitebit
873 2781 947 2838 eum,
963 2763 1008 2820 'lu
1032 2781 1063 2820 es
1090 2761 1230 2820 Sacerdos
1254 2762 1285 2818 in
1310 2765 1478 2821 atemnmss'

267 2841 321 2900 duc.
338 2842 425 2900 Zaeh.
440 2842 480 2900 vi.
498 2844 543 2917 12,
562 2846 607 2916 13,
622 2840 667 2917 14,
685 2841 782 2900 Homo
794 2842 929 2916 German,
945 2841 995 2918 qui
1009 2841 1115 2900 dicitur
1129 2841 1321 2900 aedificaturus
1335 2842 1475 2918 templum

269 2921 387 2980 Domini
401 2921 587 2998 perverbum
602 2921 765 2999 Evangelii,
782 2921 860 2999 quod
874 2929 918 2980 est
933 2921 1093 2998 Prophetae,
1107 2920 1212 2980 dicitur
1232 2919 1432 2979 dominaturus
1446 2923 1477 2980 in

266 3003 340 3060 solio
355 3021 415 3077 suo,
432 3002 510 3078 quod
524 3010 568 3060 est
583 3001 682 3078 Regis,
707 3009 737 3060 et
753 3000 893 3060 Sacerdos
908 3019 1038 3060 sessurus
1048 3001 1079 3058 in
1089 3000 1161 3059 solio
1176 3019 1236 3074 suo,
1252 2998 1329 3058 idem
1343 3000 1394 3076 qui
1410 3001 1475 3059 Rex

266 3082 328 3157 erit,
345 3082 458 3140 iuturus
479 3090 524 3140 cst
549 3081 636 3140 etiam
652 3082 801 3158 Sacerdos,
818 3081 857 3140 Et
879 3082 1022 3140 consilium
1043 3081 1124 3157 poris
1138 3080 1193 3138 erit
1205 3080 1278 3138 inter
1288 3079 1342 3138 istc
1357 3083 1421 3155 dico,
1434 3080 1473 3139 id.

265 3161 341 3220 inter
355 3161 427 3219 duas
441 3163 512 3220 istas
526 3161 683 3238 dignitates
697 3161 807 3238 regiam
831 3170 861 3220 et
884 3161 1100 3234 sacerdotalem,
1116 3159 1184 3235 quia
1197 3177 1272 3218 unus
1286 3168 1316 3218 et
1329 3158 1406 3218 idem
1421 3161 1476 3219 erit

267 3241 333 3299 Rex
348 3249 378 3298 st
391 3239 539 3314 Sacerdos,
555 3241 605 3316 qui
618 3259 719 3317 pacem
734 3240 873 3299 Ecclesiae
894 3241 1086 3317 acquisiturus
1100 3247 1144 3298 est
1158 3259 1210 3316 per
1223 3238 1423 3314 secerdotium,
1446 3247 1475 3299 ει

266 3317 436 3376 defensurus
450 3339 501 3394 per
514 3337 645 3394 regnum.

306 3396 380 3454 VII.
405 3397 450 3454 Ite
461 3397 491 3454 in
500 3397 585 3455 Novo
594 3397 779 3457 Testamento
788 3397 1008 3456 triaistaofficia
1019 3415 1095 3474 saepe
1110 3397 1334 3474 conjunguntur,
1354 3405 1387 3456 ut
1402 3397 1425 3457 J
1426 3399 1473 3458 ob.

266 3475 327 3533 xiv.
344 3478 370 3548 6,
387 3475 502 3550 quando
526 3475 657 3534 Christus
674 3476 780 3534 dicitur
798 3477 860 3551 Via,
881 3478 1000 3551 Veritas,
1012 3486 1039 3535 ct
1054 3477 1126 3554 Vita,
1143 3477 1201 3534 Via
1225 3477 1341 3552 ducens,
1357 3477 1475 3537 Veritas

266 3553 381 3628 docens,
398 3554 468 3612 Vita
482 3553 615 3630 salvans;
638 3555 697 3612 Via
710 3555 740 3613 in
755 3555 922 3630 sacerdotio,
939 3556 1008 3614 dum
1031 3575 1083 3633 per
1107 3556 1277 3633 sanguinem
1300 3575 1381 3615 suam
1395 3558 1474 3615 viam

265 3633 349 3691 nobis
363 3632 431 3691 fecit
455 3632 486 3689 in
507 3632 620 3708 coelum,
652 3634 728 3693 Heb.
752 3655 782 3693 x.
809 3637 856 3710 20,
879 3636 996 3694 Veritas
1020 3635 1051 3692 in
1081 3635 1240 3712 prophetia,
1262 3636 1332 3713 quie
1352 3637 1474 3696 verbum

266 3711 429 3789 Evangelii,
453 3711 533 3788 quod
554 3712 617 3770 sola
640 3722 685 3772 est
711 3714 818 3772 veritas
842 3715 983 3790 salutaris,
998 3715 1083 3774 nobis
1096 3716 1215 3790 revelat,
1244 3716 1316 3774 Vita
1329 3715 1359 3773 in
1373 3735 1473 3793 regno,

264 3812 322 3869 quo
336 3811 389 3851 nos
403 3811 455 3869 per
468 3789 623 3850 efficaciam
643 3811 724 3851 suam
738 3793 869 3852 vivificat
882 3803 911 3853 et
924 3795 1064 3872 protegit;
1080 3795 1139 3853 Via
1152 3795 1182 3852 in
1195 3804 1296 3870 morte,
1312 3794 1429 3854 Veritas
1442 3796 1473 3854 in

265 3873 363 3948 verbo,
386 3871 457 3931 Vita
479 3873 510 3930 in
525 3871 635 3952 spiritu.
680 3871 765 3932 Unde
789 3873 958 3932 Emisse'nus
972 3874 1003 3932 in
1026 3875 1054 3932 h.
1077 3875 1107 3948 1.,
1134 3875 1229 3951 “Ego
1244 3893 1307 3932 sum
1322 3874 1388 3950 Via,
1404 3876 1474 3952 quia

265 3973 350 4012 uerno
364 3953 444 4012 venit
458 3952 497 4011 ad
511 3951 626 4011 Patrem
639 3953 695 4011 nisi
709 3973 762 4030 per
774 3973 828 4029 me,
846 3954 910 4030 Ego
922 3973 985 4012 sum
996 3954 1122 4028 Veritas,
1137 3955 1205 4030 quia
1225 3973 1310 4012 nemo
1325 3955 1475 4032 cognoscit

267 4034 382 4093 Patrem
396 4033 453 4092 nisi
467 4053 504 4092 ex
514 4051 568 4108 ms,
582 4033 647 4110 Ego
659 4051 722 4092 sum
733 4033 811 4107 Vita,
828 4033 897 4109 qaia
910 4053 994 4092 nemo
1008 4033 1083 4091 vivit
1096 4033 1152 4092 nisi
1167 4034 1197 4091 in
1211 4033 1286 4092 me.'’
1330 4034 1412 4092 Idem
1427 4054 1473 4093 os·

264 4113 393 4173 tenditur
417 4113 523 4173 celebri
543 4112 617 4187 loco,
645 4117 661 4170 1
684 4114 749 4171 Cor.
774 4112 793 4170 i.
816 4115 863 4187 30,
886 4113 937 4172 ubi
962 4113 1093 4171 Christus
1117 4133 1135 4170 a
1156 4113 1242 4172 Patre
1263 4111 1370 4172 dicitur
1389 4114 1474 4172 uobis

265 4193 358 4252 lactus
382 4193 528 4270 sapientia,
543 4193 663 4268 justitio,
678 4192 897 4272 soncb'flcatioct
915 4193 1078 4269 redemptio.
1102 4193 1217 4250 Dicitur
1228 4195 1335 4268 scotos,
1350 4193 1390 4252 id.
1405 4213 1473 4252 con-

265 4274 383 4333 stitutus
398 4293 415 4331 a
430 4273 501 4348 Deo,
518 4281 550 4331 ut
565 4273 602 4332 sit
616 4273 762 4350 Sapientia
776 4272 869 4346 nobis,
885 4271 923 4331 id.
933 4281 1017 4332 autor
1025 4280 1054 4331 et
1065 4271 1165 4331 doctor
1173 4271 1334 4330 infallibilis
1348 4273 1474 4332 coelestis

265 4353 413 4429 sapientiae
426 4373 479 4430 per
491 4352 687 4430 prophetiam;
709 4353 834 4426 Jostitic,
850 4352 880 4410 id
899 4361 952 4428 est,
967 4352 1088 4430 largitor
1105 4351 1226 4429 justitiae
1248 4360 1363 4410 eternae
1387 4362 1417 4411 et
1429 4353 1473 4410 iu·

264 4432 362 4507 finitae,
377 4451 428 4510 per
442 4451 528 4508 quam
548 4431 735 4491 liberamura
755 4440 836 4491 reatu
851 4441 880 4490 et
899 4431 1094 4510 justificamur
1106 4451 1202 4490 coram
1217 4431 1281 4490 Deo
1307 4452 1360 4509 per
1380 4451 1473 4492 sacer·

266 4511 395 4586 dotium;
417 4513 613 4590 Sanctiflcotio,
629 4513 668 4570 id.
694 4531 781 4571 causa
795 4531 871 4570 veras
891 4521 920 4571 et
941 4511 1098 4590 spiritualis
1122 4511 1290 4586 sanctitatis,
1313 4531 1365 4589 per
1386 4531 1473 4588 quam
1581 4545 1582 4574 r

264 4609 421 4668 purgamur
434 4609 452 4648 a
465 4591 592 4649 dominio
613 4601 643 4650 et
667 4591 799 4650 sordibus
812 4591 924 4669 peccati
937 4611 989 4668 ρετ
1001 4609 1141 4668 regnum,
1165 4591 1205 4648 Et
1217 4591 1392 4667 Redemptio,
1408 4611 1473 4668 quse

265 4671 296 4727 in
311 4669 402 4749 tribps
416 4670 479 4728 istis
494 4689 525 4730 se
539 4671 650 4747 exerit;
672 4672 720 4730 vel
735 4672 758 4731 si
781 4672 879 4731 stricte
900 4679 1037 4744 sumatur,
1054 4679 1086 4729 ut
1099 4679 1144 4730 est
1154 4669 1313 4748 redemptio
1327 4690 1346 4729 a
1358 4670 1474 4730 miseria
