3192 5206
233 360 291 415 292
652 365 743 408 rocus
758 367 886 407 aceruus
901 365 1037 408 raarrcs.
1259 349 1384 428 [eumer.
1399 371 1444 412 rx.

236 525 331 575 torum
346 511 509 572 divinorum
524 508 673 582 collectio;
696 527 761 566 cum
776 507 833 567 illa
847 509 984 585 majestas
998 507 1070 566 nihil
1085 506 1164 566 aliud
1178 508 1216 568 sit
1227 530 1314 586 quam
1329 512 1443 590 Deitas,

236 603 403 671 sequeretur
418 593 503 649 Carni
519 588 624 648 Christi
638 589 730 664 ipsam
753 588 897 645 Deitatem
912 608 974 646 esse
989 589 1237 647 communicatam.

279 675 347 731 XL.
370 677 398 731 3.
420 671 606 746 Distinguere
631 667 724 725 solent
746 668 774 724 iu
799 668 913 726 Christo
928 668 1036 745 duplex
1058 670 1138 740 Esse,
1162 671 1257 743 locale,
1281 672 1443 730 secundum

236 754 314 831 quod
325 753 362 812 sit
376 753 406 808 in
425 759 503 808 certo
518 749 619 826 spatie,
635 757 664 805 et
678 748 794 821 illocale,
811 747 967 804 secundum
990 747 1068 822 quod
1082 748 1167 806 fuerit
1190 749 1227 808 ab
1241 749 1323 808 initio
1348 751 1443 809 incar·

236 833 361 892 nationis
375 831 491 906 ubique.
529 827 587 886 Sed
601 827 734 900 absurde,
759 830 784 884 l.
801 827 875 900 Quia
888 847 954 884 cum
974 827 1047 884 ratio
1071 828 1209 902 temporis
1223 849 1280 886 non
1295 831 1390 888 minus
1406 832 1446 890 sit

238 933 369 973 connexa
395 910 506 986 corpori
527 927 613 984 quam
638 905 711 964 ratio
734 905 800 980 loci,
818 905 934 965 dabitur
956 907 1040 965 ctiam
1064 907 1094 963 in
1109 906 1223 966 Christo
1248 908 1357 986 duplex
1378 929 1445 970 esse

236 991 394 1070 temporale
409 999 437 1048 et
452 986 639 1064 intemporale
654 1005 704 1044 seu
725 993 872 1060 aeternum,
896 985 975 1062 quod
998 995 1094 1044 tamen
1108 987 1219 1047 nolunt.
1242 993 1269 1046 2.
1286 989 1391 1048 Locale
1415 999 1446 1049 et

237 1073 350 1131 illocale
375 1077 443 1129 sunt
464 1066 693 1139 contradictoria,
718 1085 783 1142 quea
807 1085 866 1123 non
879 1074 1001 1143 possunt
1021 1066 1113 1122 eidem
1129 1076 1310 1144 competere,
1332 1089 1385 1126 nco
1400 1070 1446 1128 di·

237 1154 314 1211 versi
336 1157 483 1226 respectus
497 1147 650 1224 quiequam
669 1145 784 1220 juvant,
799 1147 868 1221 quis
888 1165 953 1204 cum
977 1147 1055 1204 Unio
1074 1147 1256 1221 hypostatica
1277 1169 1336 1206 non
1360 1149 1446 1209 tollat

237 1241 369 1293 naturam
392 1228 528 1306 corporis,
554 1245 612 1282 non
626 1225 722 1284 abolet
737 1225 821 1282 etiam
837 1245 900 1284 esse
923 1225 1023 1299 locale,
1039 1236 1125 1301 atque
1139 1227 1180 1284 ita
1193 1247 1251 1286 non
1265 1237 1361 1305 potest
1375 1228 1445 1288 dare

236 1313 281 1370 illi
303 1331 366 1370 esse
390 1308 512 1380 illocale,
528 1305 674 1382 quisquae
689 1304 808 1362 alteram
832 1305 1066 1363 contradictionis
1089 1313 1201 1381 partem
1225 1308 1369 1385 relinquit,
1385 1329 1445 1368 non

237 1399 333 1470 potest
347 1390 374 1448 oi
389 1387 473 1446 simul
488 1387 613 1444 tribuere
627 1384 755 1442 alteram.

279 1471 366 1528 XLI.
389 1472 416 1526 4.
434 1466 625 1542 Distinguunt
639 1469 721 1526 ariete
738 1472 767 1522 el
780 1469 875 1542 xg'rietr,
888 1484 944 1539 per
965 1484 1002 1538 se,
1019 1473 1047 1522 el
1061 1465 1119 1522 κατ’
1136 1463 1221 1540 iiam
1244 1466 1351 1525 Christi
1366 1467 1442 1524 diviu

238 1551 357 1610 nitatem
372 1568 435 1606 csse
450 1546 697 1621 omnipraesentem
712 1563 764 1619 per
778 1563 817 1618 se,
831 1547 1001 1616 servierim,
1018 1555 1047 1603 ot
1060 1546 1156 1622 quoad
1167 1555 1262 1604 aetum
1277 1547 1399 1622 primum
1415 1555 1446 1606 et

239 1629 397 1690 secuudum
413 1624 517 1698 simul;
540 1623 591 1682 sed
606 1623 812 1681 humanitatem
828 1634 938 1682 tantum
958 1625 1018 1680 κατ’
1040 1621 1114 1696 Zara,
1137 1635 1165 1684 ot
1179 1651 1249 1683 aava
1268 1633 1363 1704 maen.
1387 1627 1448 1686 Sed

238 1729 397 1788 perperam,
413 1706 481 1783 quia
494 1704 567 1762 tales
581 1703 781 1761 distinctiones
795 1703 901 1761 tollunt
914 1703 1009 1780 ipsum
1024 1705 1184 1783 subjectum
1211 1705 1246 1762 de
1267 1725 1324 1782 quo
1339 1706 1447 1783 agitur,

239 1809 274 1848 eo
302 1789 378 1847 enim
402 1785 526 1845 tendunt
550 1803 658 1858 omncs,
686 1791 719 1841 ut
742 1783 973 1860 omnipraesentia
1000 1803 1171 1862 quacunque
1191 1785 1308 1843 tandem
1335 1786 1448 1846 ratione

240 1876 384 1944 competat
399 1864 519 1942 Corpori
540 1863 656 1937 Christi,
685 1862 764 1939 quod
791 1882 848 1920 non
871 1871 966 1940 potest
988 1883 1092 1941 corpus
1114 1883 1238 1938 manere,
1264 1865 1289 1923 si
1303 1865 1341 1924 sit
1354 1866 1448 1924 omni-

239 1967 375 2026 praesens.
423 1951 451 2003 2.
481 1944 517 2001 In
544 1943 631 2000 rebus
659 1942 779 2000 terronis
806 1948 890 2006 eriora
917 1963 968 2000 seu
996 1947 1154 2021 proprietas
1178 1945 1220 2002 rei
1247 1952 1342 2021 potest
1370 1966 1448 2022 saeps

240 2049 258 2086 a
272 2031 356 2108 mles
371 2045 422 2085 seu
435 2043 490 2083 usu
505 2023 568 2099 ejus
582 2021 730 2096 distingui,
747 2022 814 2096 quia
833 2023 884 2099 qui
904 2041 988 2080 usum
1009 2025 1050 2082 rei
1065 2025 1161 2099 habet,
1177 2044 1236 2081 non
1255 2044 1368 2100 semper
1381 2026 1447 2102 ejus

240 2108 443 2186 proprietatem
457 2102 563 2175 habct;
587 2099 679 2159 sedin
693 2099 800 2159 divinis
814 2122 871 2159 non
881 2101 958 2176 item,
968 2122 1026 2160 non
1040 2105 1114 2162 alius
1128 2113 1172 2163 est
1186 2105 1367 2180 omnipotens
1381 2125 1449 2180 usu,

240 2207 327 2263 quam
341 2185 392 2262 qui
415 2183 482 2242 talis
506 2189 551 2239 est
564 2181 746 2255 proprietate,
770 2181 850 2240 Deus
864 2182 970 2259 quippe
985 2183 1067 2241 alteri
1082 2184 1203 2260 gloriam
1218 2203 1299 2242 suam
1313 2204 1371 2242 non
1387 2183 1447 2244 det.

241 2269 269 2324 3.
287 2265 317 2324 Si
331 2285 383 2342 per
397 2282 453 2320 esse
466 2261 564 2335 ubique
577 2259 713 2316 eastra
736 2259 908 2338 intelligitur
931 2271 1042 2320 tantum
1066 2263 1296 2340 omnipraesentia
1316 2274 1451 2341 respectu

241 2343 367 2404 concreti
383 2362 434 2400 seu
447 2359 586 2417 personae,
602 2358 689 2396 verus
704 2339 758 2399 erit
779 2359 889 2414 sensus,
906 2341 956 2398 sed
971 2343 1152 2401 incommoda
1166 2343 1283 2401 locutis.
1327 2343 1358 2402 Si
1378 2364 1450 2403 vero

241 2424 370 2482 innuitur
391 2419 630 2496 omnipraesentia,
654 2437 719 2494 quae
742 2418 810 2478 data
831 2420 869 2478 sit
889 2420 974 2478 Carni
989 2441 1026 2480 ex
1048 2423 1079 2479 vi
1101 2423 1233 2494 Unionis,
1257 2423 1383 2480 absurda
1404 2433 1451 2484 est

242 2502 397 2576 distinctio,
411 2521 474 2576 quae
488 2497 623 2556 delerare
637 2497 770 2574 involvit,
782 2508 815 2556 ut
828 2499 905 2556 idem
921 2500 1083 2578 subjectum
1098 2502 1184 2560 simul
1198 2502 1236 2561 sit
1250 2502 1449 2580 circumscrip-

241 2591 303 2642 tum
318 2591 347 2641 et
361 2601 419 2639 non
434 2578 688 2656 circumscriptum.

287 2662 392 2720 XLII.
415 2659 559 2736 Exempla
573 2658 684 2731 animae,
700 2675 765 2732 quse
786 2658 978 2717 communicat
999 2660 1089 2718 vitam
1104 2661 1225 2737 corpori,
1248 2669 1277 2719 et
1298 2661 1383 2737 ignis,
1399 2663 1451 2739 qui

243 2741 436 2801 communicat
450 2739 524 2797 ferro
539 2738 632 2816 ignito
647 2737 812 2794 facultatem
828 2737 930 2797 urendi
944 2749 973 2796 et
986 2739 1110 2814 lucendi,
1126 2760 1184 2798 non
1209 2741 1308 2798 favent
1322 2759 1451 2800 commu·

243 2821 381 2882 nicationi
396 2819 612 2898 proprietatum.
655 2817 730 2891 Quia
743 2817 813 2891 vita,
829 2837 894 2894 quae
909 2819 1076 2894 producitur
1103 2821 1133 2878 in
1148 2839 1265 2896 corpore
1287 2821 1324 2879 ab
1345 2821 1451 2895 anima,

244 2921 303 2960 non
318 2911 362 2960 est
375 2900 535 2978 proprietas
549 2898 612 2976 ipsa
626 2897 738 2971 animae,
762 2896 813 2956 sed
841 2896 984 2972 effectum,
1014 2908 1043 2958 et
1057 2901 1103 2958 ris
1123 2899 1240 2959 lucendi
1255 2909 1283 2959 et
1304 2901 1406 2958 urendi
1420 2901 1453 2959 ia

243 2981 318 3040 ierro
329 2981 430 3058 ignito,
446 2999 504 3038 non
518 2989 563 3038 est
576 2979 607 3036 in
620 2977 704 3052 ferro,
721 2977 773 3034 sed
786 2977 817 3034 in
828 2977 895 3054 igne
906 2978 1015 3038 latente
1029 2987 1058 3038 et
1072 2979 1185 3038 incluso
1197 2980 1226 3037 in
1240 2980 1319 3057 poris
1332 2979 1410 3040 ferri.

718 3216 911 3290 QUAESTIO
926 3217 985 3277 IX.

615 3393 654 3432 DE
668 3393 788 3433 nurucl
803 3393 920 3434 CHRISTI
935 3393 1039 3434 aratu

245 3534 292 3594 Aa
308 3533 435 3594 Olrn'etm
442 3533 587 3592 Mediator
599 3533 648 3591 aab
659 3531 766 3608 duplici
773 3532 857 3591 Statu
866 3534 992 3593 detumet
999 3536 1105 3594 Munus
1112 3555 1192 3594 suum
1206 3537 1308 3613 crepui
1314 3537 1327 3595 l
1339 3535 1455 3598 Affirm.

549 3693 573 3750 Ι.
590 3691 739 3750 Hactenus
763 3690 800 3750 de
820 3693 949 3751 Persona
970 3692 1195 3752 Christicolum.
1237 3695 1322 3754 Nune
1336 3695 1373 3754 de
1390 3696 1458 3773 ejus

272 3796 381 3842 curisti:
407 3795 483 3840 ltxirr-
508 3773 591 3830 Statu
609 3770 762 3848 agendum,
778 3772 809 3829 in
823 3791 880 3850 quo
906 3773 1014 3831 Munus
1031 3773 1087 3831 sibi
1114 3793 1131 3830 a
1156 3773 1241 3833 Patre
1269 3774 1456 3834 commissum

271 3856 388 3926 unitionis
417 3912 423 3924 ,
451 3855 477 3899 sa
504 3851 604 3910 debuit
617 3851 745 3928 implere.
801 3852 832 3910 Is
852 3861 947 3910 autem
964 3853 1073 3928 duplex
1097 3853 1187 3928 vulgo
1212 3855 1355 3928 statuitur,
1380 3855 1457 3914 alter

270 3913 444 3960 mmmm·
506 3931 720 3990 Exinanitionis
734 3939 763 3990 et
776 3931 955 4006 humilitatis,
971 3932 1044 3990 alter
1062 3932 1255 3992 Exultationis
1270 3945 1299 3992 et
1313 3933 1455 4010 Majesta·

244 4011 299 4149 {iim
323 4013 503 4087 Pessimum,
537 4020 566 4070 et
591 4011 717 4086 Gloriae;
740 4010 920 4086 Certamiuis,
942 4020 972 4070 et
999 4011 1168 4088 Triumphi;
1191 4011 1266 4088 Viae,
1289 4022 1319 4073 et
1347 4013 1456 4092 Meta,

280 4092 350 4152 ortis
364 4103 393 4152 et
414 4092 500 4152 Vitae.

245 3737 341 3794 Duplex
408 3740 487 3783 status

557 4169 599 4228 II.
610 4168 769 4246 Utriusque
781 4169 930 4228 Veritatem
941 4169 1146 4244 demonstrant,
1160 4174 1186 4228 1.
1198 4169 1322 4229 Oracula
1332 4171 1370 4228 V.
1381 4170 1415 4228 Τ.
1424 4172 1456 4230 in

522 4250 628 4327 quibus
642 4248 797 4326 praedictus
808 4257 860 4324 est,
876 4257 908 4307 ut
923 4249 1000 4307 Psal.
1012 4249 1072 4306 viii.
1087 4251 1195 4309 mentio
1209 4250 1242 4308 fit
1256 4250 1458 4311 minorationis

246 4347 305 4406 pre
320 4326 454 4403 Angelis,
470 4347 534 4404 quae
549 4337 594 4388 est
608 4328 775 4403 exinanitiO,
792 4338 821 4386 et
835 4347 947 4387 coronae
961 4328 1061 4405 gloriae
1079 4337 1108 4387 et
1121 4329 1248 4404 honoris,
1264 4349 1328 4406 quse
1343 4339 1388 4389 est
1402 4350 1457 4389 ex·

246 4408 355 4477 altatio,
371 4415 399 4465 ct
415 4407 491 4466 Psal.
514 4429 559 4467 cx.
576 4412 603 4481 7,
619 4408 654 4466 de
670 4408 779 4466 Messio
793 4407 909 4481 dicitur,
925 4407 988 4465 “de
1002 4417 1128 4468 torrente
1143 4409 1173 4466 in
1187 4409 1236 4467 via
1249 4409 1339 4484 bibet,
1353 4419 1458 4486 postea

247 4487 388 4545 exaltabit
401 4488 516 4561 caput,”
532 4487 582 4545 ubi
595 4507 647 4564 per
662 4495 812 4546 torrentem
823 4487 1139 4564 denotaturrnultitudo,
1153 4489 1320 4564 gravitaret
1334 4489 1459 4548 brevitas

245 4565 411 4644 passionum
425 4565 539 4638 Christi,
555 4575 588 4624 ut
602 4585 684 4641 aquae
692 4565 799 4643 passim
812 4575 879 4625 suut
893 4566 1056 4642 symbolum
1066 4568 1270 4644 calamitatum,
1287 4568 1363 4626 Psal.
1379 4569 1457 4627 lxix.

246 4648 276 4718 2,
294 4647 340 4720 14,
358 4647 405 4710 15,
420 4645 553 4702 etxxxii.
568 4647 596 4704 6.
618 4645 688 4705 Job.
703 4645 765 4703 xxi.
788 4647 836 4720 20,
860 4655 890 4705 et
913 4645 1017 4704 xxxiv.
1033 4649 1061 4722 t,
1084 4647 1142 4706 Isa.
1156 4648 1188 4707 li.
1204 4651 1251 4724 17,
1271 4647 1403 4727 opposite
1418 4649 1460 4710 ad

305 4229 402 4275 Veritas
418 4229 476 4286 ejus.
