3186 5210
147 387 259 438 cuasr.
275 366 335 448 ra]
574 385 613 424 na
628 377 796 426 vocarrorrr
810 383 847 425 ar
869 383 947 426 rma.
1302 377 1360 434 497

147 529 230 588 loeus
244 547 308 588 esse
321 533 428 605 posset,
441 527 510 604 quin
525 526 639 604 proprie
650 527 737 584 etiem
748 525 890 602 pertineat
904 526 942 585 ad
955 527 1161 589 voluntatem?
1202 533 1287 608 Quod
1301 553 1359 593 non

147 609 233 687 pauci
247 628 285 667 ex
299 608 370 685 ipsis
386 607 545 665 Pontifieiis
556 613 737 683 agnoscunt:
753 605 916 666 Bonavent.
930 606 962 665 in
978 608 1064 668 Disti.
1080 611 1097 669 9
1112 611 1218 688 quarti,
1224 616 1299 691 fides
1313 634 1359 672 rca

147 690 230 766 spicit
243 690 408 746 intellectam
421 697 448 745 et
460 689 608 761 affictam:
630 686 733 743 Thom.
749 689 778 760 2,
792 689 829 743 2·
842 704 870 762 q.
888 689 915 762 2,
931 689 1011 746 artic.
1027 693 1055 747 2.
1099 693 1118 723 “
1130 691 1252 752 Credere
1264 693 1302 752 ad
1315 693 1358 752 in-

147 769 296 828 tellectum
310 768 435 846 pertinet
448 775 534 844 prout
556 775 600 824 est
624 785 642 823 a
665 765 815 823 voluntate
838 775 935 826 motus
958 767 996 826 ad
1019 771 1265 832 assentiendum.”
1310 773 1359 832 Sic

148 848 215 906 Biel
226 856 256 906 et
270 847 370 906 Estius
384 847 414 904 in
423 846 464 904 iii.
477 855 585 905 senten.
599 845 696 903 distin.
708 847 756 920 23,
769 865 797 921 q.
813 848 842 902 2.
856 844 1023 926 Altenstaig
1036 849 1067 906 in
1083 849 1189 910 Dictio.
1205 853 1242 911 ad
1256 872 1357 912 vocem

138 929 225 1006 fida,
243 935 272 986 et
286 925 344 984 alii.

613 1025 814 1152 duasne
839 1079 897 1140 IX.

146 1245 199 1303 Aa
220 1241 310 1301 Fides
322 1243 361 1303 aa't
380 1264 508 1304 manuus
528 1244 590 1303 aiae
610 1239 721 1310 botida,
737 1249 764 1295 et
783 1237 882 1296 melius
903 1242 1060 1320 chtniatur
1079 1268 1136 1324 per
1159 1251 1358 1324 Ipnoraneiam

367 1343 455 1399 quarn
463 1345 521 1402 per
533 1319 678 1384 Notitiam
691 1319 706 1373 i
746 1315 824 1392 Neg.
840 1325 945 1377 contm
959 1319 1139 1385 Pontifieios.

187 1481 213 1538 1.
237 1479 370 1546 Quaestio
380 1481 467 1539 nobis
476 1481 525 1540 hic
535 1475 690 1538 intercedit
698 1491 766 1532 cum
778 1472 952 1548 Pontificiis‚
963 1478 1016 1554 qui
1027 1487 1061 1537 ut
1070 1481 1189 1541 facilius
1204 1483 1356 1558 Populum

142 1577 196 1634 per
210 1575 319 1616 coecam
333 1557 532 1617 obedientiam
546 1559 602 1616 sibi
615 1554 783 1629 subjiciant,
803 1570 865 1609 non
886 1556 977 1612 modo
991 1575 1062 1614 eum
1075 1569 1208 1619 arcente
1229 1563 1355 1619 lectione

145 1637 306 1712 Scripturas
319 1635 424 1706 Sacrae,
434 1640 484 1695 sed
496 1638 586 1695 etiam
596 1655 614 1694 a
624 1634 691 1703 fide,
701 1649 768 1705 quae
778 1630 835 1704 ipsi
848 1631 1022 1706 imponitur,
1032 1638 1198 1698 excludunt
1208 1639 1355 1710 notitiam,

144 1733 213 1773 eam
227 1715 266 1772 ad
281 1714 398 1770 nudum
407 1733 559 1773 assensum
573 1714 742 1778 referentes,
754 1715 789 1766 ut
797 1709 904 1766 melius
915 1712 1074 1771 definiatur
1084 1735 1136 1790 per
1144 1717 1354 1792 ignorantiam,

143 1811 238 1869 quam
251 1809 304 1866 per
318 1791 465 1863 notitiam,
481 1802 516 1850 ut
529 1792 664 1868 loquitur
678 1787 821 1845 Bellarm.
836 1787 887 1844 lib.
902 1789 921 1844 i.
937 1790 974 1846 de
988 1789 1010 1846 J
1012 1792 1079 1850 usti.
1094 1813 1118 1852 c.
1134 1795 1162 1859 7.

440 1869 486 1928 ΙΙ.
502 1871 533 1928 N
536 1889 573 1928 on
588 1867 740 1945 quaritur,
756 1865 808 1923 An
822 1865 895 1923 fides
908 1866 946 1923 sit
960 1885 1106 1942 assensus,
1117 1875 1200 1950 quod
1214 1873 1355 1949 utrinque

168 1936 353 2040 smmum·
398 1949 622 2006 estinconsesso
634 1968 641 2016 ;
654 1945 727 2013 Nec,
741 1942 792 2000 An
804 1943 842 2001 sit
852 1945 941 2018 plena
951 1948 1115 2020 etperfecta
1125 1951 1232 2009 notitia
1246 1958 1355 2025 myste-

295 2027 300 2038 '
401 2026 525 2099 riorum,
534 2034 596 2084 tam
610 2023 711 2101 quoad
726 2029 752 2074 aa*
764 2027 826 2091 tter,
838 2040 930 2098 quam
945 2033 972 2079 et
983 2033 1024 2092 ta,
1037 2034 1073 2084 ut
1082 2029 1159 2085 nihil
1173 2030 1291 2086 credere
1304 2030 1356 2086 de-

143 2109 277 2176 beamus,
291 2105 349 2162 nisi
364 2105 445 2181 quod
460 2107 538 2162 clare
553 2111 583 2162 et
596 2102 733 2160 distinete
747 2100 935 2174 percipimus.
970 2100 1052 2162 Nam
1072 2113 1107 2164 ut
1120 2107 1263 2183 pleraque
1276 2125 1356 2181 mys·

142 2186 218 2244 teria
232 2183 415 2258 Euangeliou
429 2189 572 2258 superant
585 2187 706 2256 captum
726 2177 850 2235 rationis
863 2179 1044 2254 longissime,
1058 2201 1215 2261 nunquam
1229 2185 1307 2243 clare
1326 2192 1357 2244 et

142 2263 281 2322 distincte
295 2279 313 2318 a
326 2261 411 2318 nobis
424 2261 536 2336 percipi
555 2264 681 2336 possunt
700 2256 801 2330 quoad
816 2265 842 2311 et
853 2263 916 2328 tta,
931 2259 980 2314 vel
995 2269 1021 2315 st
1032 2271 1087 2328 «ῦς,
1104 2280 1157 2320 scu
1171 2269 1312 2320 naturam
1326 2271 1356 2321 ct

143 2343 271 2398 modum
281 2357 380 2411 suurn,
392 2341 442 2397 sed
452 2347 570 2396 tantum
581 2337 681 2414 quoad
693 2337 940 2408 elisaquodvere
951 2336 1063 2397 sintita
1072 2341 1213 2398 revelata.
1229 2340 1355 2410 Deinde,

144 2425 182 2475 ut
195 2416 385 2474 sanctificatio
399 2423 445 2475 est
463 2416 654 2492 imperiecta;
676 2414 719 2470 ita
732 2429 803 2470 suos
815 2414 907 2470 habet
919 2415 1031 2488 gindus
1044 2419 1127 2490 fides,
1142 2419 1252 2494 quibus
1266 2437 1357 2494 auge-

144 2503 198 2554 tur
212 2502 242 2552 et
256 2495 366 2567 crescit,
381 2501 411 2553 et
425 2497 525 2570 quoad
539 2494 688 2563 notitiam,
702 2495 733 2546 et
747 2493 847 2565 quoad
865 2491 1014 2551 fiduciam.
1037 2495 1106 2554 Hoc
1121 2514 1211 2554 sensu
1229 2515 1290 2554 uon
1305 2516 1357 2554 ne-

144 2591 254 2650 gamus
267 2573 356 2630 fidem
370 2579 450 2631 certo
464 2579 599 2649 respectu
612 2571 775 2648 implicitam
794 2588 879 2643 posse
895 2569 961 2640 dici,
976 2579 1042 2630 tum
1062 2575 1093 2632 in
1107 2575 1216 2649 pueris,
1231 2582 1261 2631 et
1275 2575 1357 2631 rudi-

144 2653 212 2722 bus,
230 2650 283 2728 qui
304 2652 460 2709 obscuram
480 2659 599 2710 tantum
622 2652 735 2708 habent
757 2648 904 2718 notitiam,
920 2654 985 2705 tum
1006 2651 1037 2707 in
1062 2652 1306 2726 provectioribus,
1325 2653 1356 2708 in

145 2731 257 2807 quibus
270 2730 325 2786 lux
338 2747 454 2805 semper
468 2739 511 2788 est
526 2729 623 2787 mixta
634 2725 772 2794 tenebris,
795 2727 847 2800 qui
865 2744 942 2800 saepe
956 2735 983 2782 et
994 2735 1028 2783 tm
1040 2731 1138 2786 solum
1159 2729 1276 2803 assequi
1289 2747 1357 2803 pos·

145 2815 228 2879 sunt,
243 2809 295 2865 sed
309 2809 348 2865 ad
364 2819 390 2864 aa
402 2816 456 2863 aaa
470 2827 531 2865 non
553 2814 722 2881 assurgunt.
766 2809 814 2867 Sic
834 2811 908 2866 fides
922 2807 1050 2864 Petrum
1066 2806 1104 2864 V.
1120 2807 1153 2864 Τ.
1175 2805 1277 2882 potuit
1298 2806 1356 2864 dici

147 2887 276 2944 obscura
289 2893 320 2943 et
338 2885 483 2962 implicita
502 2892 638 2960 respectu
658 2894 775 2958 nostres,
790 2894 910 2963 propter
924 2884 1134 2942 obscuritatem
1158 2883 1355 2941 revelationis.

147 2964 208 3023 Sed
219 2964 372 3039 quaeritur,
388 2965 440 3023 An
451 2965 524 3021 fides
535 2964 565 3020 in
580 2970 726 3037 conceptu
736 2984 791 3023 suo
801 2966 937 3023 includat
950 2963 1097 3037 notitiam,
1111 2963 1135 3020 si
1148 2981 1209 3019 non
1227 2963 1358 3037 plenam,

147 3049 180 3100 at
193 3060 295 3100 veram
308 3049 339 3099 et
351 3049 461 3100 certam
475 3041 506 3098 in
520 3059 574 3098 suo
589 3041 716 3101 ordinet

189 3119 256 3178 III.
279 3117 349 3178 Non
366 3120 517 3196 quaeritur,
534 3119 585 3177 An
599 3120 672 3177 fides
686 3122 725 3179 sit
738 3121 869 3192 scientia,
884 3139 951 3194 quac
964 3120 1075 3177 babeat
1088 3118 1287 3178 evidentiam:
1311 3119 1359 3178 Sic

146 3197 228 3258 enim
239 3198 435 3272 distinguitur
445 3217 464 3256 a
473 3198 603 3268 scientia,
610 3216 676 3273 quaa
686 3200 777 3258 habet
787 3217 939 3256 amaneum
949 3204 1064 3254 certum
1074 3207 1104 3254 et
1115 3198 1293 3266 evidentem,
1304 3197 1358 3272 qui

148 3261 257 3335 nititur
270 3275 385 3334 ratione
399 3278 480 3334 clara
492 3283 523 3332 et
536 3282 624 3346 certa,
639 3281 669 3332 et
682 3279 720 3336 ab
735 3277 883 3352 opinione,
898 3295 965 3351 quae
979 3275 1086 3332 nititur
1103 3275 1219 3334 ratione
1239 3280 1359 3332 tuntum

149 3355 298 3432 probabili
309 3375 317 3425 ;
339 3355 391 3412 ubi
404 3357 478 3413 fides
488 3359 574 3410 notat
584 3373 736 3413 assensum
751 3362 866 3413 certum
877 3355 1007 3431 quidem,
1019 3355 1070 3410 sed
1084 3353 1294 3423 inevidentem,
1307 3352 1359 3427 qui

150 3451 212 3490 non
226 3433 350 3504 ratione,
365 3435 416 3491 sed
430 3431 600 3489 testimonio
614 3433 717 3491 divino
731 3433 856 3491 nititur:
879 3431 946 3504 Sed,
963 3431 1012 3489 An
1028 3449 1163 3489 assensus
1176 3429 1228 3487 illa
1252 3431 1291 3488 sit
1304 3449 1360 3488 coe·

150 3529 212 3582 cus,
224 3511 277 3587 qui
291 3510 373 3568 omni
387 3511 494 3569 notitia
503 3509 703 3582 destituatur;
724 3512 768 3569 ita
777 3518 813 3568 ut
825 3511 933 3568 melius
959 3527 1011 3586 per
1031 3508 1233 3584 ignorantiam
1257 3509 1361 3566 defini·

151 3595 221 3646 atur
244 3607 337 3664 quam
358 3608 411 3665 per
424 3586 634 3662 cognitionem,
648 3596 684 3647 ut
704 3589 839 3666 loquitur
854 3587 1019 3646 Bellarm.?
1040 3589 1089 3646 Sic
1101 3590 1175 3646 fidos
1188 3587 1234 3644 illi
1248 3594 1294 3644 est
1314 3605 1360 3645 as-

151 3685 255 3724 sensus
269 3685 337 3723 cum
359 3665 537 3743 ignorantia,
552 3673 582 3723 et
602 3668 719 3725 credere
738 3674 783 3724 est
804 3667 940 3724 assentiri
960 3667 1049 3724 rebus
1062 3665 1181 3741 ignotis.
1224 3664 1298 3724 Hace
1318 3673 1364 3724 est

144 3745 222 3824 fides
235 3743 379 3820 implicita,
394 3764 485 3822 quam
500 3743 605 3802 dicunt
619 3743 716 3802 Laicis
730 3745 862 3804 sufficere
876 3747 914 3803 ad
930 3747 1066 3816 salutern,
1082 3746 1106 3802 si
1117 3745 1239 3803 credant
1248 3761 1283 3801 ea
1294 3761 1361 3819 quae

155 3821 289 3880 Ecclesia
302 3825 403 3894 credit,
418 3824 488 3881 licet
508 3823 641 3880 nesciant
655 3823 728 3899 quid
742 3825 842 3880 credat
858 3823 998 3894 Ecclesia,
1013 3841 1067 3880 nec
1080 3823 1153 3897 quid
1174 3821 1281 3878 debeat
1301 3838 1362 3878 cre·

155 3900 235 3968 dere,
246 3917 301 3956 nee
315 3901 363 3956 cui
374 3901 512 3958 Ecclesiae
523 3901 704 3958 eredendum
716 3901 771 3972 sit;
784 3919 851 3977 quae
863 3902 943 3960 dicta
952 3909 997 3958 est
1004 3901 1083 3977 fides
1097 3899 1278 3967 carbonarii,
1290 3897 1363 3972 quia

154 3977 355 4050 interrogalus
368 3979 441 4052 quid
456 3979 594 4049 crederet,
606 3979 769 4054 respondit,
786 3979 875 4046 Quod
892 3978 1024 4036 Ecclesia
1034 3979 1146 4046 credit;
1162 3994 1264 4033 rursus
1275 3994 1361 4050 roga·

157 4061 207 4111 tus
218 4054 292 4128 quid
307 4053 438 4111 Ecclesia
451 4057 589 4127 crederet,
606 4055 696 4122 Quod
711 4076 775 4130 ego,
790 4057 897 4131 inquit,
912 4057 1009 4112 credo.

199 4129 258 4188 IV.
281 4129 395 4205 Scopus
409 4131 633 4192 Pontificlorum
647 4142 691 4192 est
711 4136 842 4192 detinere
856 4135 1002 4210 populum
1020 4133 1051 4188 in
1069 4131 1249 4206 ignorantia,
1264 4139 1299 4188 ut
1318 4131 1363 4190 ls-

156 4210 245 4269 cilius
252 4207 364 4282 jugum
378 4209 594 4281 Traditionum,
606 4218 636 4268 et
646 4213 848 4287 quorumlibet
859 4211 1002 4268 Erroruru
1013 4217 1043 4267 et
1056 4208 1307 4284 Superstitionum
1317 4209 1364 4266 illi

156 4290 338 4362 imponatur.
380 4286 461 4345 Hinc
471 4290 550 4346 enirn
563 4289 686 4360 factum,
697 4298 732 4348 ut
743 4290 853 4348 Laicos
866 4307 886 4347 a
899 4287 1024 4345 lectione
1036 4287 1193 4360 Scriptura
1205 4287 1363 4356 arcuerint,

156 4375 192 4425 ut
214 4365 304 4423 Sacra
318 4365 419 4422 omnia
438 4365 542 4439 lingua
562 4367 666 4440 ignota
686 4369 789 4443 peragi
807 4366 966 4434 voluerint,
984 4371 1016 4422 ut
1037 4365 1194 4423 Judicium
1216 4366 1253 4421 de
1275 4365 1364 4422 rebus

156 4443 248 4503 sacris
262 4441 345 4498 laicis
359 4443 540 4514 ademerint3
556 4443 596 4501 Et
606 4445 648 4502 ita
662 4463 758 4504 crassa
771 4443 950 4520 ignorantia,
965 4449 995 4499 et
1007 4443 1164 4500 horribiles
1178 4442 1305 4499 tenebrae
1320 4449 1364 4498 to·

46 4581 53 4594 ,
155 4531 223 4582 tum
237 4521 388 4594 Papatum
399 4522 578 4596 occuparint,
590 4530 620 4579 et
630 4524 705 4580 dura
715 4524 849 4598 tyrannis
862 4523 978 4578 invecta
992 4521 1046 4590 sit;
1063 4520 1139 4580 cum
1151 4520 1226 4576 nihil
1236 4526 1298 4577 tam
1308 4520 1365 4576 ful-

156 4617 224 4659 sum
238 4605 269 4655 et
283 4598 446 4656 absurdum
465 4607 547 4670 esset,
563 4601 644 4675 quod
659 4601 714 4658 sub
729 4603 818 4659 titulo
835 4599 995 4659 Catholicae
1010 4600 1079 4656 fidei
1100 4599 1282 4655 credendum
1303 4617 1364 4656 non

156 4677 379 4750 obtenderetur,
388 4684 419 4735 et
432 4677 552 4754 quidem
566 4687 734 4751 teucrium,
749 4687 779 4737 et
791 4680 854 4738 sine
865 4679 929 4736 ullo
944 4679 1088 4736 examine.

1240 4755 1285 4814 21
