3202 5194
205 340 320 392 cuman.
335 317 436 402 xxuu]
711 336 753 378 ns
767 337 844 378 naun
858 336 918 378 nar.
1353 321 1410 381 136

507 478 620 539 XXII.
643 477 680 536 In
706 497 826 539 censum
854 479 1046 539 Personarum
1074 499 1220 539 sacrarum
1247 479 1409 540 referuntur

466 559 554 619 etiam
573 559 709 635 Nesimi,
735 559 804 618 licet
824 579 985 638 sacra-non
1005 559 1188 638 attingerent,
1210 579 1333 637 quorum
1357 561 1407 620 alii

202 640 293 717 uotae,
309 639 465 718 dequibus
480 640 566 700 Num.
582 639 631 717 ri,
647 639 697 698 alii
710 640 779 714 nati,
795 647 825 698 et
838 633 978 699 divinitus
994 640 1134 718 imperati,
1157 648 1190 699 ut
1206 639 1336 716 Samson,
1355 641 1405 700 Sa·

201 721 289 797 muel,
305 721 327 781 J
328 721 375 781 oh.
388 721 535 798 Baptista;
557 739 679 799 quorum
692 719 845 798 peculiaris
859 720 1049 780 sanctImonia
1062 721 1218 800 perlectam
1233 719 1340 779 Christi
1353 741 1405 799 pu-

202 801 326 877 ritatem,
350 801 401 880 qui
419 821 507 861 verus
527 801 584 860 Dei
602 823 646 862 aare
668 799 732 876 fuit,
754 800 981 860 antonomastice
1001 801 1077 877 talis,
1099 801 1136 860 ab
1150 801 1216 860 aliis
1232 802 1403 882 ι’φοςισμίιος,

202 880 373 941 adumbrare
387 880 496 957 debuit,
511 881 542 939 in
556 901 613 960 quo
628 901 696 940 vere
705 879 929 958 deprehenditur
937 880 1005 940 etin
1018 882 1165 959 mysterio,
1181 881 1260 959 quod
1273 883 1304 940 iu
1319 883 1405 940 Nazi-

202 961 268 1022 raeis
281 961 379 1039 quoad
398 961 512 1021 literam
532 960 707 1037 occurrebat,
730 960 873 1038 siquidem
894 960 930 1019 ab
947 962 1081 1022 omnibus
1102 961 1235 1022 sordibus
1255 961 1404 1038 abstinuit,

202 1061 268 1119 quae
281 1051 414 1119 poterant
429 1041 611 1102 sanctitatem
625 1042 689 1118 ejus
709 1041 947 1118 patientissimam
959 1041 1085 1119 inficere,
1108 1062 1166 1100 non
1181 1042 1405 1103 communicavit

202 1122 339 1199 operibus
352 1122 474 1181 mortuis
487 1122 607 1200 peccati,
623 1130 653 1180 et
665 1121 727 1180 rita
740 1121 804 1199 ejus
820 1131 990 1199 perpetuum
1004 1123 1060 1182 fuit
1074 1122 1238 1182 sobrietatis
1252 1130 1282 1180 et
1295 1129 1404 1200 tempe·

201 1202 303 1262 rautiae
317 1209 347 1260 et
360 1202 487 1262 omnium
502 1201 623 1261 aliarum
636 1201 776 1261 virtutum
790 1203 947 1280 exemplar.
989 1203 1028 1262 Et
1048 1203 1161 1262 muneri
1177 1222 1230 1262 suo
1245 1209 1325 1262 tanto
1339 1222 1404 1262 cunr

201 1282 264 1341 zelo
277 1282 418 1359 incubuit,
433 1291 466 1343 ut
478 1281 639 1361 praetulerit
651 1280 726 1340 illud
739 1281 872 1342 omnibus
886 1281 1033 1342 affinitatis
1047 1282 1157 1342 officiis.

503 1361 634 1420 XXIII.
654 1364 713 1420 Rea
722 1381 813 1420 coerce
823 1371 912 1439 erant,
925 1383 989 1441 quaa
999 1363 1127 1440 profanis
1141 1361 1241 1422 usibus
1252 1370 1403 1440 exemptae,

246 1427 392 1531 Rsszfflf·
463 1461 498 1502 ac
506 1441 605 1502 Verbo
617 1441 674 1500 Dei
687 1441 881 1518 sanctificata,
892 1443 981 1502 sacris
991 1443 1092 1502 usibus
1102 1442 1328 1518 destinabantur,
1338 1462 1404 1520 qua

462 1531 545 1582 erant
558 1523 703 1597 Denaris,
717 1522 766 1580 rel
779 1523 935 1602 Sacrafloia.
968 1523 1025 1582 Illa
1035 1531 1117 1582 eraut
1133 1523 1294 1583 oblationes
1308 1543 1404 1581 rerum

200 1597 430 1675 inanimatam,
446 1621 511 1680 quas
522 1621 559 1660 ex
570 1610 646 1661 terra
658 1610 734 1660 natm
748 1601 859 1660 homini
868 1603 916 1663 vel
929 1603 1097 1662 alimentum
1111 1603 1149 1661 ad
1162 1603 1261 1677 vitam,
1273 1603 1321 1661 vel
1336 1622 1403 1660 con·

202 1677 361 1738 dimentrnm
371 1679 410 1738 ad
419 1682 603 1758 hilaritatem,
615 1681 664 1740 vel
672 1681 914 1742 medicamentum
925 1682 963 1742 ad
973 1683 1126 1742 sanitatem
1136 1681 1402 1741 subministrabant.

202 1758 250 1816 Ex
259 1759 352 1836 primo
361 1779 466 1838 genere
476 1762 561 1839 panis
571 1772 601 1822 et
608 1761 717 1838 vinum,
728 1782 766 1820 ex
776 1761 866 1821 altero
877 1761 972 1821 oleum
983 1771 1013 1822 et
1024 1763 1075 1836 sal,
1086 1783 1123 1821 ex
1133 1763 1219 1821 tertio
1226 1761 1294 1820 thus
1302 1761 1403 1820 offere·

201 1837 294 1916 batur,
304 1841 410 1917 quibus
419 1850 480 1901 tum
490 1841 598 1903 Christi
608 1842 639 1900 in
647 1861 701 1900 nos
708 1841 849 1901 beneficia
857 1851 886 1902 et
898 1842 1022 1920 Spiritus
1029 1841 1403 1918 charismatadesignaban·

200 1926 256 1994 tur,
268 1927 330 1978 tum
343 1929 474 1983 nostrum
484 1941 555 2000 erga
566 1923 660 1982 Deum
675 1921 800 1980 officium
810 1930 840 1981 et
850 1922 926 1998 grati
937 1923 1025 1980 animi
1035 1923 1208 1998 testificatio,
1222 1921 1310 1980 Mala.
1322 1921 1342 1981 i.
1355 1924 1402 1981 11.

250 2044 382 2092 ,mmm
501 2001 627 2062 XXIV.
648 2003 796 2081 Sacrifica
809 2002 991 2080 potissimum
1004 2003 1061 2062 huc
1074 2002 1227 2080 pertinent,
1243 2021 1308 2079 quae
1322 2021 1402 2080 mag·

460 2101 528 2140 narn
541 2090 653 2159 partem
667 2082 756 2159 Legis
767 2082 973 2141 caeremonialia
983 2083 1101 2142 faciunt.
1143 2082 1210 2141 Non
1224 2081 1302 2159 quod
1318 2089 1404 2142 antea

199 2154 307 2215 suerint
325 2158 424 2220 libera
444 2163 648 2240 usurpationis,
667 2181 732 2238 qua
752 2162 899 2240 potuerint
917 2163 966 2220 vel
979 2162 1075 2222 offerri
1088 2162 1137 2221 rel
1153 2181 1211 2222 non
1228 2161 1324 2222 offerri
1341 2161 1403 2221 sine

200 2235 292 2296 debiti
310 2239 405 2299 cultus
424 2242 569 2320 neglectu,
584 2250 617 2301 ut
636 2241 753 2319 quidam
772 2242 897 2318 vellent;
917 2243 1085 2320 praescripta
1098 2243 1175 2302 enim
1189 2263 1207 2301 a
1221 2242 1284 2301 Deo
1303 2241 1401 2318 fuisse,

201 2315 251 2406 vel
264 2335 302 2374 ex
315 2335 350 2375 eo
369 2321 439 2380 satis
457 2339 601 2399 superque
620 2321 775 2398 colligitur,
795 2322 875 2399 quod
889 2322 967 2382 Abel
974 2325 1036 2402 fide
1053 2324 1181 2382 obtulisse
1195 2321 1308 2398 dicitrn,
1325 2322 1402 2380 Heb.

201 2413 243 2451 rn.
264 2396 293 2470 4,
315 2395 387 2456 fides
412 2409 507 2460 autern
532 2402 634 2460 nititur
654 2401 754 2462 Verbo
776 2401 840 2477 Dei,
867 2410 898 2462 et
922 2403 1002 2480 quod
1022 2405 1101 2462 Deua
1127 2403 1309 2462 testimoniam
1331 2400 1402 2460 diei·

202 2480 250 2532 tur
270 2475 449 2552 perhibuisse
472 2481 536 2541 istis
559 2480 716 2558 sacrificiis,
741 2481 783 2540 ita
800 2480 933 2541 testando
956 2502 991 2542 ea
1007 2483 1063 2542 sibi
1083 2492 1166 2560 grata
1190 2502 1268 2542 esse:
1310 2481 1352 2540 At
1372 2481 1403 2538 in

201 2555 319 2630 negotio
337 2558 484 2638 religionis
502 2561 575 2620 nihil
596 2561 654 2638 ipsi
676 2561 780 2638 placet,
800 2561 858 2619 niai
878 2562 957 2638 quod
974 2563 1036 2640 ipse
1051 2563 1149 2642 jussit,
1169 2569 1199 2622 et
1217 2561 1402 2620 1111111111-

198 2635 309 2714 tgmria
323 2637 483 2718 damnatam,
496 2641 657 2701 (1011123.
702 2639 761 2700 Sed
773 2641 879 2700 elarius
892 2650 923 2701 et
936 2643 1084 2702 solennius
1097 2650 1236 2702 renovata
1249 2649 1294 2700 est
1303 2661 1403 2700 eorum

198 2714 342 2776 institutio
355 2739 407 2796 per
421 2721 544 2782 Mosam.
584 2721 733 2801 morfisa
748 2729 845 2780 autem
860 2731 942 2780 erant
954 2723 1080 2781 victimae
1094 2742 1189 2780 rerum
1203 2721 1402 2798 animatorum,

199 2813 217 2853 a
230 2795 309 2856 fideli
322 2799 468 2877 exhibitae,
485 2810 514 2862 et
527 2821 579 2879 per
594 2801 780 2860 Sacerdotem
794 2800 857 2860 Deo
871 2800 985 2876 oblatae,
1004 2803 1092 2880 juxta
1105 2802 1178 2860 ritus
1198 2801 1235 2860 ab
1252 2801 1315 2878 ipso
1329 2821 1402 2878 prm-

199 2877 340 2955 scriptos;
368 2898 489 2957 quarum
507 2881 659 2960 integritas
678 2889 708 2940 st
726 2882 868 2961 ismengrii,
890 2890 924 2940 ut
943 2881 1089 2941 Christum
1108 2900 1215 2957 agnum
1235 2881 1402 2938 immacula·

198 2964 261 3015 tum
282 2959 473 3036 significabat,
495 2969 525 3021 et
545 2980 664 3038 scopum
685 2961 869 3038 perfectionis
890 2960 1030 3038 adquam
1047 2961 1078 3019 in
1093 2960 1148 3018 hac
1167 2960 1228 3018 rita
1245 2959 1401 3018 collinean-

200 3035 268 3095 dum
282 3047 335 3114 est,
357 3040 399 3098 ita
417 3041 526 3100 oblatio
550 3059 648 3100 earum
663 3040 771 3100 Christi
787 3040 881 3118 primo
901 3039 1072 3100 sacrificium
1089 3059 1142 3117 pro
1160 3039 1245 3098 nobis
1262 3038 1400 3116 oblatum,

198 3115 302 3177 deinde
323 3128 453 3180 nostram
473 3121 561 3180 etiam
582 3123 684 3193 λογικὸν
708 3122 825 3206 tergeste
848 3120 1029 3198 designabat.
1072 3120 1181 3178 Eorum
1205 3115 1270 3177 dum
1291 3118 1403 3196 species

197 3198 349 3275 precipua
369 3209 460 3260 eraut.
501 3201 571 3260 Alia
588 3203 665 3261 enim
682 3214 763 3261 erant
779 3201 908 3260 tilectus
925 3219 977 3259 seu
992 3199 1190 3278 propitiatoria
1206 3218 1259 3276 pro
1275 3198 1402 3276 peccatis

197 3279 367 3355 commissis,
383 3299 448 3357 qua
463 3281 634 3340 sacrificium
648 3281 840 3359 expiatorium
855 3280 962 3340 Christi
976 3299 1028 3358 pro
1042 3279 1127 3341 uobis
1140 3279 1172 3337 in
1186 3298 1269 3338 cruce
1283 3283 1314 3343 εἰς
1328 3280 1402 3356 trata

197 3354 295 3424 abab&
309 3358 438 3420 oblatum
453 3359 491 3420 ad
504 3361 699 3438 expiationem
709 3369 892 3440 peccatorum
906 3367 1078 3436 nostrorum,
1095 3359 1203 3437 Ephes.
1215 3380 1244 3419 v.
1256 3363 1283 3432 2,
1296 3368 1325 3418 et
1335 3379 1402 3418 nos·

117 3506 126 3520 ,
196 3439 235 3495 tri
248 3449 278 3498 et
291 3439 419 3517 corporis
426 3449 457 3500 et
465 3441 554 3500 animi
562 3441 806 3500 consecrationem
815 3441 845 3498 in
855 3440 969 3500 Christo
979 3439 1058 3498 Patri
1067 3439 1173 3498 factam
1182 3438 1401 3514 adumbrabant,

197 3516 282 3578 Rom.
310 3519 362 3580 xii.
382 3524 419 3596 13
441 3519 512 3580 Alia
527 3522 727 3580 Euchariston
746 3540 798 3598 pro
819 3519 966 3580 benefimis
986 3519 1035 3578 vel
1056 3519 1178 3597 speratis
1198 3519 1247 3578 vel
1265 3518 1400 3596 acceptis,

196 3616 261 3674 quae
275 3608 358 3659 erant
371 3601 435 3678 typi
449 3600 641 3679 spiritualium
655 3621 773 3678 precum
787 3608 817 3659 et
835 3598 954 3660 laudum
969 3599 1174 3658 sacrificiorum
1193 3599 1257 3658 Deo
1271 3596 1401 3676 quotidie

196 3677 415 3756 offerendorum,
427 3688 456 3740 et
464 3679 661 3741 beneficentiae
674 3699 745 3757 erga
757 3680 921 3758 proximum
935 3679 1113 3756 exercendae,
1125 3679 1202 3738 Heb.
1214 3678 1275 3737 xiii.
1293 3679 1339 3752 15,
1353 3679 1400 3738 16.

238 3759 346 3818 XXV.
368 3760 544 3842 sacraficium
557 3759 713 3838 aliquando
727 3763 783 3818 lota
797 3759 921 3819 sumitur
933 3777 985 3837 pro
996 3759 1126 3836 quelibet
1139 3759 1251 3817 actione
1265 3756 1403 3833 religiosa

196 3855 215 3894 a
226 3837 289 3897 Deo
300 3839 440 3918 instituta,
455 3849 489 3900 ut
499 3841 527 3900 ei
536 3848 636 3900 nostra
646 3839 798 3900 offeramus
812 3839 851 3897 ad
863 3838 955 3916 ipsius
964 3838 1095 3916 gloriam,
1111 3847 1141 3897 et
1151 3844 1250 3896 sancta
1264 3835 1402 3895 societate

197 3916 241 3975 illi
255 3921 361 3980 arctius
378 3921 555 3999 copulemur.
597 3920 637 3979 Et
650 3939 685 3978 eo
702 3938 790 3978 sensu
803 3917 898 3996 potuit
910 3919 1007 3977 locum
1023 3917 1130 3976 habere
1147 3916 1234 3975 etiam
1250 3923 1317 3973 ante
1334 3935 1400 3992 pec-

198 4005 302 4072 catum,
318 4007 347 4058 et
359 3999 426 4060 finis
439 4000 494 4060 tuit
508 3999 657 4075 testanda,
676 3998 873 4076 obsignandas,
895 3995 1109 4071 conservanda,
1125 4004 1155 4054 et
1168 3994 1309 4072 augendae
1323 4014 1400 4053 com·

198 4077 342 4137 munionis
356 4099 422 4138 cum
437 4081 510 4156 Deo,
532 4080 649 4138 homine
666 4077 775 4155 gratias
791 4085 905 4154 agente,
927 4084 1046 4153 accepta
1059 4075 1156 4134 omnia
1169 4075 1287 4151 ferente,
1305 4081 1335 4132 et
1349 4094 1402 4134 sua

197 4157 294 4215 omnia
307 4169 529 4236 repraesentante
544 4167 574 4219 et
590 4160 710 4219 sistente
725 4157 789 4217 Deo
805 4157 843 4216 ad
857 4157 932 4234 grati
949 4157 1037 4215 animi
1050 4155 1255 4229 testimonium,
1271 4163 1301 4213 et
1314 4154 1401 4213 bene-

196 4235 327 4297 ficiorum
341 4240 447 4316 quibus
460 4241 556 4299 adhuc
570 4247 637 4316 eget
650 4237 892 4298 consecutionem.
936 4235 995 4296 Sed
1014 4236 1108 4294 stricte
1123 4243 1205 4294 notat
1226 4233 1401 4292 oblationem

196 4326 228 4374 et
244 4319 447 4378 mactationem
466 4319 593 4379 victima
611 4318 649 4377 ad
662 4317 773 4395 peccati
790 4316 985 4394 expiationem
1003 4335 1055 4394 per
1071 4316 1134 4394 ejus
1150 4314 1352 4390 simpectas
1372 4321 1402 4374 et

196 4403 339 4472 mortem3
361 4397 401 4457 Et
416 4400 459 4458 ita
476 4407 545 4477 post
563 4407 714 4477 peecatum
734 4405 847 4456 tantum
863 4396 960 4455 locum
978 4395 1086 4454 habere
1100 4395 1202 4472 potuit.
1244 4392 1402 4465 Quacum

196 4473 276 4532 mala
289 4475 381 4552 culpae
395 4485 425 4537 et
441 4499 544 4556 prenae,
566 4498 618 4558 per
636 4485 786 4556 peccatum
804 4476 928 4551 inrecta,
950 4474 1113 4534 amolienda
1126 4480 1230 4548 essent,
1251 4479 1281 4529 et
1294 4470 1402 4531 bonae

196 4554 304 4631 quibus
322 4555 409 4615 homo
423 4557 570 4618 exciderat
590 4556 780 4637 procuranda,
794 4575 846 4634 per
862 4555 985 4633 justitias
998 4553 1105 4614 divinae
1124 4549 1358 4626 satisfactionem,
1373 4559 1402 4610 at

196 4634 248 4694 irae
262 4634 355 4716 ipsius
367 4635 568 4717 placationem,
586 4635 749 4698 accesserit
766 4635 916 4715 sanguinis
930 4635 1014 4713 lusio,
1036 4641 1066 4694 et
1081 4653 1159 4694 mors
1172 4630 1298 4692 victima
1311 4629 1342 4688 in
1356 4649 1400 4689 sa-

265 525 382 574 Noritarl.
