3150 5206
122 377 236 428 onear.
251 353 288 438 1.]
487 373 525 412 ne
540 373 672 414 semona
687 373 724 414 er
739 374 833 416 erere
847 377 973 419 onmem.
1274 369 1331 424 243

123 557 137 603 1
182 553 205 600 D
221 553 366 599 monstratio
428 513 519 572 VIII.
551 514 654 572 Pruna
680 516 891 588 Demonstratio
918 518 1065 595 petitura
1091 523 1331 582 Determiaotione

140 590 178 660 'ds
206 569 219 600 ο
249 613 367 658 Adventu
389 594 543 668 Temporis,
559 612 617 669 quo
632 594 798 671 contingere
813 596 914 657 debuit
929 597 1045 657 Mcesiee
1059 599 1210 660 adventus.
1254 603 1330 660 Nam

149 672 249 718 M⁰⁸⁵¹⁸³
260 670 367 752 pontes
387 673 413 731 ai
437 673 563 750 Tempus
588 673 704 732 Measiae
728 675 867 734 adventui
889 677 1082 754 praestitutum
1102 681 1216 756 jedeu
1239 683 1328 757 venit,

149 728 347 787 “mp⁰¹'⁰s¹¹⁰h'
388 752 526 812 Messiam
547 752 634 810 etiem
651 753 713 828 jam
727 755 841 814 venisse
851 775 969 816 necesse
983 765 1036 816 est.
1078 758 1122 817 At
1135 760 1249 818 venisse
1257 761 1328 837 jem,

119 843 149 896 et
169 833 351 912 praeteriisse,
368 852 405 890 ex
419 832 508 890 variis
522 832 586 908 ejus
606 832 821 893 characteribus
835 836 994 895 clarissime
1016 837 1172 914 colligitur.
1216 839 1329 899 Primus

118 915 228 992 petitur
249 933 288 972 ex
308 911 425 972 oraculo
449 911 563 986 Jacobi,
580 911 655 971 Gen.
675 912 748 971 xlix.
767 916 812 989 lt),
828 914 878 974 ubi
901 916 1045 975 adventus
1070 917 1187 977 Messias
1208 921 1328 997 conjun-

119 993 199 1071 gitur
212 1013 278 1052 cum
292 991 437 1052 ablatione
452 991 557 1068 sceptri
571 990 593 1050 J
594 990 691 1050 udaiei
703 1014 710 1066 ;
735 993 830 1052 “Non
843 994 1017 1072 auferetur,''
1029 997 1131 1073 inquit,
1148 1000 1167 1031 “
1178 997 1329 1074 Sceptrum

119 1072 240 1146 eJude,
256 1091 310 1130 nec
325 1071 489 1147 Legislator
508 1069 545 1128 de
565 1070 661 1128 medio
679 1071 785 1148 pedum
799 1075 870 1150 ejus,
896 1094 988 1152 usque
1010 1075 1078 1135 dum
1094 1078 1193 1136 veniat
1216 1078 1327 1153 Siloh,''

119 1149 175 1210 &a
221 1151 305 1212 Unde
319 1151 360 1210 ita
373 1157 626 1228 argumentamur;
651 1151 682 1210 si
696 1171 755 1210 non
775 1152 962 1212 auferendum
976 1155 1031 1215 fuit
1042 1165 1187 1233 sceptrum
1201 1177 1217 1216 e
1238 1158 1329 1234 Juda,

119 1231 214 1292 donec
238 1231 351 1290 veniret
376 1230 466 1304 Siloh,
492 1229 542 1306 qui
563 1237 607 1288 eet
628 1229 760 1305 Messias,
784 1234 914 1309 sequitur
934 1255 1000 1293 eum
1023 1236 1139 1295 venisse
1161 1237 1328 1313 certissime,

120 1311 190 1388 quia
206 1311 269 1388 jam
283 1311 408 1386 alonge
428 1318 556 1387 tempore
577 1308 726 1385 impletum
740 1319 784 1370 est
807 1311 886 1372 istud
905 1315 1061 1390 oraculum,
1084 1324 1113 1374 et
1134 1316 1263 1375 ablatum
1284 1327 1329 1378 est

122 1391 275 1467 Sceptrum
299 1389 467 1464 Judaieum,
487 1409 540 1448 nec
564 1388 672 1448 hebent
692 1389 791 1448 Judaei
805 1391 880 1451 ullos
902 1393 1059 1471 Principes.
1102 1395 1152 1453 Ad
1166 1399 1328 1476 argumenti

120 1469 367 1530 confirmationem
391 1477 492 1528 contre
516 1468 621 1526 cavilla
644 1469 815 1528 Judaeorum
842 1471 900 1531 duo
925 1482 993 1532 aunt
1019 1473 1187 1550 probanda:
1220 1479 1247 1535 1.
1273 1477 1330 1535 Per

122 1550 206 1610 Siloh
219 1549 267 1608 bic
289 1548 427 1608 Moesiam
440 1547 583 1624 intelligi;
614 1552 641 1606 2.
664 1547 725 1626 Agi
749 1548 786 1608 de
800 1551 944 1611 ablatione
960 1553 1089 1612 Dominii
1106 1563 1135 1612 et
1146 1556 1329 1616 authoritatis

122 1629 254 1690 Politice
268 1629 290 1689 J
292 1628 448 1688 udeeorum.

162 1708 224 1766 IX.
248 1712 274 1766 l.
291 1707 396 1782 Primo,
412 1707 491 1766 siret
503 1725 562 1762 non
573 1706 647 1764 aliua
660 1715 756 1783 potest
769 1727 832 1766 esse
849 1728 936 1785 quam
952 1710 1084 1770 Messias.
1126 1711 1201 1769 Nam
1220 1712 1328 1789 qualis·

120 1807 236 1864 cunque
254 1787 293 1845 ait
306 1787 388 1846 vocis
401 1787 484 1862 origo
494 1793 524 1843 et
537 1785 718 1861 significatio,
741 1795 850 1846 certum
864 1797 909 1846 est
926 1807 985 1847 non
999 1789 1088 1848 alium
1102 1790 1149 1848 hie
1164 1790 1326 1868 designari3

122 1867 193 1928 Sive
207 1875 369 1945 exponatur
382 1886 433 1944 per
446 1865 631 1940 &maspiter
644 1866 805 1924 mittendum
828 1876 861 1926 ut
875 1867 1004 1944 Vulgata
1017 1869 1229 1946 interpretetur,
1244 1871 1328 1948 quasi

121 1946 279 2024 legendum
290 1954 367 2005 esset
380 1953 473 2020 natm
497 1945 566 2003 Slve
587 1964 639 2020 per
643 1945 739 2022 filium
760 1948 847 2021 ejtoe,”
869 1946 918 2021 in,
940 1955 973 2006 ut
997 1949 1113 2006 Kimolri
1134 1949 1261 2026 exponit,
1284 1972 1329 2026 aa,

121 2026 174 2103 qui
187 2031 324 2086 irascetur
340 2029 422 2086 miae
443 2045 481 2084 ex
502 2025 654 2082 assemdim
678 2025 814 2100 mulieris,
841 2045 921 2085 more
942 2027 1069 2086 omnium
1091 2029 1143 2105 qui
1160 2037 1326 2104 nascuntur,

120 2106 172 2164 vel
185 2114 218 2164 ut
231 2105 392 2164 deducetur
404 2123 443 2162 ex
452 2103 687 2180 Arabicelingua
700 2102 751 2161 ubi
760 2110 805 2167 tto
818 2107 1035 2182 estproflumnm
1045 2109 1196 2183 sanguinis,
1211 2109 1228 2141 “
1237 2108 1330 2168 donec

121 2185 222 2244 veniat
235 2186 299 2244 neta
318 2181 493 2260 profluvium
513 2182 662 2258 sanguinis
683 2183 777 2260 ejua,”
794 2183 833 2243 id.
849 2205 947 2244 semen
957 2185 1036 2262 quod
1050 2206 1088 2244 ex
1109 2207 1143 2245 eo
1157 2186 1281 2262 fluxerit,
1297 2196 1330 2246 ut

122 2264 188 2323 vult
201 2265 277 2322 Led.
292 2265 327 2321 de
342 2263 440 2334 Dieu;
464 2262 532 2320 Sive
554 2261 713 2320 deducatur
725 2281 784 2322 vox
799 2283 817 2321 a
830 2271 884 2328 etet
899 2264 977 2341 quod
991 2274 1036 2324 est
1056 2265 1179 2325 feliciter
1200 2275 1229 2325 et
1249 2286 1329 2343 pros·

121 2363 191 2420 pere
206 2362 300 2420 agere,
312 2341 431 2402 “donec
445 2341 543 2400 veniat
552 2341 719 2417 Sospitam,
735 2343 784 2401 vel
794 2342 932 2420 Pacifioru
948 2353 978 2402 et
987 2345 1131 2422 quietus,'‘
1145 2355 1178 2404 ut
1192 2347 1329 2422 Olearter,

121 2423 291 2497 Aoeaoriue,
313 2429 344 2481 et
360 2420 412 2480 elii
424 2421 546 2495 volunt;
577 2420 646 2479 Sive
670 2441 730 2479 vox
744 2423 903 2500 composite
916 2423 1029 2482 dicatur
1047 2445 1086 2482 ex
1099 2437 1129 2486 ets·
1143 2445 1208 2502 quae
1227 2445 1332 2486 munus

123 2501 279 2578 significet,
295 2509 324 2560 et
335 2500 421 2562 affixo
439 2505 472 2574 ab,
488 2499 528 2560 id.
543 2519 642 2558 muana
660 2500 693 2574 ei,
709 2501 777 2578 quie
797 2521 916 2561 munere
936 2503 980 2560 illi
996 2503 1114 2563 fsterunt
1133 2503 1287 2579 afferenda,
1299 2514 1332 2564 ut

122 2581 229 2640 R.S.J.
252 2579 413 2658 pertendit;
440 2580 510 2640 SIvc
532 2577 656 2655 denique
677 2589 838 2657 exponatur
860 2601 913 2658 per
930 2585 955 2641 eb
972 2594 1024 2644 ees
1050 2584 1145 2658 Cujus·
1161 2593 1207 2658 eet,
1230 2583 1332 2660 supple

122 2657 1333 2816 tantist.ttttttt‘ltttttttttttlltttttltiltttttt

121 2819 173 2878 ille
184 2819 315 2896 adqueru
327 2785 479 2895 pertinetJ'
517 2817 565 2877 Sic
575 2817 781 2877 intellexerunt
793 2819 916 2897 Paraph.
927 2818 1030 2878 Onkel.
1042 2761 1085 2877 ab
1083 2819 1198 2878 Hieros.
1210 2822 1228 2852 “
1238 2819 1331 2878 donee

122 2899 224 2959 veniat
239 2898 370 2972 Messias,
383 2899 466 2974 eujus
479 2905 524 2956 est
544 2898 695 2973 regnum.''
722 2897 826 2956 LXX.
840 2907 966 2972 vertrmt,
982 2901 1016 2956 τὲ
1030 2897 1180 2973 &euripos
1192 2901 1268 2974 adep,
1283 2899 1332 2956 vel

123 2977 145 3056 ᾇ
158 2978 297 3050 debera,
313 2985 346 3038 ut
370 2977 479 3038 Justin.
499 2977 601 3034 Irenee.
617 2976 725 3038 Tertul.
785 2977 825 3034 Et
837 2977 891 3036 lux
904 2985 1000 3054 potest
1014 2977 1112 3035 inferri
1133 2977 1201 3035 huic
1215 2978 1279 3035 loco
1293 2995 1332 3035 ex

122 3057 211 3116 Erece
236 3057 298 3115 xxi
319 3060 367 3131 27,
382 3056 434 3116 ubi
447 3055 543 3132 egitur
556 3055 592 3114 de
608 3056 721 3114 Corone
741 3055 901 3130 Jechoniae,
925 3057 944 3090 ‘¹
956 3055 1022 3114 Non
1046 3056 1101 3114 erit
1121 3057 1213 3130 heec‚'’
1230 3055 1331 3132 supple

125 3137 248 3210 Corona,
272 3135 391 3194 “donec
411 3135 523 3194 renent
543 3136 630 3195 stete
645 3134 692 3192 cui
712 3143 757 3193 est
774 3134 947 3210 judicium.”
978 3134 1242 3211 Quomodoounque
1263 3153 1333 3193 vero

359 3339 366 3368 t
441 3338 449 3352 ·
1232 3339 1239 3368 s

124 3371 1068 3528 materiatae.temnentes
1080 3372 1333 3510 sedetet

124 3531 230 3592 iratres
244 3539 273 3590 et
286 3530 361 3590 filios
375 3530 465 3607 petria
480 3531 524 3590 eui
538 3529 647 3604 tribuit,
663 3531 705 3588 ita
725 3529 761 3588 de
786 3530 897 3588 Massia
915 3549 953 3588 ex
974 3549 1008 3588 eo
1028 3529 1138 3590 orituro
1159 3531 1238 3607 dicit,
1254 3531 1334 3608 quod

125 3609 292 3748 ngpffimmo
307 3610 409 3668 fratres
422 3609 486 3685 ejus
507 3628 573 3666 eum
588 3609 646 3667 sint
659 3606 813 3683 adoraturi,
829 3609 881 3667 aed
902 3609 988 3668 etiem
1002 3610 1102 3686 populi
1115 3629 1215 3669 omnes
1229 3610 1257 3668 ei
1275 3611 1334 3670 eint

124 3710 144 3748 o
204 3689 279 3748 turi.

167 3767 212 3828 X.
234 3767 316 3828 Nulli
336 3773 432 3843 potest
450 3765 500 3824 alii
520 3764 684 3826 convenire.
706 3765 773 3824 Non
786 3767 870 3842 Moci,
886 3766 955 3842 quia
975 3768 1052 3844 apud
1072 3767 1182 3828 Judam
1203 3768 1332 3826 nondum

123 3847 230 3906 fuisset
252 3846 346 3922 Regia
366 3853 503 3922 potestas,
519 3864 572 3902 nec
590 3843 763 3921 pomdseete
782 3845 864 3904 Juda
883 3845 921 3904 ed
940 3847 1054 3904 Mosem
1067 3847 1224 3905 manaserri.
1267 3847 1333 3908 Nou

124 3926 217 4000 Sauli,
232 3926 284 4000 qui
297 3923 450 4001 ungendus
464 3923 594 3984 fueritin
610 3923 699 3998 Silob,
715 3942 767 4000 per
779 3943 866 4000 quom
877 3933 1021 4001 sceptrum
1036 3945 1054 3983 a
1066 3926 1088 3984 J
1090 3925 1148 3982 uda
1161 3933 1288 3982 emotum
1303 3933 1333 3982 et

125 4003 166 4064 ed
190 4003 298 4064 tribum
316 4003 472 4080 Benjemin
492 4002 531 4061 eit
560 4003 732 4064 transtrum
738 4024 745 4077 ;
769 4002 844 4061 Nem
866 4007 893 4062 1.
909 4003 987 4063 saul
1007 4023 1066 4061 non
1085 4011 1191 4061 unctus
1221 4001 1277 4060 fnit
1300 4001 1331 4059 in

127 4083 221 4158 Siloh,
241 4082 296 4142 sed
314 4083 406 4159 primo
430 4083 461 4142 in
482 4082 583 4157 Rama,
609 4081 766 4140 solenniter
785 4083 970 4141 renunciatus
992 4083 1024 4139 in
1045 4081 1162 4156 Mitspe,
1184 4089 1213 4138 et
1237 4079 1332 4138 denuo

124 4161 314 4224 confirmatus
333 4162 365 4220 in
386 4161 495 4238 Gilgel,
520 4165 534 4218 1
552 4161 630 4220 Sem.
645 4161 695 4236 ix,
717 4181 757 4234 x.‚
777 4169 807 4219 et
830 4161 889 4236 xi.;
912 4165 940 4220 2.
962 4160 1041 4218 Ante
1068 4159 1184 4216 Saulem
1204 4158 1333 4216 nondum

125 4241 183 4302 fuit
196 4249 342 4318 sceptrum
361 4240 473 4316 regium
494 4241 525 4298 in
538 4238 627 4316 Juda,
642 4239 701 4298 imo
723 4239 851 4298 nondum
872 4239 1060 4298 constitutum
1074 4246 1136 4296 erat
1155 4257 1278 4313 regnum
1302 4237 1333 4296 in

124 4320 223 4380 medio
243 4320 344 4397 populi
368 4320 398 4378 in
423 4327 502 4380 certa
524 4319 622 4396 alique
643 4319 737 4393 tribu,
769 4321 797 4377 3.
822 4319 908 4378 Saule
931 4326 1071 4394 regnante
1095 4316 1267 4376 translatum
1287 4325 1332 4374 est

122 4409 274 4478 sceptrum
293 4399 333 4458 ad
345 4398 456 4459 dudam
470 4407 499 4457 et
514 4397 666 4472 Davidem,
681 4415 740 4456 non
764 4417 834 4474 ergo
858 4398 986 4456 ablatum
1008 4397 1045 4454 eb
1069 4395 1152 4472 ips0;
1186 4397 1214 4451 4.
1238 4393 1334 4452 Saulis

125 4499 185 4540 non
205 4479 303 4557 potuit
322 4497 386 4536 esse
408 4478 456 4536 vel
470 4478 631 4551 mediceae,
647 4476 696 4534 vel
709 4477 864 4552 expectatio
877 4475 1058 4552 poptdorum.
1091 4475 1157 4532 Non
1170 4473 1335 4546 vectitiis
1452 4513 1456 4524 .

124 4580 183 4636 quo
198 4557 294 4620 tribus
315 4557 337 4618 J
339 4557 403 4618 udae
423 4557 584 4634 prelature,
600 4555 630 4614 in
645 4555 768 4632 Regiam
783 4555 954 4632 dignitatem
972 4553 1113 4613 translate
1133 4553 1178 4628 eit,
1194 4551 1334 4629 quianon

123 4639 232 4700 dicitur
243 4644 388 4714 sceptrum
398 4635 635 4710 transferendum,
648 4633 701 4694 sed
710 4636 903 4710 mtfmmduat,
915 4653 968 4692 nec
979 4633 1020 4692 ibi
1029 4633 1115 4693 desiit
1125 4639 1278 4711 sceptrum,
1284 4629 1336 4690 ubi
