3192 5206
684 257 776 298 uoces
791 255 921 297 necinus
936 255 1081 304 suenrus.
1286 235 1431 314 [numer.
1451 255 1507 293 vn.

628 560 630 563 .
732 475 926 551 ounsmo
960 447 1033 534 vn.

622 655 662 706 DE
676 654 792 696 omero
806 654 925 696 cursu
939 652 1133 694 PnosuurtuO.

271 801 306 858 ln
320 819 374 875 quo
388 798 520 857 consistat
538 797 614 854 ratio
628 792 791 872 Prophetia
810 795 923 870 Chresti,
938 815 987 854 sen
1000 796 1137 862 Quanam
1145 802 1254 867 partes,
1265 802 1293 852 et
1308 793 1376 869 quis
1393 797 1499 851 moden

786 876 961 949 ejusfiterit?
1570 879 1571 928 l

580 1034 605 1091 I.
628 1033 726 1092 Prima
740 1032 833 1093 Officii
848 1034 955 1092 Christi
968 1054 1035 1110 pers
1049 1043 1094 1094 est
1108 1033 1270 1110 stapham,
1285 1051 1355 1110 quse
1370 1032 1426 1088 hie
1436 1051 1496 1089 non

268 1117 451 1188 Quosppuciur
459 1113 518 1158 Pro·
539 1117 594 1173 lette
608 1123 637 1171 et
651 1114 807 1189 improprie
834 1115 957 1172 sumitur
980 1133 1032 1191 pro
1055 1115 1191 1188 Qualibet
1202 1113 1258 1171 Dei
1282 1111 1448 1188 agnitione
1464 1123 1493 1169 et

283 1177 365 1235 ΡΜ
379 1178 499 1218 sumatur.
534 1193 735 1266 celebratione,
761 1193 906 1270 quomodo
927 1193 1028 1252 fideles
1052 1194 1187 1253 dicuntur
1209 1191 1420 1270 prophetaturi
1436 1193 1492 1248 snb
1569 1269 1570 1272 Ἴ

269 1283 353 1340 Novo
368 1280 562 1348 Testamento,
578 1273 655 1333 Joel.
671 1273 701 1330 ii.
717 1275 764 1346 28,
788 1273 844 1331 Vel
869 1292 921 1349 pro
931 1273 1049 1349 publica
1060 1273 1248 1346 institutione,
1258 1290 1324 1347 quse
1343 1272 1493 1347 competit

268 1359 477 1436 Interpretibus
504 1356 664 1425 Sacrorum,
690 1371 741 1410 seu
758 1353 882 1429 publicis
911 1353 1049 1411 Ecclesiae
1077 1353 1253 1412 Doctoribus
1277 1361 1308 1409 et
1322 1351 1488 1420 Ministris,

268 1461 326 1518 quo
341 1459 436 1514 sensu,
455 1441 469 1494 1
483 1435 547 1494 Gor.
570 1433 630 1490 xiv.
644 1435 691 1506 32,
714 1433 837 1508 Spiritus
848 1433 1057 1508 Prophetarum
1071 1434 1202 1492 &mann
1228 1433 1343 1506 eatjecti
1351 1432 1489 1506 Prophe-

268 1524 310 1595 tis,
335 1520 391 1578 Vel
405 1517 526 1576 strictius
547 1513 583 1572 de
605 1513 640 1570 iis
660 1531 733 1588 quos
749 1513 829 1570 Deus
854 1512 1017 1571 immediate
1038 1522 1068 1572 et
1088 1522 1171 1572 extra
1198 1511 1328 1570 ordinem
1342 1511 1486 1582 vocabat,

267 1621 327 1660 non
352 1608 463 1658 tantum
485 1592 698 1654 adducendum
721 1593 867 1668 populum,
892 1592 944 1650 sed
968 1601 996 1651 et
1010 1592 1047 1650 ad
1058 1593 1167 1651 cultum
1183 1592 1238 1650 Dei
1253 1598 1426 1667 corruptum
1442 1590 1488 1646 in-
1569 1597 1570 1600 ’

268 1679 464 1752 staurendum,
493 1683 523 1733 et
541 1673 637 1734 futura
655 1671 746 1730 multe
764 1671 955 1748 praedicenda,
975 1692 1040 1748 qua
1054 1672 1180 1730 maxime
1200 1671 1345 1730 ordinaria
1370 1678 1419 1728 est
1446 1671 1487 1728 is-

267 1763 326 1820 tius
350 1758 431 1817 vocis
446 1753 618 1834 significatio
642 1752 673 1809 in
697 1751 798 1810 Veteri
823 1752 1016 1827 Testamento,
1042 1773 1107 1829 quse
1129 1750 1268 1828 peculiari
1290 1749 1421 1826 quadam
1438 1769 1484 1806 nr-

531 1833 609 1894 tione
638 1831 715 1890 Mosi
742 1831 916 1905 vindicatur,
943 1831 1029 1890 Num.
1044 1832 1105 1906 xii,
1132 1841 1165 1890 ut
1192 1839 1293 1908 postea
1320 1829 1484 1888 videbitur.

268 1879 400 1982 Etohpppo
414 1890 507 1980 iiiiii
530 1913 587 1973 Sed
595 1911 764 1970 strictissime
775 1921 802 1969 et
811 1911 934 1968 manime
937 1911 1066 1987 proprie,
1087 1930 1139 1987 pro
1150 1910 1317 1987 plerissima
1327 1917 1357 1967 et
1372 1929 1485 1986 augus·
1560 1968 1565 1991 Ι

303 2000 354 2040 eur.
532 1992 644 2051 tissime
667 1991 869 2066 mysteriorum
889 1991 991 2050 salutis
1014 1990 1198 2064 revelatione,
1223 2009 1311 2067 quam
1336 1988 1485 2062 Christus,

267 2084 300 2134 ut
315 2089 465 2150 supremus
479 2071 618 2130 Ecclesiae
634 2071 751 2143 Ductor,
766 2070 850 2127 nobis
865 2070 1005 2128 exhibuit.
1560 2072 1564 2145 ζ

571 2150 612 2208 ll.
635 2149 759 2223 Quidam
783 2150 892 2207 vellent
910 2149 1113 2226 Propheticum
1137 2149 1192 2208 hoc
1215 2149 1324 2207 Munus
1348 2165 1484 2224 compre-

264 2233 321 2278 Non
333 2230 510 2330 comprehense
530 2229 618 2287 hendi
633 2229 686 2287 sub
702 2229 804 2304 Regio,
820 2228 857 2286 ed
872 2229 950 2304 quod
963 2229 1087 2307 pertinet
1102 2229 1269 2305 Legislatio,
1285 2236 1336 2286 aut
1355 2227 1412 2286 sub
1429 2229 1484 2286 Sa-

296 2287 508 2398 {2{,Off¹¹„{a⁰,ff,¹{
529 2307 666 2366 cerdotsli
681 2307 830 2380 contineri,
846 2308 893 2366 cui
916 2309 962 2365 vis
986 2309 1171 2382 vaticinandi,
1197 2316 1226 2367 et
1239 2307 1363 2366 facultas
1383 2307 1484 2365 Deum

297 2403 390 2460 Regno.
532 2386 703 2445 consulendi
717 2396 746 2444 et
760 2405 898 2462 responsa
912 2386 1000 2445 dandi
1014 2407 1128 2447 annexa
1150 2397 1220 2446 erat.
1264 2385 1323 2444 Sed
1333 2405 1394 2444 non
1409 2388 1483 2444 setis

528 2475 660 2523 accurate
685 2466 860 2541 loquuntur;
884 2466 958 2540 Quia
971 2468 1027 2526 hoe
1040 2487 1099 2526 non
1123 2467 1298 2545 impediebat
1322 2466 1483 2542 quominus

265 2545 329 2603 hsec
343 2543 398 2603 tria
413 2543 537 2606 Munera
547 2545 615 2604 olim
628 2545 734 2603 fuerint
744 2544 890 2604 distincta.
934 2546 976 2606 Ut
987 2567 1055 2606 sene
1070 2547 1150 2606 alind
1163 2555 1208 2606 est
1221 2546 1399 2605 ordinarium
1414 2565 1481 2604 esse
1567 2518 1571 2637 i

267 2625 425 2700 Pastorem,
438 2625 518 2685 aliud
532 2645 601 2684 vero
617 2625 809 2702 Prophetam3
832 2624 911 2684 aliud
935 2646 1073 2704 response
1096 2626 1210 2700 referre,
1236 2624 1317 2686 aliud
1329 2644 1409 2683 nova
1419 2645 1481 2683 non

264 2705 364 2764 audita
374 2725 427 2765 nec
441 2707 564 2782 quaesita
586 2705 721 2784 proferre.
755 2705 906 2782 Prophetes
918 2708 1119 2766 excitabantur
1134 2715 1217 2765 extre
1230 2706 1359 2764 ordinem
1375 2705 1480 2763 autad

266 2785 484 2862 instituendum,
500 2786 602 2846 autad
616 2784 833 2844 instaurandum
846 2786 901 2844 Dei
922 2787 1040 2861 cultum,
1061 2805 1183 2863 quorum
1207 2786 1297 2844 verba
1317 2785 1360 2862 pii
1378 2784 1479 2860 Reges

266 2875 295 2924 et
309 2865 479 2925 Sacerdotes
488 2867 573 2926 avide
583 2866 774 2942 excipiebant.
787 2865 835 2924 Ex
846 2865 903 2923 alia
913 2865 1000 2924 etiam
1011 2865 1102 2924 'l'ribu
1112 2885 1198 2941 quam
1209 2865 1340 2923 Levitiea
1348 2883 1477 2922 assume-

266 2946 378 3018 bantur,
401 2947 438 3004 ad
453 2968 539 3024 quam
553 2947 715 3025 pertinebat
731 2945 937 3020 Sacerdotium,
954 2954 983 3004 et
1003 2945 1041 3003 ed
1054 2945 1131 3003 hunc
1141 2945 1284 3022 precipue
1306 2943 1394 3002 finem
1408 2963 1476 3002 eon-

266 3026 370 3084 secreti
380 3037 470 3103 erant,
482 3037 514 3088 ut
525 3047 637 3086 sacrum
647 3024 724 3103 apud
734 3025 894 3084 Ecclesiam
905 3024 1082 3102 deponerent
1092 3025 1246 3100 (lenonem,
1257 3022 1336 3101 quod
1345 3023 1475 3082 Verbum

266 3114 318 3180 est,
334 3125 392 3164 non
406 3105 602 3178 Sacerdotem,
618 3115 668 3164 aut
693 3106 816 3182 Regum,
840 3105 892 3163 sed
904 3105 1115 3182 propheticum,
1140 3109 1158 3162 2
1174 3105 1237 3163 Pet.
1260 3106 1279 3162 i.
1297 3106 1342 3177 19,
1359 3104 1406 3162 cui
1427 3123 1474 3161 sn·

268 3185 393 3259 perstrui
407 3185 507 3245 debuit
522 3187 662 3260 Ecclesia,
679 3186 754 3261 Eph.
767 3185 795 3242 ii.
812 3187 859 3242 20.
904 3185 949 3243 lta
963 3185 1027 3242 aliae
1042 3192 1109 3243 sunt
1127 3183 1158 3241 in
1173 3184 1287 3242 Christo
1313 3183 1472 3260 Prophetas,

267 3263 331 3319 alise
349 3263 522 3339 Sacerdotis,
534 3274 563 3324 et
579 3265 677 3340 Regis,
693 3274 798 3340 partes,
813 3273 846 3322 ut
860 3283 947 3340 supra
961 3264 1079 3323 dictum.

570 3343 629 3400 Ill.
653 3343 818 3402 Necessitas
828 3343 912 3401 istius
925 3343 1055 3402 Muneris
1064 3351 1143 3420 patet
1157 3343 1313 3403 extribus:
1326 3347 1351 3400 1.
1367 3342 1416 3400 Ex
1429 3363 1472 3401 re·

266 3415 408 3462 Necessitas
453 3421 508 3477 ejus
528 3422 672 3479 velationis
686 3423 852 3494 necessitato,
874 3422 942 3497 quia
962 3423 1042 3480 nulls
1063 3431 1159 3500 potest
1181 3443 1244 3482 esse
1260 3421 1316 3481 Dei
1340 3431 1370 3481 et
1380 3441 1472 3481 rerum

322 3478 450 3532 ¹³¹⁰b²t¹¹r³
529 3500 692 3558 divinarum
706 3501 833 3576 cognitio
859 3501 920 3560 sine
944 3503 1127 3576 revelatione,
1143 3503 1211 3579 quia
1235 3503 1322 3562 homo
1343 3502 1474 3561 animalis
1569 3542 1571 3555 -

266 3593 325 3632 non
340 3577 417 3652 capit
431 3597 495 3652 quae
511 3587 578 3636 sunt
599 3579 663 3652 Dei,
678 3584 692 3637 l
710 3581 774 3637 Cor.
803 3581 832 3638 ii.
851 3583 896 3656 14,
910 3589 938 3639 et
962 3582 1042 3640 nulla
1065 3582 1150 3642 datur
1177 3582 1315 3642 revelatio
1340 3582 1472 3641 salutaris

266 3653 323 3711 nisi
337 3675 388 3731 per
402 3657 557 3730 Christum,
570 3658 592 3716 J
594 3659 640 3715 oh.
656 3660 674 3715 i.
693 3661 737 3733 18,
752 3660 856 3718 Matth.
872 3661 912 3718 xi.
923 3665 971 3719 27.
1014 3662 1075 3720 Nec
1090 3663 1171 3736 ratio,
1184 3671 1234 3721 eut
1247 3663 1310 3721 Lex
1319 3671 1473 3739 potuerunt

266 3733 351 3794 nobis
365 3737 533 3812 mysterium
544 3737 660 3814 pietatis
670 3738 840 3815 patefecere,
853 3739 904 3798 sed
919 3741 998 3800 solus
1008 3741 1139 3801 Christus
1150 3742 1180 3800 in
1195 3742 1368 3820 Evangelio.
1382 3745 1410 3800 2.
1426 3742 1472 3799 Ex
1569 3758 1571 3791 τ

265 3816 364 3874 salutis
386 3817 504 3888 ratione,
520 3817 589 3893 quie
615 3818 727 3876 nullum
753 3817 875 3877 debetur
896 3820 1021 3880 medinm
1036 3821 1137 3880 salutis
1156 3831 1260 3899 prater
1283 3822 1378 3896 fidem,
1399 3823 1472 3901 fida

266 3903 359 3954 autem
373 3919 409 3956 ea
433 3898 541 3972 auditu,
570 3898 683 3956 auditus
698 3919 810 3956 verosa
829 3901 918 3958 Verbo
932 3902 996 3975 Dei,
1011 3902 1095 3961 Rom.
1111 3923 1140 3959 x.
1158 3906 1204 3960 17.
1227 3905 1254 3961 3.
1278 3902 1326 3962 Ex
1343 3903 1473 3962 Oraeulis

266 3975 329 4111 geg.
364 3979 435 4036 Test.
467 3999 532 4055 qua
548 3977 732 4055 Prophetiam
759 3977 845 4037 istam
877 3980 1056 4056 promittunt,
1082 4001 1147 4057 quse
1172 3983 1334 4040 necessario
1363 3982 1472 4059 impleri

287 4067 435 4117 suerunt.

316 4173 350 4219 E,
371 4175 477 4222 verius.
569 4136 624 4196 IV.
652 4138 802 4196 Veritatem
817 4137 948 4196 Muneris
962 4139 1069 4198 Christi
1094 4137 1259 4218 Prophetiei
1274 4141 1359 4200 docet
1370 4141 1471 4218 sepius

531 4217 686 4295 Scriptura,
702 4218 733 4275 in
748 4217 871 4277 Oraeulo
887 4218 988 4292 llosis,
1015 4219 1101 4278 Dent.
1118 4220 1200 4279 xviii.
1214 4225 1260 4278 15.
1302 4223 1471 4297 Ihophctarn

264 4297 406 4356 suscitabit
426 4297 475 4354 tibi
486 4299 604 4372 ιῙεΙιουα,
617 4295 671 4356 &a
684 4297 762 4374 quod
786 4298 823 4355 ad
843 4297 989 4356 Christum
1010 4301 1152 4376 pertinere
1167 4300 1251 4360 docet
1275 4298 1388 4375 Petrus,
1405 4301 1469 4360 Aes

265 4376 305 4434 iii.
321 4380 368 4450 22,
382 4385 411 4436 et
426 4375 527 4450 Isaiae,
553 4397 615 4454 cap.
628 4377 690 4436 xlii.
715 4382 742 4452 1,
766 4381 793 4452 2,
810 4380 837 4453 3,
854 4381 881 4452 6,
896 4378 946 4437 ubi
968 4379 1073 4438 dieitur
1097 4381 1212 4439 Christo
1232 4380 1341 4440 inditus
1356 4401 1373 4438 a
1388 4381 1469 4439 Patre
1569 4395 1570 4410 ¹

266 4453 399 4531 Spiritus,
415 4463 448 4514 ut
461 4457 600 4531 judiciam
615 4457 747 4517 Gentibus
764 4461 906 4533 peperat,
922 4457 961 4516 id.
987 4459 1160 4537 Prophetam
1175 4469 1243 4538 egat
1262 4461 1337 4520 iuter
1351 4460 1466 4534 Gentes,

263 4543 292 4593 et
302 4555 354 4612 per
364 4536 460 4612 justas
472 4535 626 4612 Evangelii
636 4537 725 4614 leges,
739 4545 768 4595 et
779 4539 891 4614 justum
909 4537 962 4597 Dei
974 4539 1092 4617 cultum,
1106 4545 1155 4598 e'as
1169 4531 1315 4598 adversm
1326 4539 1465 4616 justitiam
