3186 5210
134 417 245 466 Qustsr.
264 398 354 478 xxm]
571 417 610 456 un
626 417 793 457 vocenroxn
809 417 845 456 ur
860 417 937 457 aron.
1283 402 1339 458 547

134 559 223 618 tantis
238 567 267 617 et
281 557 435 635 operantis,
451 557 475 615 si
490 557 525 616 de
539 577 574 616 eo
585 557 666 616 nulla
679 556 821 616 certitudo
836 557 929 616 solida
942 565 1038 635 potest
1051 557 1175 616 haberi?
1216 558 1277 618 Nec
1291 559 1339 619 hie

135 638 231 716 regeri
242 648 337 715 potest
352 638 429 714 “agi
443 637 478 696 de
493 639 645 715 praesentia
660 638 767 696 Christi
781 639 855 696 inter
869 638 946 714 ipsos
960 657 1011 714 per
1034 637 1181 712 miracula,
1197 657 1255 696 non
1270 659 1339 698 vero

135 718 172 776 de
186 719 340 794 prasentia
354 717 461 776 Christi
474 718 503 775 in
518 718 588 794 ipsis
601 739 653 796 per
674 718 938 795 justificationem.”
981 717 1055 792 Quia
1076 715 1231 776 falsitatem
1256 719 1339 777 istius

136 798 291 856 commenti
302 797 391 856 verba
404 797 467 874 ipsa
485 797 616 856 innuunt.
660 798 726 856 Non
745 798 831 874 jubet
845 797 954 856 Paulus
978 797 1197 873 circumspicere
1211 805 1294 856 extra
1308 817 1339 857 se

136 877 272 954 potentiae
297 887 326 937 et
347 877 549 935 miraculorum
574 877 681 936 Christi
702 878 941 954 experimentum,
971 877 1023 934 sed
1036 877 1340 954 probare.seipsos,an

137 957 195 1015 sint
209 957 238 1014 in
252 957 317 1032 fide,
334 965 362 1015 et
373 977 410 1014 an
422 976 475 1034 per
488 956 575 1015 fidem
586 958 711 1017 sentiant
725 958 872 1017 Christum
886 959 916 1015 in
931 977 961 1015 se
975 956 1162 1015 habitantem.
1185 958 1245 1016 Nec
1260 957 1340 1016 aliud

139 1037 286 1094 insinuant
299 1037 388 1094 verba
403 1038 560 1112 sequentia,
576 1038 631 1095 arbi
637 1041 716 1112 sorte
728 1039 843 1113 reprobi
855 1038 922 1112 sitia,
938 1037 1075 1113 quiahoc
1090 1035 1126 1094 de
1140 1036 1197 1094 fide
1212 1038 1338 1097 Miracu·

135 1116 230 1174 lorum
244 1117 302 1174 dici
315 1135 374 1174 non
387 1125 494 1192 posset,
510 1117 653 1193 siquidem
666 1137 724 1175 non
739 1118 836 1176 statim
850 1117 989 1193 reprobus
1003 1125 1032 1175 et
1056 1117 1235 1193 rejectaneus
1254 1117 1340 1176 debet

135 1195 255 1270 censeri,
270 1197 366 1272 quiea
379 1197 517 1274 privatur,
533 1197 585 1255 sed
599 1197 636 1255 ad
650 1197 737 1256 fidem
746 1197 953 1274 justificantem
967 1196 1100 1272 pertinet.

178 1275 268 1332 XVI.
292 1275 374 1334 Idem
395 1276 542 1352 colligitur
563 1297 600 1335 ex
621 1295 655 1335 eo
676 1277 755 1354 quod
776 1277 882 1354 singuli
905 1285 1038 1334 tenentur
1058 1273 1127 1333 fidei
1148 1294 1207 1332 suae
1229 1276 1339 1334 confes·

137 1353 247 1414 sionem
262 1355 355 1431 edere,
374 1359 388 1412 1
406 1356 468 1414 Pet.
484 1355 524 1414 iii.
542 1359 587 1431 15,
604 1357 688 1415 Rom.
710 1378 739 1415 x.
762 1359 790 1416 9.
832 1356 986 1430 Quomodo
1004 1356 1081 1413 enim
1102 1373 1165 1413 eam
1187 1357 1296 1414 sincere
1311 1366 1340 1415 et

136 1443 302 1493 constanter
316 1435 446 1494 confiteri
460 1445 585 1512 possent,
602 1437 626 1494 si
641 1438 676 1496 de
691 1457 725 1495 ea
739 1436 810 1495 certi
825 1456 887 1495 esse
902 1455 960 1494 non
974 1439 1119 1512 possunt?
1162 1435 1268 1494 Fateor
1281 1455 1340 1494 non

137 1533 244 1590 paucos
265 1515 379 1574 mentiri
401 1523 430 1573 et
449 1515 627 1592 hypocritice
647 1537 733 1594 agere
755 1515 915 1593 profitendo
935 1515 1022 1573 fidem
1043 1534 1129 1592 quam
1151 1535 1207 1573 non
1223 1515 1339 1574 habent.

140 1593 198 1652 Sed
211 1595 266 1653 hoc
281 1615 340 1654 non
351 1594 454 1669 obstat,
467 1595 536 1670 quin
545 1595 646 1655 fideles
656 1617 724 1655 vere
739 1596 946 1656 confessionem
961 1595 1046 1652 istam
1061 1595 1156 1669 edant,
1172 1603 1201 1653 et
1211 1615 1262 1670 per
1273 1615 1340 1653 con·

138 1693 260 1750 sequens
274 1675 361 1734 fidem
377 1694 457 1732 suam
472 1685 649 1752 perspectam
664 1676 797 1752 habeant,
813 1696 899 1753 quam
914 1675 984 1733 alias
999 1675 1129 1732 confiteri
1142 1694 1200 1732 non
1215 1685 1339 1750 possent.

440 1754 547 1813 XVII.
580 1755 744 1814 Secundum
767 1764 968 1833 argumentum
993 1755 1140 1832 petitura
1165 1754 1287 1829 Spiritus
1309 1757 1339 1816 S.

401 1835 567 1893 Testimom'o
588 1845 615 1894 et
633 1836 742 1912 Sigillo.
780 1836 896 1894 Scilicet
917 1855 975 1892 non
996 1833 1134 1892 satisfuit
1150 1835 1212 1891 Deo
1227 1835 1340 1911 adglo-

398 1913 469 1972 riam
491 1935 572 1972 suam
593 1935 646 1974 nos
667 1936 846 1990 conservare,
868 1915 925 1972 nisi
938 1913 974 1972 de
988 1915 1045 1972 ista
1058 1915 1276 1972 conservatione
1290 1933 1342 1972 nos

139 1987 246 2047 faceret
270 1993 412 2068 certiores,
436 2003 469 2052 ut
493 1994 529 2054 de
554 2014 588 2053 ea
611 1995 654 2053 illi
677 1997 785 2073 gratias
810 2014 979 2072 ageremus;
1003 1994 1064 2051 Nec
1088 1993 1172 2051 nobis
1200 1993 1342 2052 sufficeret

139 2079 255 2144 propter
269 2070 402 2130 solatium
416 2082 546 2132 nostrum
565 2093 618 2133 nos
639 2095 702 2134 esse
724 2077 753 2132 in
774 2077 867 2152 gratia
881 2075 946 2148 Dei,
962 2074 1018 2130 nisi
1032 2074 1095 2150 ejus
1118 2069 1233 2130 sensum
1254 2072 1341 2130 habe·

139 2167 243 2224 remus,
259 2170 324 2208 eum
338 2152 375 2209 ad
389 2153 554 2213 felicitatem
568 2175 626 2212 non
641 2165 752 2215 tantum
766 2155 910 2232 possessio
923 2154 993 2212 boni
1006 2153 1176 2230 requiratur,
1191 2153 1243 2211 sed
1257 2153 1343 2210 etiarn

139 2228 267 2304 cognitio
293 2230 376 2290 istius
403 2235 603 2310 possessionis.
658 2235 729 2294 Ideo
756 2236 906 2312 utriusque
935 2233 1136 2291 certitudinem
1163 2233 1247 2291 nobis
1275 2233 1343 2290 darc

139 2308 243 2384 voluit,
259 2309 351 2386 primo
365 2312 396 2369 in
411 2313 518 2388 Verbo,
542 2315 620 2392 quod
631 2309 811 2373 de'veritete
832 2313 1055 2392 promissionum
1069 2312 1265 2371 testimonium
1280 2333 1342 2390 per·

140 2386 230 2460 hibet,
257 2389 382 2448 secundo
404 2391 433 2448 in
458 2395 542 2452 corde
554 2415 605 2472 per
641 2395 779 2472 Spiritum
804 2394 840 2452 de
867 2393 989 2452 veritate
1018 2391 1219 2468 applicationis
1246 2413 1343 2451 earum

140 2475 304 2525 testantem.
346 2470 418 2528 Cum
439 2480 534 2531 autem
555 2474 752 2533 testimonium
772 2472 851 2532 istud
871 2493 930 2531 non
950 2472 1042 2549 possit
1066 2491 1129 2529 esse
1152 2472 1294 2532 incertum
1317 2483 1346 2532 et

141 2545 239 2621 fallax,
263 2556 361 2626 utpote
382 2570 399 2608 a
421 2551 545 2612 Doctore
566 2554 697 2613 veritatis
718 2554 886 2632 profectum,
903 2552 1044 2610 certitudo
1059 2551 1146 2609 etiam
1160 2572 1246 2629 quam
1263 2553 1344 2628 inge-

140 2635 230 2701 nerat,
246 2647 304 2686 non
318 2637 362 2688 est
376 2638 487 2690 tantum
501 2633 703 2709 conjecturalis
724 2642 753 2692 et
771 2633 937 2710 probabilis,
954 2631 1005 2689 scd
1019 2630 1119 2689 diviua
1132 2638 1161 2689 at
1175 2630 1343 2690 infallibilis.

140 2706 225 2780 Quod
249 2716 281 2766 ut
305 2708 449 2769 efficacius
472 2712 681 2772 demonstraret
705 2714 860 2790 Scriptura,
883 2731 941 2770 non
961 2730 1048 2768 unam
1072 2717 1184 2768 tantum
1209 2710 1344 2769 adhibere

141 2787 235 2846 voluit
250 2788 476 2866 similitudinem,
500 2791 551 2850 sed
571 2792 676 2869 plures,
699 2813 764 2870 quae
781 2793 882 2850 miram
896 2789 1039 2868 quandam
1055 2789 1213 2865 emphasim
1228 2790 1343 2866 habent,

140 2867 266 2925 maxime
291 2869 317 2926 si
339 2889 398 2927 non
421 2871 540 2929 seorsim
560 2872 690 2950 singulae,
714 2873 765 2930 sed
785 2882 872 2947 eaptus,
895 2880 924 2929 et
945 2889 1043 2927 omnes
1065 2869 1150 2927 simul
1172 2879 1345 2946 spectentur.

142 2945 186 3004 Eo
201 2947 324 3023 pertinet
337 2949 415 3026 quod
432 2951 564 3028 Spiritus,
581 2952 671 3011 Modo
682 2961 714 3010 ut
727 2952 850 3028 Spiritus
862 2950 987 3010 veritatis
1000 2949 1177 3025 proponitur,
1192 2950 1241 3025 qui
1256 2949 1347 3008 instar

141 3027 273 3084 Doctoria
293 3048 347 3086 nos
368 3029 448 3088 ducit
469 3031 498 3087 in
519 3051 632 3089 omnem
653 3033 814 3105 veritatem,
836 3040 865 3090 et
885 3031 954 3089 tacit
974 3049 1027 3086 nos
1041 3033 1204 3103 eustatmus,
1220 3029 1290 3088 Joh.
1305 3029 1345 3088 vi.

141 3107 190 3178 45,
206 3114 235 3164 et
249 3107 309 3165 xiv.
327 3113 372 3183 17,
389 3117 418 3168 et
431 3110 491 3169 xvi.
510 3113 566 3184 133
591 3112 680 3170 Modo
702 3121 734 3170 ut
757 3113 851 3185 Testis,
874 3111 924 3187 qui
945 3109 980 3166 de
1002 3108 1096 3186 gratia
1111 3108 1165 3166 Dei
1181 3118 1210 3167 et
1231 3108 1345 3167 Christo

142 3186 338 3246 testimonium
359 3189 444 3248 nobis
465 3189 615 3248 infallibile
629 3191 769 3268 perhibet,
791 3191 861 3250 Joh.
883 3211 933 3248 xv.
956 3191 1003 3263 26,
1024 3195 1054 3246 et
1074 3187 1135 3245 xri.
1160 3190 1204 3262 14,
1220 3195 1252 3246 ut
1266 3197 1295 3246 et
1310 3187 1345 3246 de

144 3273 221 3324 statu
235 3278 341 3342 nostro,
359 3269 442 3327 Rom.
458 3271 518 3328 viii.
536 3273 582 3345 16,
595 3289 683 3347 quum
698 3280 814 3329 testatur
827 3270 940 3346 spiritui
952 3278 1046 3328 nostro
1060 3288 1109 3325 noa
1124 3287 1180 3326 esse
1187 3268 1266 3343 filios
1280 3268 1344 3342 Dei,

144 3363 202 3402 non
217 3352 328 3406 tantum
342 3348 380 3405 ad
394 3349 595 3409 certitudinem
610 3351 717 3428 objecti
738 3349 972 3418 confirmandam,
988 3348 1039 3407 sed
1053 3347 1196 3425 praecipue
1211 3347 1248 3405 ad
1263 3349 1345 3406 certi·

143 3423 273 3483 tudinem
294 3428 416 3504 subjecti
438 3429 671 3506 ingenerandam,
694 3431 744 3506 qui
765 3449 869 3507 scopus
883 3437 928 3488 est
941 3429 1032 3488 testis.
1075 3427 1161 3487 Unde
1176 3427 1345 3504 Clrrysosto·

143 3523 208 3562 mus
229 3513 314 3580 recte,
338 3511 356 3540 “
368 3508 506 3582 Quaenam
527 3510 574 3568 hic
596 3509 766 3585 relinquitur
787 3509 953 3568 dubitatio?
996 3509 1026 3567 Si
1040 3507 1135 3582 homo,
1151 3508 1199 3566 vel
1214 3507 1347 3585 Angelus

143 3583 254 3661 aliquid
268 3587 438 3662 promiserit,
455 3589 527 3648 forte
542 3589 607 3666 quis
622 3589 816 3664 dubitaverit;
841 3591 980 3666 Suprema
995 3608 1063 3646 vero
1080 3588 1221 3662 Essentia,
1239 3589 1347 3666 Spiritu

144 3664 208 3738 Dei,
225 3665 274 3742 qui
288 3685 368 3726 orare
384 3668 459 3742 facit,
476 3669 625 3728 orantibus
644 3669 793 3748 promittit,
815 3669 988 3746 promissum
1007 3668 1136 3744 largitur,
1152 3669 1348 3727 testimonium

144 3743 228 3800 nobis
248 3745 327 3804 intus
347 3749 525 3824 perhibente,
548 3750 680 3825 quisnam
702 3749 876 3807 dubitationi
895 3748 1027 3806 locus?''
1072 3747 1161 3805 Modo
1182 3755 1214 3805 ut
1238 3748 1346 3820 Scribo,

144 3821 193 3896 qui
216 3834 316 3882 exarat
337 3825 445 3902 Legem
459 3837 489 3887 et
514 3829 623 3887 Foedus
645 3829 701 3886 Dei
722 3829 752 3886 in
772 3828 907 3886 cordibus
922 3827 1036 3900 nostris,
1058 3827 1120 3886 Jer.
1143 3825 1225 3883 xxxi.
1247 3829 1295 3899 33,
1319 3835 1348 3884 et

146 3904 163 3957 2
187 3899 251 3956 Cor.
273 3902 313 3959 iii.
335 3907 362 3978 3,
384 3915 418 3963 ut
438 3907 573 3967 innuatur
594 3909 704 3967 scilicet
724 3909 920 3967 testimonium
941 3907 1004 3985 ejus
1025 3925 1083 3963 non
1100 3924 1162 3962 esse
1177 3913 1272 3962 actum
1287 3925 1347 3962 mo-

145 3987 328 4038 mentaneum
353 3991 382 4041 et
404 3987 580 4062 mutabilem,
603 3987 654 4046 sed
675 3997 853 4046 constantem
874 3995 903 4046 et
922 3993 1100 4062 perpetuum,
1123 4001 1180 4058 quo
1201 3982 1238 4039 ad
1259 3984 1350 4042 instar

146 4058 317 4117 Cancellarii
342 4063 468 4122 coelestis
492 4067 629 4126 exscribit
653 4068 683 4125 in
711 4068 846 4126 cordibus
870 4065 976 4123 nostris
1000 4061 1215 4140 justificationis
1242 4071 1347 4121 nostrae

146 4138 283 4214 diploma,
309 4161 366 4216 quo
382 4142 493 4202 Electio
508 4146 612 4221 Patris,
637 4147 862 4224 etjlledemptio
892 4144 960 4202 Filii
974 4144 1003 4200 in
1031 4141 1114 4200 nobis
1142 4141 1346 4218 confirmatur;

149 4217 238 4275 Modo
252 4227 284 4277 ut
303 4221 439 4298 Sigillum,
463 4243 520 4301 quo
541 4226 730 4304 obsignantur
749 4227 851 4285 fideles
867 4225 904 4282 ad
931 4223 1008 4282 dieni
1035 4220 1248 4297 redemptionis,
1272 4221 1346 4298 Eph.

146 4297 165 4355 i.
193 4300 239 4372 13,
265 4308 294 4356 et
318 4301 357 4358 iv.
384 4304 432 4360 30.
483 4305 548 4363 Non
570 4314 682 4364 tantum
709 4316 741 4364 ut
769 4305 989 4382 promissionum
1017 4302 1116 4379 gratiae
1144 4301 1295 4358 veritatem
1319 4309 1348 4359 et

146 4377 347 4437 certitudinem
368 4381 398 4439 in
419 4383 553 4443 cordibus
574 4385 680 4444 nostris
701 4388 857 4459 continuet,
879 4393 912 4443 ut
933 4384 1089 4460 diplomata
1103 4389 1131 4439 et
1148 4379 1240 4438 literae
1260 4381 1348 4456 regia

146 4457 240 4516 solent
262 4458 366 4536 sigillis
387 4463 500 4538 muniri,
522 4473 555 4522 ut
568 4465 650 4523 firma
670 4473 700 4524 et
720 4464 883 4524 indubitata
902 4463 1062 4522 authoritas
1082 4460 1140 4519 illis
1161 4459 1347 4536 concilietur,

147 4536 198 4594 sed
222 4539 309 4596 etiam
334 4549 366 4599 ut
389 4541 491 4600 fideles
511 4544 567 4620 ipsi
595 4544 791 4620 obsignentur,
820 4553 882 4603 tum
903 4551 935 4602 ut
955 4543 1170 4618 distinguantur
1190 4559 1207 4596 a
1228 4540 1347 4616 caeteris,

146 4625 175 4675 et
190 4618 283 4676 sciant
298 4639 327 4678 so
343 4621 371 4678 in
386 4641 537 4681 numerum
552 4623 666 4682 illorum
683 4633 808 4682 assertos
822 4643 894 4696 esse,
910 4623 1015 4700 quibus
1029 4623 1049 4681 J
1054 4641 1086 4678 us
1101 4621 1168 4676 vitae
1183 4618 1281 4677 datum
1296 4628 1349 4695 cst,

146 4705 207 4756 turn
230 4709 261 4757 ut
282 4701 336 4758 sub
358 4701 455 4778 sigillo
478 4702 533 4760 Dei
553 4704 645 4760 sciant
659 4721 689 4760 se
704 4723 776 4777 esse,
792 4703 841 4778 qui
855 4703 892 4760 ab
907 4721 941 4760 eo
961 4700 1161 4760 custodiuntur
1182 4699 1348 4775 certissime,

152 1811 174 1858 2.
187 1813 209 1858 Α
221 1811 327 1870 Spiritus
338 1815 362 1860 S.

183 1870 339 1919 Testimonio.
