3150 5206
148 397 263 446 aunan.
277 377 336 459 11.]
587 398 626 438 nr
641 397 766 438 sororius
781 397 909 438 oreris.
1279 452 1282 460 1
1302 387 1361 442 213

146 545 262 597 tuntum
276 537 387 597 nomine
400 538 459 596 Dei
471 536 640 615 spondendo
653 538 747 614 nobis,
757 538 837 615 quod
849 537 1020 615 impleturus
1031 539 1069 597 sit
1083 538 1224 615 promissa
1234 538 1360 617 foederis,

147 617 369 676 siconditiones
383 617 446 694 ejus
465 617 689 695 impleverimus,
711 626 746 677 ut
767 628 833 696 post
858 617 994 677 Sooinum
1014 617 1189 678 Curoelleeus
1210 638 1360 697 perperam

146 697 318 773 cavillatum
341 696 493 756 sedetiam
507 699 571 757 Dco
580 717 639 774 pro
653 699 738 772 nobie,
758 717 788 758 se
810 717 859 757 eas
880 715 980 756 omnes
1001 697 1181 756 conditiones
1201 718 1254 774 pro
1274 701 1359 760 nobis

145 777 342 854 impleturum,
358 775 463 854 quibus
477 777 614 855 praestitis
634 777 788 837 haereditas
802 797 840 836 ex
853 777 1039 854 Testamenta
1053 777 1091 836 ad
1111 797 1165 836 nos
1185 787 1360 855 perventura

146 864 234 916 esset.
277 857 464 916 Potissimum
477 877 547 916 vero
561 857 658 934 quoad
678 857 910 917 Satisfactiouem
924 857 1119 934 plenissimam
1140 857 1266 916 dandam
1287 859 1358 919 Jus-

146 935 220 996 titiae
234 936 342 996 diuina
355 956 408 1014 pro
422 937 548 1014 peccatis
562 937 678 996 nostris.
720 937 782 996 Neo
802 937 850 996 hic
864 937 924 996 ulla
939 936 1063 996 occurrit
1082 937 1158 996 inter
1172 937 1358 998 Orthodoxcs

146 1015 361 1092 Controversia,
378 1017 429 1076 sed
443 1024 555 1076 tantum
569 1037 634 1076 cum
651 1015 821 1093 Socinianis,
837 1037 993 1094 eorumque
1013 1017 1141 1092 asseclis,
1163 1025 1264 1076 eontra
1284 1037 1358 1095 quos

145 1093 353 1173 disputandum
368 1096 430 1168 erit,
446 1116 535 1172 quum
550 1096 586 1154 de
602 1095 804 1156 satisfactione
818 1105 929 1173 agetur.
1157 1123 1162 1130 ·

451 1175 511 1235 ΙΙΙ.
534 1176 662 1250 Quaestio
679 1195 758 1254 ergo,
782 1196 847 1253 quse
869 1176 917 1236 hic
938 1183 1080 1252 movetur,
1103 1195 1150 1236 res
1171 1175 1221 1235 icit
1242 1177 1357 1255 proprie

175 1240 358 1346 Statffluaes-
407 1255 525 1315 modum
542 1255 738 1333 Sponsionisa
749 1255 864 1315 Christo
877 1255 960 1315 faotae
975 1255 1029 1314 sub
1039 1255 1141 1316 Veteri
1150 1195 1354 1334 ilestament03

302 1331 308 1344 ‘
410 1335 460 1394 An
473 1335 579 1394 hebeat
596 1343 710 1395 tantum
728 1336 868 1395 rationem
887 1333 1090 1412 fidejussionis,
1113 1335 1163 1394 An
1184 1335 1271 1394 etiam
1293 1335 1355 1396 Ex-

144 1411 354 1490 promissionis.
398 1415 472 1474 Sunt
485 1415 631 1493 enim,qui
645 1415 719 1475 hanc
733 1415 820 1474 etiam
834 1414 910 1474 inter
922 1415 995 1474 alias
1008 1423 1151 1492 reponunt
1164 1413 1356 1476 differentiam
1444 1441 1448 1450 ·

146 1489 215 1550 Vet.
230 1498 260 1550 et
274 1492 351 1550 Novi
366 1493 444 1554 Test.
459 1502 493 1554 ιιι
507 1495 639 1554 Christus
653 1496 708 1555 sub
721 1494 772 1554 illo
786 1495 873 1554 fuerit
886 1493 1003 1571 quidem
1024 1493 1200 1572 Fidejussor‚
1224 1493 1277 1554 sed
1296 1515 1356 1554 non

145 1570 360 1648 Expromissor,
375 1573 407 1632 id
420 1583 465 1633 est
478 1575 665 1652 spoponderit
682 1574 798 1652 quidem
821 1594 874 1652 pro
889 1573 1007 1648 Electis,
1023 1574 1075 1634 sed
1095 1575 1136 1633 ita
1156 1583 1189 1634 ut
1208 1574 1239 1631 in
1260 1574 1355 1651 ipsum

144 1669 205 1708 non
218 1649 295 1710 facta
308 1652 346 1711 sit
359 1653 493 1713 absoluta
506 1654 597 1714 debiti
610 1653 769 1730 translatio,
784 1673 839 1712 neo
857 1653 972 1712 liberati
986 1653 1092 1712 fuerint
1113 1653 1214 1712 Patres
1236 1673 1253 1710 a
1273 1662 1355 1714 reatu

143 1731 265 1806 peccati,
281 1730 333 1790 sed
349 1733 429 1792 Deus
448 1733 502 1793 sibi
524 1735 575 1810 jus
596 1733 747 1793 retinuerit
767 1733 799 1791 in
817 1733 896 1810 ipsos
921 1732 958 1790 ad
980 1731 1168 1810 infligendam
1190 1751 1314 1809 poenam,
1330 1734 1355 1794 si

144 1809 278 1868 Christus
298 1811 489 1887 Sponsionem
510 1813 692 1888 deseruisset,
713 1812 814 1890 illique
835 1831 893 1871 non
914 1811 1109 1872 satisfecisset.
1151 1811 1303 1886 Quomodo
1324 1813 1354 1870 in

144 1887 168 1948 J
169 1909 220 1948 ure
235 1890 322 1948 Civili
335 1891 490 1952 discrimen
505 1893 579 1952 solet
592 1891 724 1952 adhiberi
737 1893 812 1952 inter
823 1891 1038 1968 Fidejussorem
1052 1899 1082 1950 et
1093 1891 1353 1968 Expromissorem,

143 1977 178 2028 ut
194 1971 212 2002 ‘⁴
227 1969 397 2048 Fidejussor
410 1971 459 2032 ille
474 1972 521 2048 sit,
536 1973 586 2050 qui
600 1972 641 2032 itu
654 1992 706 2049 pro
720 1971 778 2031 alio
792 1971 946 2048 obligatur,
962 1979 994 2030 ut
1007 1970 1196 2030 nihilominus
1216 1970 1266 2030 ille
1279 1971 1354 2034 alius

143 2047 291 2126 obligatus
305 2060 420 2112 maneat
432 2052 595 2130 usquedum
605 2052 758 2129 fidejussor
772 2051 921 2110 solverit.''
952 2048 1037 2110 Unde
1051 2049 1352 2125 Justinianus,1nstit.

142 2127 195 2187 lib.
211 2129 252 2186 iii.
266 2129 324 2188 Tit.
349 2133 397 2207 21,
416 2132 551 2191 observet
573 2133 591 2166 “
606 2131 824 2208 Fidejussorum
845 2131 1052 2208 obligationem
1073 2149 1137 2190 esse
1158 2130 1352 2190 accessionem

143 2207 297 2284 principali
310 2209 510 2288 obligationi.''
552 2209 595 2270 At
609 2211 804 2289 expromissor
816 2210 843 2268 is
856 2210 976 2286 dicatur,
1000 2212 1018 2243 ‘⁴
1032 2209 1084 2287 qui
1103 2210 1227 2268 alienam
1241 2209 1352 2287 obliga·

142 2285 296 2425 tioneplnpp
311 2309 342 2348 se
356 2291 477 2397 pusoipit
489 2290 612 2350 liberato
625 2311 684 2359 reo,
699 2299 750 2350 aut
769 2310 805 2350 eo
818 2290 934 2350 nomine
954 2308 1013 2349 non
1033 2289 1171 2366 obligato,
1194 2309 1260 2348 cum
1280 2289 1353 2350 obli·

241 2387 257 2426 e
295 2370 357 2428 ret'

141 2385 241 2506 galil.
265 2447 323 2506 Sed
343 2449 504 2508 communis
525 2450 667 2508 sententia
687 2449 931 2524 orthodoxorum,
953 2448 991 2508 ad
1011 2467 1084 2525 quos
1104 2447 1276 2524 accedimus,
1299 2457 1352 2525 est,

110 2561 127 2585 .
145 2525 337 2602 Sponsionem
352 2528 466 2604 Christi,
483 2549 520 2587 ex
534 2549 593 2606 quo
606 2529 682 2590 facta
696 2530 758 2605 fuit,
774 2549 833 2588 non
851 2527 987 2588 habuisse
1001 2535 1113 2588 tantum
1127 2529 1267 2588 rationem
1282 2527 1351 2588 fide·

137 2605 290 2684 jussionis,
305 2607 357 2666 sed
371 2609 615 2686 expromissionis,
631 2627 683 2687 per
696 2629 782 2687 quam
796 2628 831 2668 eo
845 2609 909 2686 ipso
923 2608 1046 2668 Veteres
1059 2628 1077 2665 a
1090 2608 1184 2685 poenis
1208 2607 1280 2684 ipsis
1302 2607 1351 2668 de·

141 2684 213 2744 bitis
227 2705 295 2746 rere
316 2687 430 2747 liberati
455 2688 522 2748 sint.
565 2689 626 2747 Nec
647 2689 695 2747 hic
717 2689 840 2748 sollicite
862 2686 1100 2765 distinguendum
1121 2696 1256 2765 putamus
1277 2686 1354 2746 iuter

142 2763 360 2841 Fidejussorem
382 2776 412 2826 et
434 2767 481 2826 Ex
502 2767 694 2828 remissorem.
736 2767 820 2843 Nam,
845 2775 1036 2845 praeterquam
1060 2765 1139 2842 quod
1162 2785 1233 2825 usus
1246 2784 1352 2824 vocum

141 2844 264 2904 istarum
277 2850 390 2906 nonita
409 2856 453 2908 est
477 2788 618 2923 diversus,
643 2847 714 2924 quin
736 2866 812 2924 sape
837 2845 915 2925 apud
937 2845 1170 2906 Jurisconsultos
1190 2844 1352 2922 promiscue

140 2934 325 3002 usurpentur,
340 2934 373 2985 ut
382 2926 532 3003 fidejussio
546 2927 642 2986 valeat
656 2926 921 3004 expromissionam‚
937 2933 1010 2984 teste
1026 2923 1153 3000 Cujacio‚
1169 2923 1239 2984 Oba.
1253 2923 1273 2982 1.
1288 2923 1350 2982 xiii.

141 3023 206 3082 cap.
221 3007 270 3080 3⁵,
287 3007 306 3038 “
320 3006 554 3083 Expromissor‚”
570 3006 672 3083 inquit,
689 3009 707 3041 ‘¹
721 3006 806 3083 quasi
818 3005 973 3082 fidejussor
986 3003 1121 3078 dicitur,”
1143 3002 1163 3061 l.
1178 3003 1209 3060 in
1229 3021 1352 3080 persona
1392 3055 1398 3062 .

143 3083 175 3144 S.
191 3083 211 3144 i.
225 3083 262 3144 de
275 3093 352 3161 pact.
368 3087 386 3118 ‘⁴
401 3085 441 3145 Bt
454 3086 485 3144 in
501 3086 757 3146 Senatusoonsulto
771 3084 924 3143 Velleiano
946 3081 1141 3159 fidejussionis
1155 3081 1245 3140 verbo
1259 3081 1350 3141 conti·

139 3171 227 3224 netur
240 3165 459 3242 expromissic,”
474 3173 504 3226 ct
517 3166 537 3226 l.
552 3186 582 3226 x.
597 3165 678 3226 dein
692 3185 762 3224 rem.
777 3166 796 3198 “
809 3164 891 3242 paria
904 3163 966 3222 bne
980 3170 1048 3222 sunt
1066 3161 1123 3220 fide
1140 3161 1253 3238 jubere,
1272 3161 1351 3238 judi-

141 3243 219 3304 cium
234 3245 357 3320 proelio
371 3245 524 3322 suscipere,
540 3245 772 3323 expromittere.''
817 3243 902 3304 Unde
916 3241 1021 3300 mirum
1034 3239 1129 3300 videri
1142 3259 1200 3299 non
1215 3240 1310 3318 debet,
1326 3243 1352 3301 si

141 3323 173 3382 in
189 3323 350 3400 Sponsione
365 3325 472 3384 Christi
486 3324 676 3384 describenda
690 3323 776 3383 modo
789 3321 994 3399 fidejussionis,
1009 3320 1097 3379 modo
1111 3321 1350 3397 expromissionis

139 3421 229 3462 vocas
255 3404 417 3479 promiscue
440 3403 640 3464 adhibeantur.
696 3403 836 3478 Quamvis
857 3402 913 3461 hoo
936 3400 1091 3460 discrimen
1113 3400 1144 3458 in
1166 3399 1240 3460 Jure
1265 3400 1351 3460 Civili

139 3481 239 3542 stricte
249 3482 394 3560 loquendo
407 3484 503 3544 locum
516 3483 622 3542 babere
637 3483 772 3559 deberet3
796 3482 863 3540 Non
876 3500 1026 3541 censemus
1041 3488 1137 3540 tamen
1151 3479 1182 3538 in
1195 3481 1251 3539 hoc
1265 3500 1351 3557 argu-

139 3569 239 3619 mento
253 3572 477 3622 consentaneum
490 3583 554 3622 esse
567 3582 723 3640 provocare
738 3561 775 3620 ad
789 3561 958 3621 Tribunalia
971 3559 1098 3637 politica,
1113 3567 1146 3619 ut
1168 3579 1206 3618 ex
1219 3559 1350 3619 formulis

140 3639 163 3698 J
164 3641 225 3700 uris
238 3649 341 3700 natura
357 3642 526 3720 Sponsionis
541 3642 648 3702 Christi
662 3642 831 3718 explicetur,
848 3641 920 3700 Cum
935 3648 1048 3700 constet
1070 3639 1195 3698 immune
1209 3649 1349 3716 quantum
1380 3667 1381 3670 ¹

140 3719 217 3778 inter
231 3739 262 3780 se
276 3721 383 3781 distare
397 3721 491 3781 sorum
507 3721 569 3780 Soli
582 3730 612 3781 et
625 3720 718 3780 forum
733 3720 807 3796 Poli,
833 3728 862 3780 et
883 3721 931 3778 hie
953 3727 1057 3796 agatur
1080 3738 1139 3778 non
1163 3718 1199 3778 de
1223 3719 1349 3778 humano

137 3799 260 3876 judicio,
276 3800 329 3860 sed
341 3801 377 3860 de
392 3801 500 3876 divino,
515 3821 574 3860 non
588 3801 625 3860 de
640 3799 737 3860 debito
750 3800 924 3876 pecuniario,
941 3807 971 3858 et
990 3798 1131 3858 creditore
1152 3797 1275 3872 mortali,
1297 3797 1349 3856 sed

138 3878 177 3938 de
191 3878 291 3939 debito
304 3881 420 3957 poenali,
436 3889 465 3940 et
480 3881 543 3940 Deo
557 3881 578 3939 J
581 3880 664 3940 udice
678 3900 712 3938 ac
727 3879 832 3938 Mundi
847 3879 989 3954 Rectore;
1011 3898 1064 3936 nec
1086 3877 1123 3935 de
1139 3877 1284 3952 Sponsore
1303 3895 1348 3934 or·

139 3958 254 4018 dinatio
268 3966 298 4018 et
317 3979 396 4019 mero
417 3961 541 4036 homine,
564 3960 616 4018 sed
636 3959 672 4018 do
687 3958 914 4018 extraordinario
935 3967 965 4018 et
982 3955 1136 4037 θιιιιςάηι,
1158 3955 1208 4030 qui
1229 3961 1261 4011 ut
1281 3957 1348 4016 ani-

136 4037 227 4110 ψνκκ
240 4058 272 4098 se
285 4039 350 4098 loeo
363 4047 463 4100 nostro
477 4039 641 4115 substituat,
657 4047 686 4098 et
699 4057 800 4115 poenas
814 4038 898 4097 nobis
912 4036 1025 4096 debitas
1045 4036 1076 4093 in
1095 4053 1126 4092 se
1150 4033 1277 4108 recipiat,
1301 4053 1349 4092 cu·

134 4118 267 4196 jusmodi
283 4119 456 4195 Sponsorem
470 4120 491 4179 J
493 4140 545 4178 ura
558 4118 657 4184 civilia
669 4138 728 4177 nou
741 4117 917 4177 describunt.
960 4114 1046 4175 Unde
1060 4132 1113 4170 nco
1124 4130 1175 4188 per
1188 4111 1349 4188 fidejussio·

138 4219 215 4272 nem,
231 4218 285 4256 nee
298 4217 351 4276 per
364 4199 630 4275 expromissionem,
655 4197 750 4275 qualis
768 4196 858 4256 datur
878 4196 908 4255 in
933 4195 995 4254 loro
1016 4193 1152 4266 humane,
1177 4189 1350 4264 sufficienter

138 4277 280 4356 explicari
294 4297 379 4355 posse
393 4277 565 4337 arbitramur
581 4278 771 4355 Sponsionem
786 4275 894 4335 Christi
907 4294 971 4334 cum
985 4274 1073 4348 longe
1095 4270 1133 4330 sit
1153 4268 1290 4346 perfectio
1304 4279 1349 4329 ιιι-

137 4377 236 4435 raque.
281 4357 401 4416 Interim
413 4357 437 4416 si
452 4377 488 4416 ex
503 4357 630 4433 ipsorum
643 4377 699 4416 usu
712 4355 888 4433 loquendum
904 4361 956 4428 est,
967 4360 997 4412 et
1007 4351 1031 4410 si
1040 4349 1179 4410 utendum
1193 4356 1237 4406 est
1251 4368 1349 4438 enorum

137 4437 244 4514 verbis,
261 4456 328 4496 cum
342 4436 471 4494 alienon
486 4445 645 4512 occurrant,
661 4436 784 4495 dicimus
798 4455 860 4493 eam
875 4433 913 4492 ad
924 4430 1180 4508 expromissionem
1194 4446 1288 4502 magis
1302 4447 1349 4488 no·

137 4516 249 4592 cedere,
265 4535 354 4592 quam
367 4515 406 4574 ad
418 4515 642 4593 fidejussionem,
658 4523 691 4576 ut
701 4535 766 4608 quoa
774 4513 921 4573 contineat
929 4511 1088 4571 eminenter
1101 4504 1349 4584 etperfectissimc

136 4595 277 4688 quicquid
291 4594 380 4655 habet
394 4595 584 4671 expromissio
598 4593 783 4672 perfectionis
797 4599 826 4650 et
839 4590 982 4650 efficacias.
1026 4589 1087 4646 Nec
1106 4587 1231 4644 rationes
1245 4583 1349 4646 desunt

135 4695 233 4734 varra.
