3146 5210
120 409 230 460 eumer.
246 394 325 475 xiv]
542 416 581 456 ns
603 416 717 457 ormam
732 416 849 456 cuarsrr
865 415 1058 458 usuraroero.
1270 403 1328 460 411

120 553 179 613 dici
193 575 253 614 uon
266 564 370 633 potest,
383 557 451 634 quia
465 565 534 616 tune
549 577 647 616 omues
663 567 691 616 et
703 557 811 634 singuli
826 557 944 617 indubie
966 567 1169 634 servarentur;
1194 559 1252 619 Sed
1277 581 1330 620 nec

120 636 273 712 posterius.
298 641 324 695 1.
348 637 421 711 Quia
435 637 598 713 impetratio
614 637 817 712 conditionata,
842 639 1004 714 impetratio
1029 639 1143 716 proprie
1166 659 1223 698 non
1247 640 1329 716 foret,

121 714 174 772 sed
187 723 299 774 tentum
314 737 393 775 mera
405 717 582 794 possibilitas
596 717 815 795 impetrationis,
840 717 865 776 si
883 726 1035 794 praestetur
1054 718 1190 778 conditio.
1223 725 1251 778 2.
1273 720 1332 779 Vel

121 795 278 872 aequisivit
292 796 484 856 conditionem
499 797 578 854 illam
590 798 732 873 omnibus,
748 798 796 855 vel
807 797 979 874 quibusdam
994 795 1126 857 tantum:
1142 799 1166 856 si
1176 800 1332 877 acquisivit

122 875 264 950 omuibus,
281 896 350 953 ergo
365 897 464 936 omnes
478 876 585 935 debent
599 877 661 934 fieri
676 877 777 936 salutis
791 885 857 935 aetu
871 877 1033 954 participes,
1046 877 1116 955 quia
1125 879 1193 938 talis
1204 879 1333 938 conditio

123 975 181 1014 non
196 956 290 1032 potuit
304 956 359 1014 nisi
374 956 505 1016 absolute
520 965 549 1015 et
563 956 624 1015 sine
639 957 803 1016 conditione
817 947 936 1034 acquiri,
952 966 981 1016 et
996 958 1037 1016 sie
1051 958 1185 1017 omnibus
1199 960 1331 1036 conferri,

123 1055 190 1094 cum
205 1055 262 1094 non
277 1035 362 1095 detur
376 1037 503 1096 conditio
517 1036 699 1111 conditionis,
715 1037 842 1095 alissrce
856 1038 948 1096 abiret
961 1038 992 1095 in
1016 1038 1169 1114 infinitum,
1193 1059 1247 1097 nec
1272 1036 1332 1098 ulla

121 1123 221 1193 posset
235 1115 297 1174 dari
312 1117 448 1192 conditio,
463 1137 527 1194 quae
542 1137 599 1174 non
614 1116 788 1176 coincideret
801 1137 867 1175 cum
879 1137 908 1175 re
918 1117 1100 1194 acquirenda.
1118 1119 1150 1178 Si
1159 1119 1332 1195 quibusdam

122 1203 244 1270 tantum,
262 1197 431 1274 Impetratio
445 1217 502 1255 non
517 1206 561 1256 est
571 1197 700 1274 plenaria
714 1206 743 1255 et
767 1196 920 1272 sufficiens,
935 1217 1000 1274 quae
1023 1199 1149 1256 maxime
1171 1200 1334 1258 necessaria

123 1275 168 1333 eui
183 1285 264 1351 parte
279 1276 454 1335 destituitur.
496 1277 609 1335 Deinde
623 1297 699 1334 vana
713 1276 767 1335 erit
781 1287 810 1334 et
824 1277 962 1350 illusoria,
978 1279 1054 1338 lacta
1067 1285 1137 1355 puta
1158 1278 1212 1338 sub
1235 1279 1333 1338 eondi-

124 1356 203 1414 tione
216 1376 274 1414 non
288 1357 454 1433 praestabili,
470 1365 499 1415 et
512 1377 659 1434 uunquam
674 1356 777 1430 futura,
794 1365 822 1416 et
837 1376 922 1432 quam
938 1357 1018 1416 Deus
1033 1377 1090 1416 non
1099 1358 1185 1417 modo
1194 1359 1335 1437 praevidet

124 1444 230 1495 utnon
245 1436 378 1511 futuram,
395 1437 446 1494 sed
461 1457 546 1513 quam
572 1437 693 1514 ipsemet
717 1457 774 1494 non
798 1436 866 1496 dare
891 1437 1027 1510 decrevit,
1054 1438 1103 1514 qui
1127 1438 1206 1496 solus
1230 1448 1334 1516 potest.

126 1516 260 1591 Denique
276 1517 317 1574 sic
332 1517 464 1575 Christus
477 1517 597 1594 fingitur
611 1516 755 1593 duplicem
769 1516 905 1575 habuisse
919 1517 1108 1576 intentionem
1129 1519 1334 1594 satisfaciendi,

127 1594 352 1655 conditionatam
366 1597 458 1674 primo
473 1617 525 1674 pro
539 1597 681 1670 omnibus,
697 1595 801 1655 deinde
816 1597 978 1656 absolutam
992 1616 1044 1673 pro
1060 1598 1178 1672 Electis,
1195 1599 1335 1675 quodnee

126 1697 164 1734 ex
181 1676 329 1753 Scriptura
341 1696 470 1753 unquam
484 1677 599 1753 probari
612 1676 726 1754 poterit,
739 1696 792 1735 nec
807 1676 953 1734 conciliari
968 1696 1033 1735 eum
1044 1677 1130 1736 unico
1144 1685 1173 1735 et
1184 1679 1336 1755 simplicis-

129 1757 201 1815 simo
217 1757 341 1816 Decreto
355 1756 391 1815 de
406 1767 498 1815 morte
514 1757 630 1814 Christi.

199 1903 204 1914 ι
349 1905 354 1918 ι
430 1836 543 1895 XXX.
565 1836 685 1908 Octavo,
702 1835 759 1894 Pro
781 1835 817 1893 iis
836 1844 948 1894 tantum
974 1835 1106 1894 Christus
1128 1845 1258 1896 mortuus
1280 1846 1333 1912 est,

130 1901 368 2006 ⁸qffi¹l¹¹⁰s¹hfflfi
389 1917 495 1993 quibus
515 1917 620 1974 meruit
641 1916 772 1990 salutem,
795 1924 910 1974 etcum
932 1915 1025 1975 salute
1053 1916 1148 1975 media
1176 1917 1273 1976 omnia
1296 1918 1334 1976 ad

347 1996 352 2015 ’
390 1996 512 2056 salutem
533 1995 717 2056 obtinendam
732 1995 903 2070 necessaria,
915 1996 1057 2073 praecipue
1077 1996 1163 2054 fidem
1178 2006 1207 2056 et
1220 1998 1335 2075 resipis-

130 2072 262 2148 centiam,
278 2081 307 2133 et
330 2075 468 2152 Spiritum
485 2077 623 2135 Sanctum
637 2076 787 2154 utriusque
807 2075 965 2150 authorem,
982 2077 1044 2134 sine
1059 2075 1164 2154 quibus
1177 2077 1259 2136 nulla
1274 2077 1336 2136 dari

130 2161 226 2230 potest
240 2154 327 2213 salus.
350 2157 393 2215 At
406 2157 462 2214 hec
477 2156 512 2214 de
534 2156 668 2214 omnibus
692 2164 721 2215 et
742 2156 866 2232 singulis
887 2155 945 2214 dici
966 2156 1074 2233 nequit,
1090 2157 1158 2233 quia
1182 2157 1223 2216 sie
1238 2178 1338 2216 omnes

131 2232 248 2292 indubie
256 2245 446 2310 servarentur,
455 2237 505 2294 sed
514 2237 550 2294 de
562 2237 805 2294 Electistantum:
816 2236 904 2312 Ergo,
917 2234 971 2294 dcc.
982 2234 1128 2294 Christum
1137 2247 1232 2295 autem
1244 2257 1337 2296 meru-

133 2314 191 2372 isse
202 2312 288 2372 fidem
303 2317 436 2374 omnibus
451 2325 542 2375 morte
557 2336 617 2391 sua,
639 2316 731 2374 multa
744 2315 885 2392 probant:
909 2319 936 2374 l.
949 2313 1023 2389 Quia
1044 2316 1149 2375 dicitur
1170 2321 1281 2398 ὶςχηγὶς
1295 2345 1341 2376 aar

132 2395 256 2458 aaronis
266 2397 377 2468 rubrus,
390 2399 462 2454 Dux
474 2406 500 2454 ct
509 2396 809 2474 Conaurnnratorfidei,
826 2395 957 2454 Hebmii.
968 2400 995 2470 2,
1007 2395 1074 2456 Act.
1086 2417 1115 2456 v.
1129 2400 1176 2456 31.
1199 2399 1242 2456 At
1258 2399 1283 2456 si
1297 2407 1341 2457 cst

133 2474 238 2532 author
250 2474 326 2551 fidei,
342 2475 428 2535 debet
450 2497 513 2534 esse
535 2479 597 2554 ejus
621 2476 786 2553 acquisitor,
809 2475 882 2533 nihil
907 2477 983 2534 enim
1002 2476 1052 2534 dat
1073 2477 1166 2552 uobis,
1192 2478 1248 2536 nisi
1263 2479 1341 2555 quod

134 2553 236 2612 merito
251 2573 303 2613 suo
317 2556 401 2614 uobis
416 2557 578 2633 acquisivit.
622 2561 649 2614 2.
672 2555 747 2630 Quia
760 2564 805 2614 est
819 2576 906 2614 causa
921 2555 1066 2615 meritoria
1081 2558 1192 2631 salutis,
1209 2560 1288 2635 Ergo
1314 2567 1343 2618 et

134 2635 262 2692 omnium
276 2637 410 2712 partium,
427 2637 532 2713 quibus
547 2637 625 2694 salus
645 2643 779 2710 constet;
803 2635 846 2696 At
861 2635 934 2693 fides
949 2644 978 2694 ct
998 2637 1060 2696 vita
1075 2638 1240 2714 spiritualis,
1256 2658 1343 2715 quam

134 2714 165 2772 in
179 2715 263 2772 nobis
278 2726 420 2792 operatur,
447 2724 491 2774 est
514 2717 607 2794 prima
621 2735 687 2792 pars
710 2716 820 2774 salutis.
857 2719 885 2774 3.
908 2715 982 2789 Quia
1002 2716 1134 2775 Christus
1148 2726 1192 2775 cst
1207 2737 1294 2776 causa
1315 2726 1344 2776 et

134 2793 353 2854 fundamentum
375 2797 502 2854 omnium
524 2796 757 2856 benedictionum
785 2795 986 2872 spiritualium,
1003 2795 1078 2872 Eph.
1102 2797 1121 2854 i.
1139 2799 1166 2870 3,
1182 2795 1344 2873 intorques

135 2874 228 2951 prima
249 2883 278 2933 et
292 2876 442 2952 potissima
456 2884 500 2934 est
522 2877 603 2935 fides.
627 2875 713 2935 Unde
728 2875 797 2932 alibi
813 2875 918 2933 dicitur
932 2874 995 2932 dari
1016 2884 1133 2952 propter
1147 2875 1294 2934 Christum
1314 2878 1344 2934 in

136 2955 231 3031 ipsum
245 2956 371 3032 credere,
387 2965 417 3015 ot
430 2977 481 3034 pro
496 2956 559 3034 ipso
584 2956 653 3034 peti,
670 2955 779 3014 Phili.
796 2958 844 3013 29.
886 2958 915 3013 4.
938 2955 1013 3028 Quia
1026 2964 1059 3013 ut
1076 2955 1207 3014 Christus
1229 2956 1344 3015 mittere

137 3034 222 3092 nobis
243 3034 343 3095 debuit
370 3037 517 3114 Spiritum,
534 3037 581 3096 Ita
595 3045 624 3095 et
644 3035 745 3094 debuit
759 3055 824 3093 eum
846 3035 955 3107 meteri,
971 3034 1048 3094 unde
1063 3035 1233 3112 proponitur
1260 3037 1345 3095 uobis

137 3121 170 3172 ut
193 3112 303 3175 fructus
323 3117 424 3174 mortis
439 3117 555 3190 Christi,
571 3117 641 3176 Joh.
658 3116 718 3174 xvi.
740 3119 767 3173 7.
791 3115 870 3191 Ergo
892 3123 920 3172 et
942 3114 1038 3172 omnia
1059 3115 1135 3173 dona
1158 3116 1236 3192 ejus,
1249 3125 1279 3174 et
1302 3117 1345 3174 in·

137 3194 237 3272 primis
258 3196 353 3254 fidem.
397 3197 458 3254 Nec
472 3196 519 3255 hic
536 3197 660 3274 Spiritus
675 3194 857 3254 sanctificans
872 3202 901 3252 et
922 3194 1075 3253 consolaus
1092 3194 1316 3270 distinguendus
1330 3216 1349 3254 a

139 3276 249 3353 Spiritu
269 3276 458 3350 illuminante,
474 3277 558 3353 quasi
578 3277 660 3334 illum
683 3283 795 3334 tantum
809 3274 953 3348 meruerit,
970 3294 1028 3333 uon
1052 3275 1148 3333 istum.
1171 3276 1242 3333 Cum
1271 3275 1348 3334 enim

138 3355 201 3412 istae
216 3375 315 3415 omnes
340 3356 521 3433 operationes
542 3356 693 3414 abeodem
718 3355 827 3432 Spiritu
840 3354 998 3432 procedant
1019 3355 1069 3431 qui
1084 3355 1239 3432 acquisivit
1262 3355 1348 3416 nobis

140 3435 279 3513 Spiritum
294 3435 434 3495 donorum
449 3437 608 3511 authorem,
624 3435 778 3513 acquisivit
789 3435 818 3492 in
833 3434 896 3511 ipso
911 3435 1007 3492 omnia
1028 3436 1092 3513 ejus
1114 3435 1209 3511 dona;
1232 3446 1261 3495 et
1282 3457 1348 3494 cum

138 3515 211 3575 fides
231 3517 269 3575 sit
282 3514 454 3594 principium
468 3525 498 3575 et
511 3516 595 3574 radix
615 3514 859 3588 sanctificationis,
874 3514 924 3591 qui
938 3515 1042 3574 meruit
1069 3515 1206 3591 Spiritum
1222 3517 1348 3576 sanctifi·

139 3605 262 3672 centem,
291 3597 395 3656 meruit
420 3606 449 3656 et
472 3597 565 3674 ipsam
589 3595 675 3653 fidem
701 3614 765 3671 quae
787 3594 874 3652 corda
901 3595 1042 3671 purificat.
1085 3599 1113 3654 5.
1136 3597 1269 3656 Christus
1290 3617 1348 3654 non

136 3676 232 3753 potuit
254 3697 317 3736 csse
338 3697 425 3736 verus
446 3685 476 3736 et
497 3676 600 3753 plenus
627 3676 771 3748 Servator,
787 3674 843 3732 nisi
864 3675 1039 3750 acquirendo
1060 3676 1144 3734 nobis
1166 3677 1262 3750 fidem,
1286 3677 1348 3735 siue

139 3776 197 3832 qua
206 3756 384 3832 impossibile
398 3765 443 3816 est
457 3777 520 3816 eam
535 3754 682 3832 consequi.
706 3755 744 3812 Et
758 3755 821 3812 haee
835 3763 971 3813 constans
986 3755 1041 3814 fuit
1054 3756 1084 3812 in
1100 3756 1229 3814 Ecclesia
1245 3756 1348 3815 Refor-

141 3836 227 3894 matis
241 3835 379 3912 doctrina,
396 3837 542 3896 Christum
557 3856 614 3894 uon
636 3835 731 3893 miuus
752 3833 847 3908 fidem,
863 3854 948 3911 quam
965 3835 1086 3894 salutem
1103 3836 1186 3894 nobis
1200 3836 1348 3909 meruisse,

142 3922 171 3970 et
186 3933 300 3972 causam
315 3935 378 3974 esse
392 3917 520 3975 omnium
535 3915 685 3989 donorum,
701 3935 766 3991 quae
780 3935 797 3972 a
812 3913 898 3972 Patre
921 3915 1005 3973 nobis
1025 3915 1219 3973 conferuntur.
1264 3914 1349 3973 Unde

143 3991 245 4050 Patres
275 3993 383 4069 Synod.
412 3995 561 4071 Dordrac,
591 3996 627 4053 In
655 3994 797 4072 positione
821 4015 898 4054 verae
925 3992 1072 4068 doctrinae,
1102 3994 1156 4052 Th.
1186 3996 1213 4067 8,
1236 3993 1349 4068 dicunt,

145 4070 320 4130 “Christum
334 4073 429 4149 fidem,
444 4085 477 4134 ut
497 4076 555 4134 alia
578 4075 702 4151 Spiritus
726 4074 824 4133 Sancti
846 4072 975 4132 salvifica
989 4073 1064 4131 dona
1078 4082 1169 4130 morte
1185 4091 1237 4130 sua
1250 4073 1347 4149 acqui-

144 4151 277 4222 sivisse,'’
294 4152 332 4210 Et
345 4153 375 4210 in
399 4156 554 4232 rejectione
579 4155 725 4229 Errorum,
750 4153 806 4211 Th.
830 4157 858 4212 3.
883 4153 1025 4230 rejiciunt,
1053 4152 1150 4224 “Eos,
1175 4152 1225 4227 qni
1244 4152 1350 4211 docent

144 4231 292 4292 Christum
306 4251 358 4307 per
371 4253 450 4292 suam
467 4235 691 4294 satisfactionem
705 4233 793 4292 nullis
808 4241 886 4292 certo
907 4232 1046 4290 meruisse
1061 4231 1192 4304 salutem,
1208 4231 1347 4306 attidem,

144 4330 202 4390 qua
222 4311 285 4368 haee
307 4311 413 4371 Christi
434 4314 591 4373 satisfactio
612 4313 765 4374 efficaciter
785 4313 823 4370 ad
844 4313 965 4372 salutem
987 4311 1154 4389 applicetur,
1171 4311 1223 4369 sed
1237 4320 1348 4370 tentum

145 4389 226 4450 Patri
241 4390 430 4466 acquisivisse
443 4401 623 4470 potestatem,
639 4394 687 4452 vel
707 4393 864 4471 plenariam
882 4392 1060 4451 voluntatem
1076 4391 1112 4450 de
1126 4411 1203 4449 novo
1217 4410 1282 4448 cum
1297 4391 1348 4450 ho·

143 4471 272 4530 minibus
297 4471 411 4546 agendi,
436 4481 466 4532 et
489 4494 580 4532 novas
604 4493 790 4550 quascunque
814 4472 904 4531 vellet
932 4471 1111 4531 conditiones
1134 4470 1349 4548 praescribendi,

143 4570 267 4630 quarum
282 4551 428 4627 praetatis
449 4573 466 4610 a
486 4552 577 4612 libero
597 4552 721 4612 hominis
742 4551 861 4610 arbitrio
882 4551 1014 4629 pendeat,
1037 4559 1122 4628 atque
1136 4549 1209 4609 adeo
1223 4549 1285 4608 fieri
1300 4571 1350 4628 po·

143 4633 244 4706 tuisse,
260 4638 293 4689 ut
307 4631 355 4688 vel
368 4651 462 4706 nemo,
477 4633 526 4691 vel
546 4653 645 4692 omnes
666 4652 715 4692 eas
736 4632 897 4708 implerent.
940 4632 982 4689 Hi
999 4632 1075 4690 enim
1090 4631 1126 4690 de
1137 4637 1228 4688 morte
1244 4631 1350 4690 Christi

145 4713 231 4772 nimis
246 4711 359 4788 abjecte
374 4711 511 4786 sentiunt,
527 4721 556 4772 et
569 4712 734 4789 primarium
750 4713 814 4789 ejus
832 4711 955 4772 fructum
971 4731 1022 4771 seu
1036 4711 1207 4772 beneficium
1222 4731 1273 4789 per
1287 4732 1350 4772 eam
