3150 5206
1052 301 1061 320 .

89 355 186 403 ossan.
203 331 247 414 x]
510 351 548 389 nn
563 349 688 390 amusan
704 350 835 400 onsvrm.
1222 339 1282 392 223

88 495 174 572 quoad
185 493 339 571 praesentia
352 491 422 550 satis
435 499 565 569 apertum
581 511 643 550 ease
658 499 770 568 poterat
782 513 789 566 ;
814 491 872 549 Sed
886 490 975 548 ardua
989 499 1050 550 erat
1065 499 1093 549 et
1107 494 1204 570 magni
1220 515 1279 552 nro·

88 575 166 632 menti
180 573 309 652 quaesti0,
325 572 395 648 quid
408 571 516 630 factum
530 571 617 630 fuerit
632 571 765 630 Patribus
780 579 845 629 ante
861 571 1017 628 adventurn
1033 571 1148 646 Christi,
1165 583 1193 631 et
1207 594 1280 651 pene

88 654 243 712 incredibile
258 652 413 710 videbatur
433 651 566 710 effectum
589 651 766 710 remissionis
790 651 921 709 extitisse
942 659 1009 708 ante
1028 671 1144 710 cerream
1158 653 1230 730 ejus,
1253 663 1282 712 et

87 743 193 810 patema
206 733 315 792 remitti
326 741 479 808 autequam
491 731 684 807 expiarentur.
728 729 799 788 Ideo
811 731 919 788 Paulus
931 730 1038 788 Christi
1048 731 1280 807 propitiationem

87 835 116 870 eo
128 813 285 890 respexisse
301 811 412 886 asserit,
428 811 573 887 quomodo
589 809 665 868 lleb.
680 811 720 868 ix.
738 813 783 884 15,
796 819 946 886 propterea
961 810 1046 868 ctiam
1059 813 1077 843 “
1090 811 1280 871 Mediatorem

87 894 146 950 novi
169 891 285 951 foederis
300 891 446 950 Christum
472 890 578 949 lactum
603 890 685 949 esse'’
714 899 842 964 testatur,
860 892 877 922 ‘⁴
889 899 920 948 ut
941 909 992 966 per
1014 898 1135 949 mortem
1149 893 1280 968 expiaret

87 973 336 1048 prevaricationes,
352 991 416 1047 quae
430 970 513 1029 faotae
523 978 604 1028 erant
619 969 781 1047 subpriore
796 970 1010 1028 Testamento.''
1054 969 1193 1044 Quamvis
1210 992 1279 1031 vero

87 1053 237 1129 propositus
252 1053 367 1110 dicatur
381 1050 513 1108 Christus
535 1050 565 1107 in
587 1049 798 1125 placamentum
820 1048 857 1106 ad
879 1049 1076 1108 remissionem
1097 1059 1279 1127 peccatorum

87 1132 317 1208 praecedentium
350 1150 409 1186 non
433 1129 563 1206 sequitur
584 1127 718 1186 fidelibus
743 1129 821 1186 illins
846 1129 983 1204 temporis
1007 1128 1135 1188 noudum
1160 1131 1280 1191 remissa

87 1211 173 1284 titisse,
187 1212 254 1288 quia
267 1211 338 1269 licet
352 1209 504 1285 impetrata
517 1217 587 1268 tunc
600 1216 711 1266 tantum
727 1207 820 1282 fucrit,
836 1209 930 1284 potuit
941 1209 1002 1285 jam
1017 1217 1084 1267 aute
1098 1211 1245 1288 applicari.

124 1291 213 1351 XIX,
235 1292 268 1350 Si
281 1291 362 1367 prior
376 1309 477 1348 sensus
498 1288 644 1363 retinetur,
661 1287 762 1368 πέψις
784 1289 897 1346 notabit
910 1287 1025 1364 quidem
1048 1291 1279 1366 praeteritionem,

89 1377 114 1427 et
133 1371 388 1430 dissimulationem
412 1377 604 1446 peecatorum,
619 1387 740 1444 quorum
765 1388 880 1445 poenam
901 1388 958 1426 uon
973 1369 1066 1427 voluit
1088 1370 1205 1446 exigere
1227 1372 1302 1430 suh·

91 1449 178 1508 Veteri
191 1451 388 1523 Testamento,
404 1447 455 1507 sed
470 1468 533 1508 eam
548 1447 660 1506 distulit
674 1447 710 1505 ad
732 1447 888 1506 adventum
905 1448 1020 1522 Christi,
1035 1458 1152 1526 peccata
1166 1449 1281 1509 interim
1319 1463 1322 1469 ’

90 1529 224 1590 tolerando
239 1532 304 1611 ὥηῖ
317 1532 405 1609 ἀνοχῇ,
422 1537 450 1586 et
469 1528 550 1605 quasi
570 1524 692 1607 trariis,
709 1528 776 1587 Act.
800 1529 870 1585 xvii.
887 1532 934 1585 30.
978 1528 1036 1586 Sed
1050 1539 1119 1586 tune
1137 1531 1280 1606 respiciet.

90 1627 138 1666 non
150 1619 206 1669 tam
221 1613 334 1685 Patres,
350 1629 436 1685 quarn
452 1608 597 1667 Christum
609 1609 791 1684 Sponsorem,
801 1628 819 1664 a
827 1627 884 1683 quo
895 1627 1008 1683 poenam
1021 1608 1057 1665 ab
1071 1608 1154 1667 initio
1165 1610 1283 1686 exigere

90 1707 139 1746 non
152 1691 249 1766 voluit,
265 1689 320 1750 sed
335 1697 453 1765 peccata
467 1687 496 1745 in
511 1687 604 1764 ipsum
619 1687 759 1745 translata
772 1687 888 1762 reliquit
902 1687 1043 1763 impunita
1063 1706 1154 1764 usque
1169 1688 1206 1746 acl
1222 1688 1282 1764 ple·

88 1767 232 1828 nitudinam
248 1769 398 1847 temporis.
443 1767 504 1826 lsta
518 1767 618 1847 erigam
632 1786 702 1825 vero
723 1787 780 1824 non
795 1766 908 1824 obstitit
928 1765 1081 1843 quominus
1104 1767 1159 1842 ipsi
1182 1768 1283 1826 Patres
1312 1764 1317 1773 ¹

87 1850 218 1922 potuer-int
228 1851 290 1928 jam
311 1857 373 1908 tum
387 1847 513 1924 gaudere
528 1847 618 1921 ἑφὶσιι,
631 1847 744 1924 plenam
760 1845 956 1904 remissionem
968 1855 1150 1922 peecatorum
1165 1867 1282 1905 suorum

87 1927 230 1988 obtinendo
244 1931 357 1988 virtute
383 1927 556 2004 expiationis
578 1926 691 1986 futurae.
745 1926 790 1984 Ita
812 1943 914 1984 sensus
928 1945 986 1982 non
1001 1925 1180 1984 incommode
1202 1927 1281 2000 fluet,

87 2006 147 2066 nim.
169 2009 260 2068 Deum
274 2007 464 2087 proposuisse
479 2007 624 2065 Christum
640 2007 669 2063 in
684 2006 893 2082 placamentum
908 2024 959 2081 per
981 2004 1066 2062 fidem
1092 2007 1121 2062 in
1143 2008 1283 2082 sanguine

88 2085 176 2164 ipsius,
190 2090 227 2148 ad
240 2087 455 2149 ostendendum
466 2086 610 2164 justitiam
625 2105 715 2158 suam,
727 2094 843 2162 propter
853 2086 954 2164 riguo
964 2085 1186 2162 praeteritionem
1197 2096 1226 2145 et
1240 2087 1284 2145 di-

87 2165 211 2228 lutionem
225 2189 323 2246 paenae
336 2175 519 2245 peecatorum
534 2165 765 2243 praecedentium,
777 2185 842 2241 quae
857 2165 932 2223 faeta
946 2165 1059 2223 fucrant
1073 2176 1200 2244 temporo
1212 2168 1282 2226 tole-

88 2248 177 2306 rantiae
192 2250 254 2324 Dei,
270 2267 362 2326 quam
378 2247 442 2306 ideo
458 2246 580 2320 distulit,
593 2265 651 2304 non
665 2255 697 2304 ut
711 2265 745 2303 ea
755 2245 897 2321 impunita
907 2246 1023 2303 omuino
1038 2245 1219 2322 relinqueret,
1233 2248 1285 2306 sed

89 2335 116 2382 ut
128 2327 174 2385 illa
187 2349 238 2388 suo
252 2339 385 2404 tempore
401 2327 429 2384 in
445 2326 560 2385 Christo
574 2325 696 2402 puniret,
713 2334 742 2383 et
752 2325 895 2402 justitiam
910 2345 990 2382 suam
1006 2325 1146 2384 adversus
1166 2336 1285 2404 peccata

88 2407 247 2485 ostenderet,
263 2426 406 2486 quaeuou
419 2405 492 2464 adeo
507 2406 582 2464 clare
604 2413 719 2464 ostense
733 2404 826 2463 suerat
846 2405 900 2464 sub
913 2409 1002 2486 ἀνοχῇ,
1017 2413 1135 2482 peccato
1156 2407 1284 2466 nondum

107 2487 187 2546 unito.

89 2504 105 2562 p
125 2565 196 2626 XX.
218 2565 380 2627 Promissio
400 2565 578 2624 remissionis
592 2575 774 2641 peccatorum
790 2565 830 2623 ita
844 2565 980 2624 tribuitur
992 2566 1067 2623 Nov.
1083 2566 1161 2624 Test.
1172 2565 1283 2643 diebus,

90 2644 145 2703 Jer.
165 2649 245 2706 xxxi.
267 2649 319 2721 34,
342 2653 374 2704 ut
395 2645 453 2703 illis
473 2644 675 2703 adscribuntur
696 2645 813 2721 reliquae
833 2645 1038 2722 promissiones
1059 2643 1174 2703 soederis
1197 2667 1225 2704 v.
1255 2668 1284 2725 g.

91 2726 160 2800 quod
180 2729 197 2760 “
212 2729 296 2786 Deus
310 2726 425 2784 futurus
439 2725 477 2783 sit
497 2731 595 2782 noster
611 2725 720 2798 Deus,''
736 2745 764 2780 v.
781 2727 829 2798 33,
845 2723 923 2800 quod
938 2723 1094 2782 Veteribus
1108 2744 1284 2784 concessum

91 2801 169 2864 luisse
181 2807 282 2885 liquet.
328 2805 388 2862 Nec
400 2805 493 2881 magis
508 2804 608 2880 negari
621 2811 717 2880 potest
731 2803 948 2880 remissionemj
1012 2802 1100 2860 luisse
1115 2803 1169 2860 sub
1185 2805 1285 2863 Veteri

91 2882 272 2962 Testamento,
290 2885 360 2962 quia
380 2883 556 2961 promittitur
570 2883 624 2942 sub
640 2885 732 2956 Novo,
748 2902 835 2960 quam
849 2882 943 2940 foedus
958 2883 1050 2958 ipsum
1067 2883 1184 2957 Gratiae,
1207 2884 1286 2960 quod

91 2967 264 3042 pangendum
280 2965 389 3024 dieitur
402 2973 513 3022 tantum
528 2963 693 3022 novissimis
708 2962 819 3020 diebus.
863 2962 1072 3019 Promissiones
1087 2981 1155 3037 ergo
1165 2961 1227 3020 istae
1242 2964 1285 3020 in-

91 3043 244 3122 telligendae
255 3065 317 3105 non
332 3053 399 3102 suut
413 3043 544 3102 absolute
565 3051 594 3101 et
608 3041 784 3118 simpliciter,
807 3041 889 3117 quasi
903 3039 1083 3098 nullomodo
1097 3039 1212 3116 fuerint,
1235 3043 1286 3101 sed

92 3125 238 3185 secundum
252 3124 327 3204 quid
348 3131 377 3181 et
390 3131 562 3200 comparate,
573 3122 641 3199 quia
652 3122 740 3198 longe
761 3121 866 3178 elarius
887 3129 916 3178 et
937 3118 1080 3177 efficacius
1101 3121 1221 3196 proponi
1235 3120 1285 3180 de-

91 3201 204 3266 buerunt
218 3207 273 3265 sub
289 3204 375 3262 Novo
390 3203 574 3261 Testamento
589 3221 647 3260 non
661 3199 757 3278 quoad
771 3219 840 3274 rem,
857 3198 908 3258 sed
922 3198 1017 3275 quoad
1038 3198 1155 3257 modum
1171 3209 1199 3258 et
1220 3221 1285 3277 gra-

92 3279 152 3340 dum
166 3285 214 3344 rei.
236 3285 352 3361 Quippe
365 3283 496 3343 remissio
510 3281 564 3341 sub
579 3282 646 3340 Vet.
659 3281 737 3339 Test.
752 3279 935 3356 dabaturper
946 3278 1092 3337 Christum
1106 3280 1284 3359 moriturum,

94 3359 168 3421 Nunc
181 3385 250 3424 vero
264 3365 352 3423 datur
371 3383 422 3440 per
435 3371 588 3438 mortuum,
602 3361 640 3420 id.
655 3360 731 3419 facta
749 3359 854 3418 actuali
875 3359 1048 3436 expiatione.
1091 3363 1119 3418 2.
1143 3359 1286 3421 Remissio

93 3441 140 3498 sub
154 3443 251 3504 Veteri
272 3443 460 3502 Testamenta
481 3441 702 3519 dispensabatur
721 3460 774 3518 per
790 3441 975 3498 Sacramenta
991 3447 1020 3498 et
1043 3438 1199 3516 Sacrificia,
1221 3463 1286 3520 quaa

93 3522 277 3597 expiationem
292 3522 453 3582 faciendam
464 3522 558 3581 adhuc
569 3521 760 3598 designabant
770 3543 776 3596 ς
802 3519 859 3579 Sed
869 3521 931 3597 jam
941 3519 995 3578 sub
1005 3520 1089 3578 Novo
1100 3520 1287 3582 Testamenta

94 3598 229 3678 abrogatis
244 3603 400 3677 sacrificiis,
416 3621 468 3679 per
483 3602 668 3661 Sacramenta
682 3610 715 3660 ut
728 3601 804 3659 facta
818 3600 995 3677 obsignatur.
1029 3603 1058 3662 3.
1074 3600 1150 3661 Olim
1165 3601 1303 3662 dabatur·

95 3679 226 3742 ordinarie
246 3683 352 3742 minori
372 3702 437 3743 eum
453 3681 657 3757 consolatione,
672 3681 774 3740 latitia
792 3689 821 3739 et
842 3679 1021 3756 certitudine,
1040 3701 1125 3757 quam
1141 3701 1217 3740 nunc
1233 3684 1287 3742 sub

96 3757 171 3819 Novo
185 3762 370 3822 Testamenta
391 3770 508 3839 propter
521 3761 681 3820 claritatem
703 3760 866 3838 Evangelii,
881 3760 1055 3820 ablationem
1073 3761 1139 3838 jugi
1160 3761 1286 3838 Legelis,

94 3845 120 3894 ct
133 3840 188 3898 vim
202 3862 236 3901 ac
250 3842 362 3920 copiam
379 3843 503 3920 Spiritus
518 3841 694 3900 consolantis
708 3850 737 3899 et
750 3840 923 3899 laetificantis
936 3848 1003 3916 post
1017 3839 1162 3898 Christum
1177 3840 1287 3899 exalta-

95 3925 151 3976 tum
164 3920 255 3982 effusi.
297 3927 325 3981 4.
342 3922 417 3982 Olim
431 3921 546 3999 parcius
559 3929 589 3980 et
609 3920 792 3998 paucioribus
813 3919 1043 3978 concedebatur:
1067 3919 1124 3978 Sed
1140 3919 1202 3994 jann
1217 3919 1286 3978 ube-

96 3995 149 4055 rius
170 4000 360 4079 dispensatur,
387 4011 416 4060 et
440 3999 611 4059 diffunditur
632 3999 880 4058 indiscriminatim
903 3999 940 4056 ad
967 4017 1067 4056 omnes
1091 3997 1287 4074 cujuscunque

96 4079 184 4148 gentis
204 4091 234 4140 et
254 4073 372 4142 ordiiris.
415 4081 565 4140 Hactenus
588 4099 657 4157 ergo
680 4086 756 4137 recte
778 4079 956 4156 promittitur
975 4077 1031 4136 hoc
1052 4075 1232 4149 beneficium,
1255 4089 1288 4137 ut

95 4159 232 4234 proprium
248 4161 323 4220 Nor.
338 4162 417 4220 Test.
452 4160 510 4219 Sed
523 4157 1010 4230 maleadistinctioneoeconomiae,
1023 4165 1052 4214 et
1065 4155 1289 4231 dispensationis
1317 4179 1321 4186 ²

96 4235 183 4312 modo,
207 4249 408 4317 argumentum
430 4239 545 4300 ducitur
565 4239 603 4297 ad
623 4238 820 4298 diversitatem
842 4237 1024 4298 essentialem
1045 4243 1074 4293 et
1095 4233 1287 4310 intrinsecam,

97 4315 183 4387 qualis
197 4321 333 4380 statuitur
345 4321 392 4380 hic
408 4321 482 4393 inter
495 4325 596 4413 origam
610 4328 638 4380 et
652 4321 747 4389 ὄφισιι.

135 4393 225 4457 XXI.
247 4399 340 4458 Aliud
354 4411 397 4459 est
412 4419 462 4476 per
477 4401 584 4459 Christi
598 4398 721 4476 gratiam
732 4398 892 4476 justificari,
909 4395 990 4454 abiis
1004 4393 1146 4465 omnihus,
1162 4411 1214 4468 per
1224 4413 1288 4470 quae

99 4489 151 4529 non
165 4485 317 4551 potuemnt
331 4481 462 4538 homines
476 4500 527 4558 per
543 4479 651 4556 Legem
668 4477 831 4554 justificari,
850 4475 940 4534 Aliud
957 4473 1193 4551 justificationem
1207 4471 1291 4531 istam

99 4547 207 4614 demum
216 4558 338 4618 conferri
352 4559 437 4618 nobis
446 4560 500 4618 sub
515 4558 601 4618 Novo
614 4558 810 4617 Testamento.
853 4556 938 4613 Prius
952 4553 1066 4628 dicitur,
1080 4553 1148 4610 Aet.
1163 4550 1225 4609 xiii.
1242 4555 1290 4624 39,
1355 4605 1365 4624 ,

102 4627 154 4690 Sed
167 4653 224 4694 non
245 4639 395 4714 posterius,
418 4639 486 4715 quia
500 4659 557 4696 non
571 4638 604 4697 fit
626 4636 769 4715 oppositio
785 4635 900 4695 Veteris
914 4633 1091 4692 Testamenti
1105 4633 1162 4689 late
1185 4634 1293 4710 sumpti
