3192 5206
239 395 353 447 auser.
372 377 473 460 xviri]
676 399 714 439 nn
730 399 862 441 sansone
878 401 915 441 nn
929 401 1023 444 srsrn
1042 403 1168 446 casrsrr.
1393 391 1451 448 323

539 541 612 600 VII.
634 539 765 601 Christus
779 543 884 601 dieitur
898 545 1052 603 ascendisse
1064 565 1153 621 snpra
1165 567 1257 605 omnes
1268 552 1355 624 caelos,
1372 549 1447 627 Eph.

242 591 463 694 ,Fontppluznlutt-
499 622 538 680 iv.
550 625 596 696 10,
612 621 745 679 nimirum
760 623 957 700 respectabiles,
974 625 1085 683 Coelum
1099 627 1209 684 scilicet
1220 635 1343 703 aereum,
1360 638 1387 687 et
1399 631 1446 687 fir·

496 711 680 774 mamentum,
704 710 737 760 ut
764 701 874 760 scilicet
897 703 927 760 in
955 704 1059 761 coelum
1086 705 1201 764 tertium
1217 725 1268 765 seu
1281 709 1445 784 paradisum

235 787 452 864 ingrederetur3
475 782 596 861 quisita
617 781 722 840 dieitur
742 781 905 840 ascendisse
928 802 1014 859 supra
1037 803 1136 842 omnes
1160 786 1257 860 coelos,
1283 797 1316 846 nt
1339 789 1443 846 nihilo-

235 868 330 924 minus
345 887 408 924 esse
422 866 534 923 dicatur
547 862 577 920 in
592 861 673 934 coelo,
691 860 765 938 Eph.
781 862 805 930 i,
815 864 863 920 20.
885 862 946 920 Neo
957 864 982 920 si
996 883 1030 921 co
1045 863 1208 922 ascendisse
1231 865 1336 925 dieitur
1349 878 1380 924 at
1393 869 1443 926 im-

228 939 324 1023 pler-'et
337 947 438 1020 oinnin,
455 944 508 1002 hoc
519 940 738 1018 intelligendum
750 941 786 999 de
800 941 956 1018 repletione
968 944 1095 1000 omnium
1109 944 1237 1001 locomm
1246 965 1298 1022 per
1308 949 1443 1024 Corporis

235 1025 505 1102 omnipraesentiam,
519 1020 620 1080 sedda
641 1021 799 1096 repletione
808 1022 936 1079 omnium
950 1023 1143 1081 membrorum
1159 1023 1298 1083 Ecclesia
1306 1046 1358 1103 per
1371 1027 1441 1086 effu·

234 1106 343 1164 sionem
355 1106 494 1164 donomm
509 1101 632 1178 Spiritus
644 1123 651 1175 ;
661 1109 693 1158 ut
703 1101 810 1159 ibidem
820 1101 989 1178 explicatur.

273 1185 364 1243 VIII.
388 1184 519 1244 Christus
540 1181 594 1239 suit
607 1181 637 1237 in
651 1180 746 1239 medio
761 1189 870 1257 septem
886 1181 1137 1257 Candelabrorum,
1158 1183 1288 1261 adeoque
1302 1185 1332 1242 in
1347 1187 1439 1262 terris,

128 1283 130 1293 ’
233 1263 361 1343 Aponi.
380 1267 425 1338 13,
451 1262 559 1340 Spiritu
574 1280 634 1335 suo,
651 1260 751 1336 gratie,
774 1260 909 1339 praesidio
923 1271 952 1319 et
965 1261 1122 1337 regImine3
1145 1262 1196 1321 sed
1215 1284 1273 1322 uon
1288 1268 1441 1341 prasentia

233 1345 368 1422 corporis.
412 1344 473 1401 Nec
495 1343 646 1402 Johannas
668 1359 733 1398 eum
754 1340 829 1398 vidit
851 1341 1045 1399 ambulantem
1063 1342 1167 1400 visione
1185 1345 1296 1402 molari
1308 1345 1337 1402 in
1352 1355 1436 1420 terra,

233 1425 285 1483 sed
295 1433 406 1483 tantum
416 1424 518 1482 visione
529 1422 707 1480 intellectuali
716 1429 744 1478 et
753 1421 897 1495 exstatica,
908 1428 940 1478 ut
951 1429 1075 1494 notatur,
1091 1441 1151 1480 ver.
1170 1425 1214 1497 10,
1227 1443 1314 1500 quum
1331 1425 1439 1484 dicitur

231 1503 319 1562 fuisse
335 1506 354 1561 b
368 1503 489 1580 melpum
504 1503 532 1560 in
545 1502 655 1577 spiritu,
671 1500 709 1558 id.
725 1501 755 1557 in
770 1500 886 1575 exstasi
902 1507 935 1558 ut
946 1500 1014 1558 Act.
1030 1519 1059 1557 x.
1074 1503 1276 1577 lO,·quomodo
1287 1513 1316 1562 et
1329 1505 1438 1564 Paulus

232 1584 287 1642 sibi
301 1584 462 1642 adstantem
478 1580 638 1658 conspexit,
654 1580 722 1639 Act.
737 1580 820 1637 xxiii.
837 1583 883 1638 11.

272 1663 331 1720 ΙΧ.
354 1662 437 1720 Idem
452 1663 501 1739 qui
516 1660 673 1732 deseendit,
689 1661 774 1718 etiam
790 1659 928 1734 aseendit,
950 1661 1026 1736 Eph.
1040 1661 1080 1719 iv.
1097 1663 1143 1737 10,
1165 1657 1261 1738 quoad
1274 1684 1435 1741 personam,

230 1742 282 1802 sed
296 1763 353 1801 non
368 1743 464 1822 quoad
477 1751 626 1812 naturam
649 1739 723 1797 Nam
737 1739 836 1797 divina
847 1739 1003 1815 deseendit,
1017 1740 1067 1798 sed
1078 1742 1204 1800 humane
1217 1745 1365 1820 ascendit,
1387 1746 1438 1804 illa

230 1823 347 1900 quidem
361 1823 553 1899 metaphorice
569 1829 597 1878 et
610 1819 741 1897 figurate,
757 1819 825 1895 quia
839 1818 922 1877 aliter
939 1838 996 1877 uon
1010 1820 1111 1896 potuit,
1128 1821 1183 1879 ista
1196 1841 1266 1881 vero
1280 1825 1393 1900 proprie
1408 1837 1437 1884 et

229 1902 377 1978 localiter;
400 1911 432 1960 ut
449 1903 486 1960 sit
507 1921 576 1958 vere
598 1900 628 1956 in
653 1899 742 1972 eoelis,
761 1899 812 1956 ubi
833 1907 918 1956 antea
932 1919 990 1955 non
1015 1909 1084 1973 erat,
1110 1908 1221 1958 utnon
1246 1904 1369 1978 amplius
1391 1915 1436 1963 est

230 1981 260 2040 iu
281 1982 364 2040 terris
386 1982 436 2040 ubi
450 1989 535 2040 antee
562 1979 663 2038 suerat.
708 1979 790 2036 Licet
812 1987 908 2036 autem
933 1978 1064 2036 Christus
1092 1999 1149 2036 non
1175 1981 1356 2041 descenderit
1370 2004 1434 2060 pro-

228 2062 290 2138 prie
305 2070 334 2120 et
346 2062 478 2120 localiter
495 2081 511 2119 e
536 2059 617 2134 coelo,
640 2059 708 2136 quia
731 2077 789 2134 qua
808 2067 888 2128 Λογος
902 2066 946 2115 est
960 2057 1085 2134 ubique:
1108 2059 1174 2117 Nou
1189 2062 1318 2136 sequitur
1331 2065 1436 2122 coelum

228 2141 302 2200 illud
316 2161 374 2199 non
389 2161 451 2199 esse
465 2141 565 2214 locale,
589 2138 640 2198 sed
661 2138 857 2214 allegoricum,
873 2157 938 2195 eum
953 2138 1023 2195 talia
1037 2138 1091 2214 ipsi
1106 2139 1275 2214 tribuantur,
1291 2161 1356 2218 quae
1377 2163 1436 2200 non

227 2232 349 2299 possunt
372 2222 429 2278 nisi
451 2221 482 2277 in
502 2239 602 2277 verum
618 2226 647 2276 et
664 2218 810 2296 proprium
835 2218 930 2275 locum
953 2216 1101 2292 quadrare.
1145 2219 1180 2276 In
1194 2219 1258 2278 istis
1272 2241 1342 2298 ergo
1356 2222 1435 2280 locu·

228 2301 364 2375 tionibus,
379 2309 479 2378 tropus
494 2319 552 2357 non
566 2299 654 2356 estin
665 2317 736 2355 voce
751 2299 817 2372 coeli,
829 2297 880 2354 sed
895 2297 925 2354 in
938 2296 1028 2354 verbo
1038 2298 1167 2356 veniendi
1179 2307 1208 2357 et
1223 2303 1413 2360 descendendi.

269 2380 311 2438 X.
335 2380 472 2454 Quamvis
498 2378 629 2437 Christus
644 2377 766 2435 abiverit
780 2397 831 2453 per
845 2376 1055 2434 Ascensionem
1069 2377 1107 2434 ad
1121 2378 1246 2455 Patrem,
1262 2381 1311 2456 qui
1327 2382 1433 2460 ubique

229 2467 281 2535 est,
305 2459 371 2520 Non
386 2459 515 2536 sequitur
533 2459 618 2516 istam
644 2457 852 2514 AscensIonem
868 2456 941 2513 nihil
965 2455 1129 2531 aliudesse,
1152 2477 1237 2534 quem
1260 2459 1370 2518 abitum
1397 2461 1434 2520 ad

229 2557 369 2598 summam
382 2539 599 2612 beatitudinem,
614 2557 678 2614 quae
694 2537 731 2595 sit
744 2535 851 2613 ubique
865 2537 895 2592 in
911 2536 1004 2608 Patre,
1020 2555 1078 2593 non
1101 2537 1131 2594 in
1154 2547 1232 2596 certo
1250 2539 1346 2616 aliquo
1360 2541 1434 2600 loco.

227 2617 302 2694 Quia
325 2619 431 2677 dicitur
454 2618 579 2676 abivisse
594 2617 632 2674 ad
654 2618 778 2688 Patrem,
804 2635 862 2673 non
876 2624 909 2673 ut
922 2623 999 2673 esset
1011 2616 1118 2692 ubique
1134 2637 1198 2674 oum
1214 2618 1308 2692 Patre,
1325 2621 1375 2678 sed
1390 2639 1433 2696 en,

226 2699 276 2757 uhi
291 2698 384 2775 gloria
398 2707 427 2756 et
440 2698 547 2756 honore
563 2695 744 2755 coronandus
754 2695 817 2770 fuit,
829 2695 962 2752 ulmirum
974 2696 1004 2751 in
1014 2695 1126 2770 coelum,
1143 2696 1192 2754 ubi
1208 2697 1288 2754 Deus
1299 2699 1434 2758 thronum

227 2798 311 2837 suum
325 2777 421 2850 hebet,
437 2786 466 2836 et
480 2777 530 2835 ubi
545 2777 675 2836 Christus
699 2775 761 2852 ipse
782 2794 897 2832 manere
918 2773 1018 2832 debuit
1044 2794 1135 2851 usque
1163 2775 1200 2832 ad
1224 2778 1434 2837 restitutionem

226 2859 363 2916 omnium.
407 2858 453 2915 lta
467 2877 555 2934 quum
570 2856 641 2914 dicit
655 2875 685 2913 se
699 2855 786 2929 abire,
802 2855 980 2912 mutationem
999 2854 1054 2910 loci
1065 2854 1174 2927 innuit;
1197 2875 1284 2932 quum
1300 2857 1381 2915 addit
1402 2877 1432 2918 se

226 2937 304 2996 abire
319 2937 356 2994 ad
373 2937 495 3012 Patrem,
511 2935 689 2993 mutationem
703 2934 874 3008 conditionis,
890 2943 998 2990 naturae
1012 2933 1145 2991 humanae
1159 2935 1386 2996 convenientem.

267 3017 326 3075 XI.
350 3017 489 3090 Quamvis
502 3015 604 3074 fideles
618 3014 694 3073 beati
710 3013 768 3072 sint
781 3014 944 3088 ubicunque
960 3012 1025 3084 sint,
1049 3013 1117 3087 quia
1141 3031 1253 3090 semper
1276 3025 1342 3073 sunt
1366 3036 1431 3074 eum

227 3093 299 3171 Deo,
325 3095 391 3153 Non
400 3103 496 3153 temen
517 3095 644 3172 perfecte
654 3113 751 3152 eorum
762 3101 805 3151 est
815 3091 972 3164 beatitudo,
985 3091 1075 3148 donec
1090 3093 1119 3148 iu
1134 3093 1237 3150 coelum
1249 3095 1430 3172 recipiantur,

224 3173 255 3233 in
269 3174 348 3253 quod
362 3175 399 3233 ad
414 3175 559 3233 Christum
574 3173 713 3232 anhelans
729 3173 893 3248 Stephanus
907 3170 1086 3247 respiciebat.
1131 3171 1215 3230 Unde
1233 3173 1347 3249 Paulae,
1363 3176 1432 3235 lieet

221 3255 284 3332 jam
298 3263 375 3314 esset
389 3275 454 3312 cum
470 3253 584 3312 Christo
597 3272 650 3330 per
662 3252 757 3327 fidam,
773 3259 855 3328 optat
867 3259 964 3308 tamen
978 3250 1077 3307 relicte
1092 3258 1168 3308 terra
1181 3252 1260 3310 abire
1272 3254 1301 3310 in
1316 3255 1429 3331 coelum,

223 3343 253 3393 et
268 3355 330 3393 esse
346 3354 410 3392 cum
435 3333 570 3412 ipseper
591 3340 747 3408 aspectum,
773 3330 883 3388 Phili.
899 3333 946 3404 23,
962 3337 991 3387 et
1014 3329 1116 3387 fideles
1138 3330 1188 3406 qui
1207 3332 1269 3408 jem
1294 3333 1324 3390 in
1349 3335 1431 3394 ocella

224 3413 322 3472 sedere
338 3413 473 3472 dicuntur
487 3433 552 3471 cum
567 3413 681 3472 Christo
695 3410 846 3488 perfidem
869 3417 898 3468 et
920 3429 1009 3486 spem,
1031 3408 1126 3468 adhue
1140 3429 1260 3488 peregre
1274 3413 1379 3473 absunt
1393 3415 1430 3473 ab

221 3493 231 3551 i
253 3513 294 3566 so,
310 3498 328 3551 2
344 3493 409 3552 Cor.
423 3514 453 3552 v.
469 3496 496 3552 6.

232 3514 341 3632 pXII.
365 3573 406 3632 Ut
432 3572 467 3631 de
494 3570 641 3646 Stephano
658 3567 856 3642 dicitur,.Act.
871 3569 921 3627 vii.
937 3572 984 3644 56,
1001 3568 1077 3645 quod
1094 3569 1239 3628 Christum
1254 3571 1284 3629 in
1299 3572 1372 3630 ooelo
1386 3573 1430 3630 vi-

222 3651 305 3727 derit,
322 3652 390 3710 dum
405 3653 474 3711 uidit
488 3653 567 3710 celos
581 3660 702 3726 apertos,
719 3659 744 3708 et
759 3649 900 3708 Christum
914 3657 1031 3706 stantem
1046 3669 1065 3706 a
1080 3650 1188 3706 dennis
1210 3653 1275 3724 Dei,
1301 3659 1429 3710 extraor-

221 3730 333 3790 dinaria
358 3732 467 3790 scillcet
492 3730 640 3789 oculorum
661 3729 722 3787 aeia
744 3749 761 3786 a
784 3728 893 3804 Spiritu
916 3729 1021 3785 Sancto
1040 3727 1171 3802 donatus,
1196 3729 1305 3788 Eadem
1320 3731 1430 3790 ratione

220 3811 316 3886 potuit
341 3809 450 3869 Paulus
469 3811 550 3868 illum
565 3809 673 3884 videre,
690 3808 758 3867 Act.
774 3808 813 3866 ix.
830 3811 877 3865 27.
922 3807 1007 3866 Unde
1023 3807 1089 3865 Act.
1105 3808 1187 3864 xxvi.
1205 3812 1250 3881 19,
1267 3818 1352 3867 vocat
1366 3829 1429 3867 eum

222 3893 352 3948 celestem
364 3890 578 3966 apparitionem.
622 3889 662 3945 Et
677 3891 728 3945 lun
741 3907 803 3964 qnae
814 3888 892 3944 illurn
902 3887 1115 3960 circumfulsisse
1126 3887 1232 3944 dicitur
1242 3890 1353 3960 coelitns,
1368 3907 1429 3945 ver.

224 3969 271 4040 13,
287 3977 347 4025 erat
361 3969 477 4044 quidem
492 3968 625 4046 glorIosse
646 3967 805 4044 majestatis
819 3967 882 4042 ejus
896 3966 1067 4043 symbolum,
1094 3965 1145 4022 sed
1167 3983 1226 4023 non
1251 3965 1377 4041 corporis
1400 3967 1431 4024 in

222 4051 298 4102 terra
320 4046 367 4104 vel
389 4047 419 4104 in
443 4055 508 4106 abre
530 4047 679 4124 praesentis
703 4055 913 4122 argumentum.
957 4045 1017 4102 Nee
1040 4045 1064 4102 si
1087 4045 1117 4100 in
1140 4043 1190 4100 via
1213 4044 1319 4102 dieitur
1339 4045 1428 4105 luisse

224 4121 364 4261 Paulusf,ll
356 4145 444 4200 quum
457 4127 532 4186 vidit
548 4126 713 4202 Dominum,
740 4125 869 4202 seqnitur
893 4125 1038 4182 Christum
1063 4123 1157 4180 visum
1172 4141 1189 4178 a
1204 4122 1304 4196 Paulo,
1329 4123 1359 4180 in
1379 4125 1428 4182 via

222 4201 309 4260 etiarn
356 4203 420 4262 'ssa
