3152 5198
277 387 335 443 602
685 395 776 436 Locos
798 394 928 434 orciuos
950 392 1069 432 saurus.
1318 371 1462 454 [crass.
1480 399 1505 435 x.

274 543 440 602 munionem
462 539 579 614 Christi,
602 548 632 598 ει
648 538 763 615 justitia
784 537 847 611 rjus
868 535 952 594 nobis
971 534 1128 611 imputatur
1148 553 1166 592 a
1188 533 1254 591 Deo
1276 543 1307 592 et
1329 555 1391 611 per
1413 537 1502 596 fidem

272 624 417 700 recipitur.
471 621 547 678 Tum
575 619 652 677 enim
679 639 697 676 a
725 625 801 676 statu
829 616 938 693 pcccati
966 613 1142 674 transeundo
1168 613 1206 670 ad
1234 623 1351 674 statum
1384 620 1500 693 gratiae.

271 713 370 761 reatus
385 701 514 760 omnium
537 708 719 777 peccatorum
740 696 963 772 procedentium
988 702 1055 752 actu
1075 694 1195 766 tollitur,
1218 701 1248 752 et
1268 695 1449 756 remedium
1473 701 1499 756 in

267 782 385 855 justitia
405 782 513 840 Christi
535 779 619 838 uobis
633 779 718 836 datur
732 777 872 834 adversus
899 773 1004 834 futura.
1046 773 1086 832 Et
1099 773 1259 849 specialiter
1282 776 1392 850 quoad
1419 788 1499 836 actus

266 865 460 938 particulares
486 868 676 937 pcccatorum,
700 856 729 913 in
744 875 809 932 quae
831 855 953 914 subinde
973 853 1105 928 labimur,
1133 873 1199 930 quse
1228 854 1381 930 singulari
1408 862 1498 916 etiarn

270 952 358 1019 egent
372 941 571 1013 absolutionc,
593 957 657 1014 quae
673 936 759 994 toties
777 935 926 994 intimatur
939 935 1022 994 nobis
1036 934 1064 992 in
1080 933 1142 991 loro
1156 933 1358 1010 conscientiae,
1377 941 1497 1012 quoties

270 1023 365 1081 fidelis
379 1043 430 1099 per
445 1018 643 1097 peonitentiam
655 1016 693 1074 ad
707 1017 802 1074 Deum
816 1015 1002 1086 convertitur,
1013 1023 1042 1072 et
1052 1033 1103 1091 per
1117 1012 1204 1072 fidem
1214 1014 1369 1087 justitiam
1382 1018 1496 1076 Christi

271 1103 327 1162 sibi
349 1103 483 1178 applicat.
526 1098 590 1172 Quo
612 1117 700 1155 sensu
717 1097 854 1173 jubemur
874 1095 1004 1171 quotidie
1031 1104 1130 1170 petere
1154 1093 1363 1154 remissionem
1388 1117 1496 1173 pecca·

269 1191 372 1255 torum,
388 1199 445 1238 non
460 1186 572 1237 tantum
587 1178 696 1236 ratione
712 1196 821 1249 sensus,
838 1175 889 1232 sed
917 1175 1004 1233 etiam
1017 1175 1127 1233 ratione
1142 1173 1233 1250 ipsius
1255 1173 1307 1248 rei,
1332 1177 1411 1252 quia
1426 1199 1494 1254 pec-

268 1269 332 1318 cata
345 1281 403 1318 non
418 1267 539 1336 possunt
553 1257 718 1330 condonari,
735 1257 791 1314 nisi
805 1255 966 1330 commissa,
982 1263 1014 1313 ut
1029 1264 1095 1313 ante
1110 1253 1342 1314 observavimus.

309 1340 369 1398 XI.
385 1340 492 1413 Tertio,
505 1339 526 1398 J
529 1338 682 1398 ustificatio
695 1338 748 1395 sub
762 1335 871 1413 duplici
885 1343 964 1404 ιχιηι
978 1334 1088 1392 attendi
1102 1343 1205 1411 potest,
1221 1334 1270 1392 vel
1285 1336 1392 1410 quoad
1407 1341 1492 1396 desti-

267 1421 408 1478 nationcm
424 1429 569 1478 ‘aeternam
592 1419 621 1476 in
649 1419 860 1492 Doc1·eto,quo
883 1434 969 1473 sensu
988 1416 1086 1491 aratia
1110 1413 1216 1472 dicitur
1244 1415 1323 1472 nobis
1354 1419 1436 1476 data
1466 1421 1490 1476 in

269 1499 381 1560 Christo
396 1511 460 1559 ante
475 1510 602 1574 tempora
615 1498 765 1570 secularia,
786 1500 803 1554 2
819 1495 893 1553 Tim.
909 1495 928 1552 i.
945 1498 972 1569 9,
995 1505 1024 1553 ει
1040 1495 1120 1552 Βειιε
1141 1493 1246 1552 dicitur
1266 1515 1319 1552 nos
1328 1501 1491 1571 proedesn'·

267 1602 349 1640 nasse
363 1585 404 1640 ad
416 1582 602 1656 adoptionem,
619 1577 693 1654 Eph.
709 1577 727 1636 i.
744 1580 781 1651 ὃς
804 1576 852 1634 vel
862 1574 959 1651 quoad
973 1576 1160 1634 necationem
1184 1573 1214 1632 in
1235 1583 1391 1650 tempore3
1417 1581 1491 1654 Quae

268 1661 373 1720 iterum
387 1662 510 1739 spectari
524 1669 628 1736 potest,
639 1658 694 1715 Vel
705 1656 801 1733 quoad
815 1657 1045 1732 impetrationem,
1062 1675 1126 1731 quae
1141 1653 1217 1712 lacta
1230 1665 1276 1712 est
1289 1675 1343 1731 per
1360 1669 1490 1717 mortem

268 1741 375 1800 Christi
387 1742 416 1798 in
431 1743 530 1813 Cruce,
543 1739 578 1797 dc
593 1759 651 1815 qua
662 1737 775 1810 dicitur,
792 1736 876 1794 Rom.
886 1755 914 1793 v.
931 1737 958 1808 9,
976 1738 1021 1810 10,
1038 1755 1088 1792 nos
1095 1735 1251 1811 justificari
1263 1744 1290 1792 et
1300 1740 1494 1796 reconciliari

266 1824 331 1880 Deo
344 1823 480 1897 sarrpuine
495 1819 607 1892 Christi,
624 1828 653 1877 ει
669 1818 809 1876 Christum
832 1816 1023 1874 reconciliasse
1046 1817 1110 1873 Deo
1125 1815 1219 1872 cannia
1232 1835 1290 1890 per
1312 1819 1489 1892 smrquinem

269 1903 376 1976 Crucis,
390 1901 451 1960 Col.
467 1901 486 1959 i.
501 1903 550 1958 20.
567 1901 605 1957 Et
619 1898 687 1957 alibi
702 1897 808 1956 dicitur
824 1896 951 1956 Christus
963 1896 1110 1954 mucltatus
1121 1897 1490 1973 propterjuatiſscationem

266 1992 401 2056 nostram,
419 1982 503 2039 Rom.
526 1981 567 2038 iv.
590 1981 637 2052 25,
653 1977 721 2054 quia
745 1985 778 2036 ut
800 1977 830 2034 in
853 1996 887 2034 eo
911 1985 1032 2048 mortuo,
1057 1974 1163 2033 mortui
1184 1995 1292 2049 sumus,
1315 1978 1359 2035 ita
1389 1979 1423 2036 in
1454 2002 1488 2038 eo

267 2063 405 2120 suscitato
420 2070 450 2120 et
470 2061 638 2138 justificato,
659 2056 861 2131 justificamur,
884 2056 922 2114 id.
943 2055 1161 2129 justificationis
1183 2063 1287 2114 nostrie
1309 2067 1428 2118 eertum
1460 2071 1490 2118 et

266 2141 463 2200 indubitatum
479 2141 618 2198 babemus
638 2140 744 2216 pignus
768 2147 798 2195 et
820 2135 1047 2209 fundamentum,
1070 2136 1217 2211 quianon
1244 2136 1303 2194 alia
1330 2135 1368 2194 de
1394 2157 1488 2197 causa
1559 2191 1560 2202 ,

261 2220 439 2294 justificatus
454 2230 499 2278 est
521 2220 639 2296 Spiritu,
657 2223 671 2276 l
688 2218 762 2275 Tim.
777 2217 818 2274 iii.
831 2220 876 2290 16,
887 2216 944 2274 nisi
955 2224 987 2274 ut
998 2217 1190 2291 justificemur
1203 2215 1233 2272 in
1247 2215 1319 2292 ipso.
1343 2217 1409 2276 Nec
1424 2220 1486 2277 elio
1559 2267 1560 2270 ,

266 2319 353 2358 sensu
376 2300 484 2357 Paulus
505 2299 583 2374 dicit,
607 2300 702 2357 lCor.
717 2318 746 2354 v.
764 2300 809 2371 19,
827 2297 950 2354 “Deum
964 2295 1052 2354 luisse
1067 2295 1097 2352 in
1112 2295 1228 2354 Christo
1241 2296 1484 2356 reconciliantem

266 2378 323 2436 sibi
351 2378 499 2450 mundum,
523 2399 581 2435 non
602 2377 770 2453 imputando
793 2377 865 2454 ipsis
879 2395 978 2436 eorum
993 2375 1139 2452 peccata,”
1160 2383 1303 2451 quatenus
1321 2376 1439 2436 scilicet
1454 2381 1483 2436 in

266 2456 381 2515 Christo
396 2456 535 2514 moriente
552 2458 639 2513 Pater
652 2455 754 2514 habuit
768 2455 987 2516 fundamentum
1000 2455 1250 2529 reconciliationis,
1263 2475 1321 2532 qua
1335 2458 1484 2533 propitius
1561 2451 1562 2458 ἵ

265 2536 358 2596 lactus
381 2546 426 2594 cst
446 2534 554 2594 mundo
570 2535 736 2593 Electorum
758 2545 816 2593 tam
832 2555 869 2593 ax
884 2535 1006 2610 Judaeis,
1029 2555 1116 2611 quam
1138 2535 1282 2594 Gentibus
1296 2536 1431 2608 collecto,
1449 2549 1481 2596 ut
1561 2603 1562 2608 η

265 2617 324 2676 illis
352 2635 409 2675 non
431 2617 553 2694 imputet
573 2623 690 2693 peccata
714 2634 774 2686 sua,
797 2633 862 2690 quae
888 2614 1002 2673 Christo
1025 2616 1187 2692 imputavit,
1210 2615 1333 2674 sedeas
1357 2617 1478 2675 abillis

265 2697 454 2774 absolvendo,
469 2717 519 2755 eos
534 2697 620 2756 ctiam
634 2695 664 2752 in
678 2695 741 2772 ipso
750 2694 901 2769 justificet.
944 2695 1002 2754 Vel
1016 2695 1112 2771 quoad
1126 2695 1351 2772 applicationem,
1363 2716 1431 2772 quse
1446 2697 1479 2755 lit

265 2779 295 2838 in
315 2779 401 2838 corda
422 2799 474 2855 por
500 2777 710 2836 intimationem
735 2775 885 2833 sentcntiae
908 2775 1101 2850 absolutorias,
1127 2775 1163 2833 de
1185 2796 1243 2852 qua
1268 2776 1374 2834 Matth.
1391 2777 1432 2836 ix.
1449 2783 1477 2850 2,

263 2859 322 2918 Vel
345 2859 375 2916 in
395 2879 501 2934 genere
525 2857 622 2934 quoad
647 2855 871 2928 statumfidelis,
888 2855 1084 2933 quamprimo
1109 2863 1238 2928 vocatur,
1255 2855 1312 2914 Vel
1334 2856 1365 2913 in
1380 2858 1478 2934 specie

265 2939 362 3015 quoad
376 2949 481 3012 actum,
497 2939 613 3014 quando
627 2936 825 2995 remissionem
840 2935 950 2995 obtinet
964 2945 1146 3012 peccatorum
1161 2935 1386 3012 particularium.
1420 2937 1478 2995 Vel

266 3018 363 3094 quoad
384 3039 492 3076 sensum
518 3027 546 3078 et
571 3016 773 3076 certitudinem
787 3017 859 3093 ejus,
883 3036 948 3091 quie
962 3016 1052 3076 oritur
1066 3015 1095 3074 in
1118 3015 1201 3074 nobis
1221 3035 1258 3074 ex
1278 3026 1346 3075 actu
1366 3015 1478 3076 reflexo

265 3099 343 3172 lidei,
359 3099 409 3174 qui
431 3098 642 3156 consolatorius
663 3097 776 3154 dicitur.
819 3095 876 3153 Vel
901 3095 1025 3172 denique
1046 3095 1143 3172 quoad
1163 3097 1225 3172 ejus
1246 3097 1477 3170 declarationem,

266 3198 333 3255 quae
354 3178 518 3236 deridebat
533 3179 629 3237 statim
645 3185 711 3253 post
731 3185 861 3249 mortem,
889 3176 966 3234 Heb.
987 3177 1026 3234 ix.
1042 3180 1090 3248 27,
1112 3183 1173 3234 tum
1188 3175 1303 3251 publicc
1317 3177 1479 3234 novissimo
1562 3201 1563 3230 ι

266 3257 323 3330 die,
339 3278 404 3334 qua
420 3277 478 3316 non
492 3267 551 3316 tam
566 3267 610 3316 εει
626 3255 806 3333 justificatio,
818 3275 904 3332 quam
916 3255 1133 3332 justificationis
1148 3255 1237 3313 semel
1250 3253 1334 3314 factae
1349 3256 1478 3316 solennis

265 3338 423 3396 declaratio
438 3347 467 3396 et
481 3337 659 3414 adjudicatio
674 3337 792 3413 praemii,
808 3355 845 3394 ex
857 3335 1063 3412 justificatione
1075 3335 1263 3411 praecedente.

307 3417 385 3474 XII.
409 3417 488 3475 Hinc
513 3426 600 3493 patet,
627 3418 690 3490 Quo
716 3435 802 3474 sensu
826 3415 1004 3475 luctificatio
1028 3423 1110 3474 actus
1129 3414 1272 3473 indivisus
1291 3415 1350 3473 dici
1364 3416 1476 3492 possit;

265 3513 323 3552 non
339 3514 356 3551 a
370 3503 450 3570 parte
472 3497 571 3570 nostri,
588 3505 617 3555 et
637 3496 748 3554 ratione
771 3515 881 3570 sensus,
897 3496 947 3571 qui
968 3495 1002 3554 fit
1015 3515 1066 3572 pcr
1079 3494 1176 3553 varios
1198 3502 1228 3552 et
1251 3495 1371 3554 iteratos
1384 3507 1477 3569 actus,

265 3581 352 3650 prout
367 3593 470 3631 sensus
487 3574 541 3631 istc
557 3584 653 3650 potest
667 3575 845 3652 interrumpi,
856 3575 905 3633 vel
920 3575 1019 3651 augeri
1040 3574 1088 3633 vel
1103 3574 1202 3638 minui.
1218 3574 1329 3634 ratione
1343 3587 1477 3652 peccato-

264 3672 329 3710 rum
351 3653 622 3726 intercurrentium
645 3652 740 3711 Sede
762 3665 843 3732 parte
867 3655 932 3729 Dei,
957 3675 1014 3713 non
1034 3653 1120 3714 modo
1142 3655 1251 3712 ratione
1268 3655 1394 3730 Decreti,
1419 3676 1476 3733 quo

267 3732 384 3791 decreta
408 3740 453 3790 est
480 3739 579 3789 nostra
600 3732 778 3807 justificatio,
795 3743 824 3791 ει
851 3736 962 3793 ιειίοιιε
984 3735 1087 3808 meriti,
1110 3753 1169 3810 quo
1190 3743 1235 3792 est
1248 3733 1409 3810 impetrata,
1426 3735 1477 3794 sed

265 3813 352 3874 etiarn
368 3812 477 3871 ratione
492 3811 700 3889 applicationis,
716 3831 805 3885 quum
830 3812 978 3872 intimatur
1005 3815 1089 3872 nobis
1110 3814 1252 3874 sententia
1279 3814 1476 3885 absolutoria;

265 3894 343 3971 quod
365 3893 398 3952 lit
411 3895 497 3952 unico
511 3902 585 3968 actu,
611 3910 670 3950 non
690 3891 821 3968 pluribus
844 3893 1015 3968 successive,
1038 3893 1182 3970 quomodo
1199 3893 1314 3970 justitia
1334 3895 1478 3954 inhaerens

266 3976 341 4033 solet
363 3974 447 4032 nobis
459 3973 590 4051 infundi;
622 3972 690 4032 licet
705 3981 786 4032 actus
807 3975 862 4031 iste
877 3973 982 4050 saepius
1000 3974 1161 4051 applicetur
1174 3973 1212 4032 ad
1226 3973 1341 4050 singula
1354 3985 1476 4052 peccata

267 4054 446 4130 quotidiana.

739 4213 933 4287 QUAESTIO
969 4213 1010 4272 X.

457 4374 503 4429 Dc
518 4371 638 4446 Uulteio,
654 4374 828 4445 Persectione
842 4383 867 4431 et
883 4343 1055 4432 Ccrlitadine
1068 4374 1289 4452 Justiflcatr'onis.

305 4531 329 4586 l.
363 4529 512 4605 Adjuncta
542 4530 765 4588 iustificationis
799 4531 855 4590 tria
883 4542 951 4591 suut
973 4533 1126 4610 praecipua,
1149 4532 1185 4590 de
1210 4532 1315 4609 quibua
1343 4531 1474 4610 disputa·

199 4611 210 4628 ·
262 4617 319 4678 tur,
340 4610 448 4682 Ueritas,
465 4610 613 4683 Persectio,
629 4620 655 4666 et
671 4610 817 4668 Certitudo
826 4633 837 4681 ;
859 4609 1013 4686 dequibus
1027 4613 1127 4688 paucis
1142 4611 1305 4686 dicendum,
1321 4611 1390 4688 quia
1404 4613 1475 4670 alibi

261 4683 299 4738 de
316 4684 373 4739 illis
387 4686 445 4758 jam
461 4705 497 4740 ex
513 4696 593 4760 parte
608 4697 703 4744 actum
719 4699 770 4744 est.
