3146 5210
146 397 260 448 onnam.
276 378 321 461 τι]
496 395 534 434 na
549 395 664 438 orricio
679 395 796 438 cuniam
811 396 1004 438 unnuroaro.
1297 389 1355 448 373

143 541 316 618 supponitur
337 538 436 616 gratia,
452 536 530 614 quod
554 538 734 614 probandum
752 539 815 615 fuit,
841 538 904 598 dari
926 539 1015 597 ullam
1040 538 1127 598 talem
1149 541 1352 624 eonditIonem,
1389 587 1394 592 -

142 621 192 679 vel
204 621 328 693 tacitam,
344 619 392 678 vel
410 637 584 694 expressam.
618 618 682 676 Irno
697 639 763 678 cum
782 640 839 678 non
854 619 910 678 alia
924 618 1015 695 possit
1029 639 1091 677 esse
1106 619 1181 678 actio
1196 625 1352 688 sanctionis

143 701 256 777 legalis,
269 721 355 776 quam
370 699 443 775 legis
457 697 556 774 ipsius,
572 717 637 755 cum
648 698 698 758 lex
712 700 775 776 ipsa
786 699 823 758 sit
829 699 905 777 juris
916 699 1054 758 naturalis
1068 707 1097 756 ct
1107 699 1350 783 indispensabilis,

144 790 178 839 ut
193 801 245 838 suo
256 781 320 839 loeo
339 780 491 856 probatum
502 786 554 852 est,
572 777 610 835 Et
625 778 716 854 ipsam
738 780 915 838 sanctionem
930 779 1136 837 immutabilem
1152 800 1214 840 esse
1229 795 1351 860 oportet.

143 860 172 918 N
174 881 206 919 ec
221 861 268 918 hie
282 857 490 918 contundendae
502 859 725 917 comminationes
730 861 922 935 particulares
933 867 962 917 et
973 859 1152 936 oeconomicoe,
1163 881 1213 920 seu
1223 874 1350 940 paternae

142 951 172 998 et
181 940 366 1016 evangelicae,
379 959 443 1014 quae
455 957 505 1014 per
516 935 689 1013 peculiarem
700 939 943 1016 dispensationem
954 939 1164 999 denunciantur
1174 942 1348 1022 hominibus,

142 1020 180 1078 ad
205 1040 255 1078 eos
279 1017 459 1078 revocandos
479 1017 517 1074 ad
530 1018 736 1094 poenitentiam,
762 1039 827 1096 quae
841 1019 935 1096 posita
949 1019 1118 1096 poerritcntia
1131 1025 1262 1081 revocari
1283 1046 1349 1102 pos-

142 1108 218 1174 sunt,
240 1099 335 1175 qualis
357 1098 504 1175 proposita
528 1097 582 1155 luit
607 1098 748 1173 Ezechiae,
766 1099 824 1157 Isa
840 1099 974 1173 xxxviii,
991 1107 1019 1156 et
1035 1098 1181 1176 Ninivitis,
1205 1103 1274 1162 Jon.
1297 1106 1347 1184 iii,

141 1199 208 1237 cum
222 1178 478 1238 comminationibus
492 1178 686 1252 Judicialibns,
702 1189 732 1236 et
745 1179 864 1238 immota
884 1179 959 1256 legis
982 1179 1137 1254 sanctione,
1153 1201 1217 1256 quae
1242 1184 1272 1242 in
1286 1185 1354 1263 ipse.

144 1259 200 1318 Dei
213 1269 316 1318 natura
325 1257 469 1331 fundatur,
486 1266 515 1316 et
529 1258 576 1314 cni
589 1258 738 1317 hominum
752 1259 928 1319 conscientia
941 1258 1141 1335 adstipulatur.

446 1337 522 1395 XX.
552 1337 669 1412 Quarto,
685 1340 836 1414 Evangelii
842 1339 1025 1415 praeconiam,
1041 1338 1119 1415 quod
1135 1341 1304 1402 Mediatoris
1319 1355 1348 1406 et

406 1417 559 1493 Sponseris
573 1425 694 1476 mertem
708 1429 856 1477 cruentam
870 1427 899 1476 et
913 1418 1004 1476 diram
1018 1439 1070 1495 pro
1084 1421 1168 1480 nobis
1182 1424 1260 1498 passi
1274 1445 1347 1484 nun·

404 1498 469 1572 ciat,
484 1497 566 1555 Idem
590 1496 739 1556 confirmat
764 1497 936 1556 solidissime
961 1499 997 1556 ab
1023 1510 1118 1558 euentu
1142 1522 1160 1559 a
1184 1505 1344 1579 posteriori.

143 1576 215 1636 Cum
230 1576 306 1634 enim
323 1577 402 1635 Dens
417 1578 494 1636 entia
506 1577 566 1635 siue
581 1578 751 1636 necessitate
771 1598 830 1636 non
843 1578 1023 1654 multiplicet,
1039 1599 1092 1637 nec
1106 1581 1251 1656 patiantur
1264 1583 1345 1642 boni-

141 1663 187 1714 tas
207 1665 236 1714 et
258 1656 399 1734 sapientia
419 1658 491 1734 ejus,
514 1666 546 1716 ut
566 1656 716 1715 credamus
731 1656 855 1732 Patrem,
872 1659 1136 1717 innocentissimum
1152 1670 1181 1719 et
1195 1661 1346 1722 dilectissi-

141 1755 220 1795 mum
231 1736 337 1795 Filium
348 1736 554 1794 crudelissimae
564 1747 593 1795 et
604 1736 883 1813 ignominiosissimae
894 1739 980 1796 morti
989 1757 1132 1814 exponere
1144 1740 1272 1800 voluisse
1281 1743 1346 1802 abs-

141 1835 197 1892 que
212 1817 383 1892 gravissima
396 1817 520 1892 quadam
540 1825 569 1874 et
582 1817 801 1895 indispensabili
812 1818 981 1876 necessitate
993 1839 1000 1893 ;
1024 1818 1050 1874 N
1053 1839 1085 1876 ec
1099 1819 1159 1876 ulla
1167 1823 1347 1882 necessitatis

142 1896 215 1954 ratio
236 1896 395 1972 excogitari
415 1905 444 1955 et
465 1896 546 1954 reddi
561 1898 652 1973 possit
666 1906 725 1955 tam
739 1896 863 1956 insolitae
890 1898 1122 1974 dispensationis,
1144 1909 1248 1975 praeter
1262 1903 1345 1961 satis·

142 1975 305 2048 factionem,
321 1996 384 2051 quae
408 1997 460 2052 pro
482 1977 566 2035 nobis
590 1975 742 2053 pendenda
765 1977 820 2036 suit
844 1978 965 2054 justitiae
981 1997 1059 2051 suae3
1088 1977 1180 2038 Nemo
1195 2001 1253 2038 non
1267 1982 1348 2042 ridet

144 2075 207 2114 eam
221 2055 360 2114 absolutae
382 2057 572 2115 necessariam
595 2056 692 2115 fuisse.
737 2057 803 2116 Seio
825 2058 873 2115 hic
897 2056 993 2115 afferri
1021 2056 1058 2115 ab
1080 2057 1253 2118 adversariis
1275 2062 1348 2121 alias

141 2143 201 2194 tam
216 2135 285 2193 dha
296 2137 397 2194 mortis
412 2157 521 2209 causas,
537 2136 675 2196 doctrinae
689 2137 942 2212 confirmationem,
958 2146 987 2194 et
998 2137 1138 2196 virtutum
1152 2141 1245 2198 omnis
1260 2161 1347 2218 gene-

141 2215 189 2290 ris,
206 2223 235 2273 et
246 2215 393 2275 charitatis
408 2216 547 2292 imprimis
558 2225 587 2275 et
596 2217 764 2276 constantias
774 2217 915 2294 exempla.
950 2217 1008 2274 Sed
1018 2237 1083 2275 cum
1095 2217 1255 2277 doctrinam
1266 2241 1347 2293 suam

140 2295 229 2354 variis
244 2296 389 2355 miraculis
403 2296 608 2372 confirmasset,
624 2305 653 2354 et
666 2316 718 2374 per
731 2305 821 2356 totam
836 2298 927 2356 vitam
940 2297 1111 2373 multiplicia
1124 2297 1264 2358 virtutum
1279 2301 1347 2360 iste-

140 2395 204 2433 rnm
225 2377 358 2452 exernpla
378 2375 513 2451 dedisset,
536 2377 601 2454 quis
621 2377 651 2434 iu
672 2376 808 2434 animum.
821 2376 967 2436 induxerit
982 2377 1076 2435 Deum
1091 2397 1125 2434 ea
1139 2397 1197 2436 una
1210 2379 1246 2438 de
1261 2401 1349 2440 causa

145 2455 334 2531 Unigenitum
350 2456 456 2514 Filium
479 2465 522 2516 tot
542 2455 613 2514 diris
635 2456 809 2515 cruciatibus
824 2457 1023 2534 expositurum
1044 2455 1161 2516 fnisse?
1190 2459 1269 2536 Ergo
1291 2461 1348 2520 ulia

141 2535 242 2614 procul
257 2535 344 2594 dubio
359 2556 446 2594 eausa
460 2537 578 2594 subesse
599 2535 700 2595 debuit
720 2536 804 2595 istius
821 2537 1053 2613 dispensationis,
1070 2537 1204 2596 nimirum
1218 2539 1347 2600 Justitiae

141 2615 233 2693 ipsius
248 2616 329 2691 ratio,
343 2617 389 2674 cui
405 2615 537 2674 satisfieri
551 2614 660 2690 debuit,
676 2615 754 2693 quod
770 2616 878 2675 Paulus
892 2625 1023 2690 testatur,
1040 2617 1124 2675 Rem.
1136 2616 1176 2675 iii.
1193 2621 1240 2692 25,
1258 2640 1347 2696 quum

141 2697 190 2770 ait,
218 2695 363 2754 Christum
388 2696 575 2754 coustitutum
600 2695 688 2754 fnisse
703 2717 721 2753 a
741 2697 804 2754 Dee
825 2696 854 2753 in
875 2697 1104 2773 propitiatorium
1146 2702 1176 2762 ιὶς
1196 2695 1286 2770 iniecta
1306 2706 1347 2765 τῆς

141 2773 289 2840 >nucerini
303 2779 380 2834 αὐτοῦ
394 2775 430 2834 ad
442 2775 659 2834 declarationem
672 2777 791 2850 jmririae
805 2796 870 2850 sna,
887 2797 951 2852 quae
967 2776 1076 2833 scilicet
1090 2785 1149 2834 tam
1164 2779 1218 2836 tuit
1232 2779 1347 2837 inexor-

141 2857 234 2930 abilis,
246 2869 278 2915 nt
289 2877 347 2914 non
362 2876 446 2933 passa
461 2856 499 2915 sit
513 2863 631 2932 peccata
644 2855 728 2913 nobis
743 2855 851 2914 remitti
865 2856 920 2914 nisi
936 2856 1099 2914 interventu
1113 2857 1214 2915 mortis
1229 2857 1347 2918 Christi.

183 2936 276 2994 XXI.
301 2937 414 2994 Rursus
436 2937 460 2993 si
475 2936 555 2994 Deus
578 2935 640 2994 solo
660 2935 750 2994 verbo
764 2936 859 3012 potuit
873 2943 901 2994 ct
915 2934 1008 2992 voluit
1019 2944 1136 3011 peccata
1150 2937 1235 2994 nobis
1249 2939 1346 2998 remit-

140 3025 200 3076 tere
222 3017 283 3074 sine
304 3016 392 3074 ullius
413 3015 617 3074 satisfactionis
638 3015 811 3088 interventu,
828 3015 884 3089 Qui
904 3015 937 3072 fit
951 3015 1029 3090 quod
1045 3015 1152 3073 Paulus
1163 3017 1346 3093 justificatio-

141 3117 207 3154 nem
226 3105 354 3156 nostram
369 3103 398 3154 et
412 3096 533 3154 salutem
548 3095 633 3153 toties
647 3095 782 3171 sanguini
797 3095 902 3152 Christi
916 3094 970 3152 lert
984 3102 1130 3171 acceptam
1146 3117 1152 3168 ;
1179 3116 1267 3173 quum
1281 3116 1347 3174 pro·

140 3176 238 3235 fitetur
261 3196 315 3234 nos
331 3176 488 3255 justificari
502 3195 558 3250 per
571 3177 787 3251 redemptionem
802 3194 864 3250 qua
878 3183 918 3232 est
931 3174 959 3231 in
974 3177 1032 3248 ejus
1045 3176 1188 3251 sanquine,
1205 3175 1289 3236 Rom.
1305 3178 1346 3236 iii.

141 3261 189 3332 24,
212 3259 274 3316 Nos
297 3257 511 3331 redemptionem
527 3257 627 3313 hahere
641 3261 670 3313 in
684 3259 742 3330 ejus
765 3255 907 3329 sangnine,
924 3253 1035 3313 seilicet
1049 3256 1234 3314 remissionem
1244 3277 1346 3332 pecca·

142 3347 241 3412 torum,
255 3337 330 3414 Eph.
342 3337 361 3394 i.
374 3339 401 3408 7,
414 3345 439 3394 et
450 3338 527 3394 Eam
537 3335 728 3394 reconciliasse
742 3335 837 3392 omnia
850 3337 914 3392 Deo
923 3354 981 3410 per
990 3335 1152 3410 sanquinem
1166 3336 1273 3411 Crncr's,
1284 3337 1346 3397 Col.

140 3415 160 3476 i.
176 3417 238 3476 2oe
262 3417 342 3474 Nihil
357 3417 432 3474 enim
445 3435 517 3492 opus
526 3423 587 3474 erat
602 3415 771 3492 sanguiuem
786 3415 849 3492 ejus
863 3422 1013 3492 propterea
1027 3413 1117 3490 fundi,
1133 3415 1158 3473 si
1172 3416 1227 3474 hoc
1240 3417 1347 3493 pende-

140 3496 218 3556 bata
235 3497 297 3555 sola
309 3497 364 3554 Dei
378 3499 536 3556 voluntate.
579 3495 626 3553 Ita
650 3515 800 3571 perperam
816 3494 964 3571 apostolus
980 3494 1065 3552 toties
1082 3496 1251 3571 exegeritin
1262 3497 1345 3574 epist.

140 3577 177 3635 ad
192 3577 335 3635 Hebraeos
346 3577 516 3652 sanguinem
530 3583 677 3634 taurorum
692 3583 721 3633 et
735 3574 888 3650 hircorum,
904 3573 934 3632 id
949 3582 1001 3648 est,
1018 3574 1158 3632 sacrificia
1170 3575 1278 3652 legalia
1291 3578 1345 3635 tol·

138 3657 197 3715 lere
212 3677 270 3716 uon
285 3657 412 3733 potuisse
423 3664 550 3732 peccata,
566 3654 605 3713 id.
620 3662 729 3712 reatum
740 3654 863 3728 abolere,
876 3661 906 3712 et
916 3654 1030 3712 veniam
1039 3654 1177 3726 obtinere,
1193 3657 1245 3715 sed
1256 3657 1346 3715 solam

140 3736 322 3796 Oblatiouem
339 3736 454 3808 Christi,
471 3736 496 3794 si
517 3735 633 3793 omnino
654 3734 752 3809 aliqua
774 3733 945 3810 purgatione
966 3754 1038 3811 opus
1052 3735 1187 3808 nonfuit,
1203 3744 1232 3794 et
1247 3736 1271 3794 si
1286 3738 1348 3796 sela

139 3817 308 3892 poenitentia
329 3816 423 3893 potuit
438 3815 566 3874 sufficere
581 3813 618 3872 ad
632 3823 743 3872 reatum
758 3814 916 3872 tollendum
932 3813 993 3872 sine
1007 3814 1068 3874 ullo
1082 3815 1222 3874 sacrificio
1236 3818 1250 3874 Ρ
1272 3817 1347 3874 Nam

140 3895 218 3970 quod
242 3895 321 3953 nullo
344 3896 428 3972 plane
451 3894 591 3954 sacrificio
606 3893 689 3952 facile
704 3893 767 3952 tolli
781 3894 883 3969 potnit,
911 3894 968 3952 Cur
981 3914 1040 3952 non
1062 3895 1188 3971 potuerit
1202 3894 1266 3952 tolli
1280 3915 1345 3952 san-

141 3973 228 4048 guine
253 3974 433 4032 victimarum
447 3975 614 4051 legalium?
652 3974 691 4031 Et
705 3973 730 4030 si
745 3973 806 4030 sela
821 3973 876 4030 Dei
892 3973 1026 4032 voluntas
1041 3973 1087 4030 hic
1102 3972 1272 4047 intercessit,
1288 3975 1347 4033 Cur

140 4051 249 4110 Paulus
273 4073 336 4110 cam
350 4074 407 4112 non
421 4055 547 4131 attingit,
563 4053 615 4112 sed
629 4052 666 4111 ad
679 4061 811 4112 naturam
825 4053 915 4130 ipsius
929 4053 970 4110 rei
985 4052 1119 4128 assurgit,
1135 4071 1224 4127 quum
1238 4053 1279 4110 ait
1292 4054 1345 4110 im·

138 4132 276 4208 possibile
290 4152 352 4190 esse
368 4134 536 4209 sangninem
551 4141 697 4192 taurorum
712 4131 812 4191 tollere
823 4141 959 4209 peccata;
981 4130 1116 4189 nimirum
1130 4131 1198 4206 quia
1209 4139 1267 4189 tam
1276 4133 1344 4191 abo·

139 4211 286 4270 minabilis
313 4221 342 4270 et
357 4213 419 4270 Deo
444 4232 532 4272 exesa
556 4233 601 4272 res
626 4221 670 4272 est
691 4220 850 4289 peecatum,
872 4222 905 4271 ut
919 4211 983 4288 ejus
996 4211 1077 4268 labes
1091 4210 1170 4268 nullo
1185 4210 1240 4268 nisi
1255 4211 1346 4288 ipsius

143 4291 213 4350 Filii
229 4291 284 4349 Dei
299 4291 438 4368 sanguine
452 4293 511 4351 elui
524 4294 658 4370 potuerit.

450 4371 563 4431 XXII.
584 4373 701 4447 Quinto,
716 4371 748 4430 Si
761 4371 835 4429 nihil
849 4389 966 4429 neccsse
981 4368 1035 4428 fuit
1051 4369 1196 4427 Christum
1211 4371 1292 4446 mori,
1315 4381 1348 4430 ut

141 1369 169 1448 4:
194 1399 234 1444 Ab
256 1399 383 1456 Evangelii

192 1458 318 1502 Proeconio
327 1472 333 1510 ;

140 4425 163 4471 t.
170 4427 209 4472 Ex
219 4425 388 4483 magnitudine

169 4485 310 4530 dilectionis
320 4486 366 4529 Dei
377 4499 383 4538 ;

408 4451 536 4512 Justitiae
552 4452 712 4526 satisfieret,
728 4450 898 4526 magnitude
916 4449 1063 4508 charitatis
1089 4449 1174 4523 illius,
1195 4470 1246 4526 per
1259 4471 1346 4527 quarn

405 4531 480 4590 Filio
505 4552 556 4590 suo
581 4553 639 4590 non
653 4533 789 4609 pepercit,
813 4541 846 4589 ut
860 4551 924 4588 cnm
941 4549 994 4606 pro
1008 4529 1091 4588 nobis
1110 4529 1243 4603 traderet,
1259 4551 1346 4608 quam

139 4619 290 4688 tantopere
318 4609 499 4670 commendat
519 4611 687 4690 Apostolus,
711 4612 795 4669 Rom.
816 4631 845 4668 v.
860 4619 889 4668 et
903 4609 973 4684 viti,
999 4629 1057 4668 non
1078 4630 1178 4686 parum
1200 4609 1348 4670 videretur

139 4691 240 4750 minui.
294 4691 369 4748 Nam
389 4690 413 4748 si
434 4691 544 4750 nullum
564 4713 582 4750 a
605 4701 687 4770 parte
715 4690 845 4749 Justitiae
860 4689 1028 4748 occurrebat
1052 4689 1232 4749 obstaculum
1261 4693 1348 4751 saluti
