3192 5206
238 361 348 411 eumer.
365 339 466 421 urus]
593 351 781 400 nurnrsoua
796 352 946 398 armare
960 353 1088 398 currem.
1386 339 1443 400 821

540 498 613 558 VII.
636 499 719 559 Licet
743 499 928 559 Resurrectio
950 497 1058 557 Christi
1078 496 1186 576 sepius
1196 497 1341 559 tribuatur
1355 498 1443 575 Patri,

253 560 465 666 septengent-
501 579 585 636 nom.
600 579 639 637 vi.
662 582 690 655 4,
707 578 774 638 Ast.
800 579 829 638 n.
855 583 902 653 24,
919 585 948 638 et
970 578 1031 652 xic,
1047 581 1095 652 so,
1118 578 1192 654 spu.
1208 579 1227 636 i.
1244 578 1290 654 19,
1314 581 1361 655 eo,
1378 579 1443 636 uon

174 679 176 685 ’
501 659 630 734 sequitur
651 677 714 716 eam
741 679 800 718 non
824 678 909 737 posse
930 657 1056 716 adscribi
1072 658 1156 732 Filio,
1172 658 1240 733 quia
1264 678 1443 736 quaecuuque

239 736 326 795 Pater
336 735 413 810 lacit,
430 736 522 796 Filius
536 739 643 815 pariter
656 739 732 814 facit,
745 739 815 798 Joh.
831 760 859 797 v.
874 741 920 813 19,
943 745 974 797 et
987 745 1020 796 ut
1035 738 1219 797 Resurrectio
1238 747 1283 796 est
1306 758 1379 815 opus
1403 737 1442 796 ad

235 825 328 890 extra,
353 815 439 874 debet
453 835 516 876 esse
536 817 693 876 indivisum
716 818 771 877 toti
793 818 937 877 Trinitati.
969 817 1027 876 Sed
1049 816 1202 894 pecrdisris
1222 827 1267 876 est
1287 819 1368 893 ratio,
1393 837 1444 876 cur

238 895 318 954 Patri
333 896 475 954 tribuatur
487 906 603 974 propter
617 897 814 957 vadimonium
825 897 903 975 quod
913 897 1044 957 Christus
1059 904 1231 974 susceperat,
1244 917 1329 975 aquo
1344 898 1444 956 debuit

237 975 352 1034 liberari
377 995 395 1033 a
410 975 503 1054 Patre,
519 986 552 1036 ut
562 978 670 1054 judice,
693 978 743 1054 qui
756 987 789 1038 ut
808 979 954 1038 Christum
976 977 1062 1036 morti
1075 976 1233 1036 tradiderat
1246 986 1363 1055 propter
1376 997 1442 1054 pec·

234 1064 300 1114 cata
323 1063 430 1130 nostra,
452 1057 494 1115 ite
514 1056 614 1116 debuit
634 1077 700 1116 eum
720 1059 859 1118 suscitare
879 1059 917 1116 ed
931 1057 1022 1117 nostri
1043 1057 1288 1134 justificationem,
1309 1066 1343 1116 nt
1356 1065 1443 1116 testa·

234 1143 314 1192 retur
336 1135 391 1193 sibi
415 1135 500 1212 plene
519 1135 698 1196 satisfactum
712 1157 775 1197 esse
790 1139 958 1216 peripsum.
1001 1135 1086 1195 Alias
1100 1157 1165 1196 cum
1180 1137 1276 1214 agitur
1290 1137 1326 1196 de
1341 1137 1443 1196 confir-

234 1214 340 1272 manda
361 1215 512 1274 vocatione
538 1216 652 1292 Christi,
676 1225 706 1276 et
720 1217 895 1277 vindicanda
915 1219 978 1296 ejus
1003 1216 1164 1294 divinitate,
1190 1217 1360 1276 resurreetio
1388 1215 1444 1294 ipsi

235 1294 371 1352 tribuitur
385 1295 498 1371 saepius,
514 1305 547 1355 ut
561 1296 670 1355 dietum
684 1305 737 1356 est.
960 1345 961 1348 ι

275 1373 365 1432 VIII.
388 1373 557 1434 Absurdum
582 1385 626 1436 est
650 1385 682 1436 et
692 1376 846 1436 ridiculum
859 1375 936 1450 ψιλὸν
946 1375 990 1436 aa
1004 1401 1076 1448 ussa,
1088 1375 1138 1452 qui
1152 1383 1283 1435 mortuus
1298 1383 1350 1451 est,
1366 1375 1441 1453 seip-

231 1471 299 1511 sum
309 1454 435 1512 excitare
450 1475 467 1513 a
480 1456 619 1532 mortuis;
638 1455 696 1516 Sed
705 1459 857 1537 biiugum,
870 1457 977 1516 virtute
1008 1455 1147 1514 'vinitatis
1158 1474 1226 1531 ausa,
1235 1456 1443 1515 humanitatem

234 1551 315 1591 suem
329 1534 476 1611 suscitare,
491 1535 604 1594 tantum
618 1535 700 1595 abest
720 1546 754 1596 ut
774 1538 813 1596 sit
836 1537 1001 1612 absurdum,
1016 1543 1049 1594 ut
1069 1535 1238 1612 blasphema
1251 1544 1281 1594 et
1294 1535 1383 1614 impia
1404 1537 1441 1596 sit

231 1612 298 1671 e‘us
312 1633 348 1671 ue
388 1614 437 1672 tio.
944 1633 949 1652 ¹

248 1633 260 1688 J
276 1691 335 1752 IX.
350 1633 490 1753 gChristus
508 1694 602 1772 potuit
616 1695 745 1774 obtinere
770 1715 850 1754 suam
870 1693 1108 1754 resurrectionem
1129 1713 1146 1752 s
1166 1694 1260 1768 Patre,
1276 1693 1354 1752 Heb.
1369 1713 1398 1752 v.
1414 1698 1441 1769 7,

232 1791 284 1849 per
297 1791 396 1849 preces
410 1793 469 1832 ase
483 1783 516 1833 ut
526 1775 641 1833 homine
652 1775 739 1850 fusas,
751 1783 781 1834 et
795 1784 891 1833 tamen
902 1793 965 1832 eam
980 1773 1116 1848 effecisse,
1129 1781 1161 1832 ut
1171 1774 1251 1831 Deus
1262 1773 1363 1832 eadem
1377 1794 1443 1852 cum

236 1851 321 1910 Patre
335 1853 472 1929 potentis.
514 1854 586 1913 Cum
600 1855 676 1912 enim
692 1855 824 1914 Christus
843 1855 984 1912 Lanarum
1009 1861 1038 1912 et
1062 1853 1135 1912 alios
1156 1852 1293 1912 urseitare
1307 1853 1440 1930 potuerit,

230 1951 300 1990 eum
315 1931 401 1991 Pater
424 1933 536 1992 dederit
551 1934 627 1992 Filio
651 1934 757 1992 habere
776 1935 868 1992 vitam
891 1935 922 1992 iu
947 1933 1050 2011 seipso,
1074 1941 1103 1991 et
1118 1933 1219 2008 Filius,
1243 1932 1319 1991 sicut
1344 1933 1439 2009 Pater,

229 2029 307 2088 quos
320 2013 385 2072 vult
398 2013 541 2072 vivificet:
564 2013 635 2088 Quis
649 2013 692 2071 illi
706 2021 878 2092 potestatem
893 2012 1019 2091 seipsum
1030 2012 1060 2070 in
1074 2012 1165 2070 vitam
1179 2011 1335 2070 revocandi
1349 2013 1436 2072 dene-

255 2110 303 2149 are
317 2091 433 2151 vellet?
1432 2113 1433 2118 ¹

231 2111 255 2196 ‘g
274 2171 317 2230 X.
340 2171 429 2230 Porro
454 2175 543 2248 quum
559 2171 690 2232 Christus
704 2173 830 2250 seipsum
844 2170 1001 2247 excitavit5
1022 2191 1081 2230 uon
1091 2171 1251 2248 putandum
1265 2179 1309 2230 est
1322 2191 1441 2252 corpore

232 2269 285 2308 suo
300 2269 403 2309 sexum
418 2252 569 2329 sepulchro
583 2251 749 2330 impositum
773 2259 946 2329 penetrasse,
962 2250 1040 2328 quod
1061 2251 1171 2310 vellent
1191 2251 1336 2310 Pontificii
1351 2255 1440 2312 errori

234 2347 288 2388 suo
301 2331 515 2408 patrocinaturi.
558 2332 632 2390 Nam
647 2329 752 2408 eorpus
766 2332 844 2408 quod
868 2331 994 2408 resurgit
1018 2330 1175 2407 spirituale,
1190 2351 1249 2389 uon
1271 2332 1364 2408 magis
1379 2353 1442 2392 ver-

233 2408 306 2468 titur
319 2410 349 2466 iu
363 2411 502 2487 spiritum,
518 2429 605 2488 quam
619 2431 723 2488 corpus
743 2412 773 2469 in
787 2409 922 2469 animam.
965 2411 1004 2469 Et
1024 2410 1116 2468 virtus
1131 2411 1230 2469 divina
1244 2430 1302 2468 non
1316 2411 1347 2469 iu
1361 2431 1441 2472 cver-

232 2488 340 2564 tendIs,
356 2489 407 2548 sed
421 2490 451 2548 ln
464 2490 671 2550 conservandis
681 2511 777 2550 rerum
790 2491 901 2549 naturis
916 2510 947 2549 se
969 2490 1202 2567 conspiciendam
1215 2492 1333 2566 praebet
1377 2493 1441 2552 Ma·

235 2568 374 2627 terialitas
401 2578 430 2628 et
449 2569 579 2646 linitudo,
604 2578 728 2630 nonest
752 2591 790 2628 ex
814 2569 1029 2628 infirmitatibus
1056 2570 1125 2628 vitae
1154 2570 1296 2646 animulis,
1326 2571 1378 2630 sed
1405 2590 1443 2630 ex

232 2649 458 2725 proprietatibus
484 2651 686 2710 essentialibus
708 2650 845 2727 corporis.
888 2649 987 2708 Potuit
1006 2669 1077 2726 ergo
1099 2659 1230 2708 creatura
1251 2650 1352 2708 cedere
1374 2651 1441 2710 Cre-

231 2729 308 2786 atori
331 2729 361 2786 in
393 2729 601 2804 resurrectione
626 2731 698 2789 citra
733 2729 960 2807 penetrationem
985 2729 1205 2804 dimensionum,
1231 2729 1281 2787 vel
1300 2749 1370 2788 usus
1398 2740 1443 2790 est

230 2807 366 2866 Christus
381 2809 490 2886 Augeli
503 2810 662 2869 ministerio
676 2810 714 2869 ed
728 2809 921 2868 amovendum
936 2827 1038 2866 saxum
1053 2827 1091 2867 ex
1102 2827 1151 2866 ore
1165 2809 1317 2886 sepulchri,
1335 2809 1440 2869 Matth.

231 2888 336 2946 xxviii.
348 2893 375 2962 2,
386 2897 540 2965 antequam
551 2891 744 2966 egrederetur.
771 2890 837 2950 Non
847 2909 886 2948 ex
894 2887 1063 2964 indigentia,
1073 2888 1124 2946 sed
1133 2887 1322 2966 indulgentia,
1337 2897 1370 2946 ut
1383 2896 1440 2947 tes-

229 2974 342 3027 taretur
355 2975 526 3044 potestatem
548 2989 629 3027 susm
650 2965 785 3047 stipatam
804 2987 869 3028 esse
891 2968 1065 3027 satellitibus
1080 2987 1118 3026 ex
1142 2967 1276 3026 omnibus
1293 2969 1440 3044 creaturis,

231 3047 280 3105 vel
293 3048 362 3125 quia
375 3048 406 3105 in
420 3055 497 3106 stam
510 3048 668 3108 vadimonii
682 3049 777 3108 adhuc
798 3047 980 3124 constitutus,
997 3046 1090 3106 voluit
1103 3055 1256 3124 expectare
1271 3045 1442 3106 sententiam

228 3127 327 3187 PatrIs
337 3127 375 3186 ab
389 3127 493 3204 angelo
507 3127 563 3205 ipsi
577 3128 805 3206 significandam.

649 3366 846 3442 sumsero
867 3365 994 3425 xvru.

622 3545 663 3584 DE
683 3543 865 3586 Iscuuslortu
886 3543 1013 3586 cumam.

229 3684 278 3742 un
291 3683 423 3742 Ascanio
440 3682 547 3743 Chresti
551 3687 636 3760 sacta
649 3685 685 3742 sit
692 3685 814 3762 propr-ie
822 3705 879 3760 per
892 3693 997 3743 msam
1019 3685 1135 3742 Ιοοαὶοηι
1159 3702 1196 3741 ex
1220 3685 1286 3742 lons
1300 3684 1441 3760 inferiori-

167 3813 170 3820 .
270 3765 320 3824 bau
340 3765 382 3822 ad
403 3766 500 3821 celum
509 3783 671 3840 capuanum
679 3766 861 3824 Beatos-um!
892 3765 939 3821 Aa
949 3763 1136 3838 metaphorice
1139 3783 1197 3840 per
1206 3764 1442 3839 disparitionem!

270 3841 383 3900 Affirm.
400 3841 501 3919 Prius;
528 3844 640 3902 Poster.
656 3843 750 3920 Neg.;
774 3851 873 3902 contra
887 3842 1077 3916 Lutherauos

535 4003 559 4062 Ι.
581 4001 710 4077 Quaestio
724 4002 787 4060 hee
801 4009 934 4060 movetur
946 4009 1064 4079 propter
1078 3999 1268 4070 Lutheranos,
1283 3997 1440 4073 etquidem

254 4065 341 4110 sutus
357 4065 443 4114 ΟΜ
493 4081 568 4158 illos,
579 4083 629 4160 qui
639 4081 838 4158 Ubiquitetem
849 4081 969 4158 Corpori
981 4078 1088 4139 Christi
1098 4077 1236 4148 tribuunt,
1253 4076 1336 4150 Nam,
1351 4087 1384 4135 ut
1398 4079 1439 4137 Ia·

308 4125 390 4167 ‘mis'
493 4163 577 4220 cilius
591 4163 706 4220 elevent
719 4167 919 4237 argumentum
935 4160 1055 4237 petitum
1070 4157 1107 4216 ab
1128 4155 1308 4214 Ascensione
1334 4155 1441 4216 Christi

229 4239 267 4298 ad
295 4241 473 4318 probandam
502 4240 794 4318 circumscriptionem
831 4239 965 4317 Corporis
994 4236 1108 4309 Christi,
1147 4241 1256 4311 negant
1294 4234 1440 4296 Christum

228 4337 297 4379 vere
325 4329 355 4380 et
381 4321 496 4400 proprie
524 4320 703 4396 ascendisse3
745 4319 798 4378 sed
824 4327 936 4378 tantum
966 4317 1097 4394 figurate,
1128 4323 1270 4391 quatenus
1300 4313 1441 4376 subduxit

228 4401 412 4475 praesentiam
440 4419 522 4460 suam
536 4400 680 4459 visibilem
694 4399 812 4472 mundo,
827 4399 896 4458 lieet
909 4397 940 4455 in
953 4395 1062 4454 mundo
1082 4393 1177 4452 adhuc
1201 4400 1316 4452 maneat
1339 4393 1439 4452 invisi·

227 4477 334 4538 biliter.
377 4480 417 4538 Et
431 4480 536 4539 eoelum
549 4479 580 4536 iu
594 4477 673 4557 quod
686 4477 824 4552 aseendit,
844 4476 1019 4556 pertendunt
1041 4494 1100 4533 non
1124 4493 1187 4532 esse
1212 4472 1316 4530 eoelum
1342 4491 1440 4549 supre-

220 4576 316 4634 mum,
333 4578 384 4618 sen
398 4560 515 4619 tertium
529 4559 642 4634 coelum,
665 4557 775 4617 dictum
800 4557 903 4615 coelum
925 4556 1091 4629 Beatorum,
1115 4553 1167 4612 sed
1189 4550 1397 4611 beatitudiuem
1411 4562 1441 4614 et

230 4635 366 4714 Regnum
381 4638 446 4714 Dei,
462 4639 540 4716 quod
554 4637 719 4714 situbique.
760 4633 837 4694 Vide
852 4635 1003 4695 Breutn'um
1017 4632 1053 4692 de
1068 4633 1202 4693 Ascensu
1223 4630 1338 4692 Christi.

268 4735 342 4775 rnna
356 4735 388 4774 11.
1299 4729 1319 4768 x
