3150 5206
245 363 301 422 188
690 379 781 421 rocas
795 377 994 420 accusemus.
1266 353 1392 437 [auser.
1407 375 1447 416 vr.

243 520 371 598 physice,
387 518 465 596 quod
479 518 634 596 nequidem
648 519 678 576 irr
692 518 838 579 demones
859 519 938 596 ipsos
959 517 1045 592 cadit,
1061 515 1111 593 qui
1131 534 1190 575 non
1210 516 1319 575 habeut
1340 536 1445 590 semen,

247 600 299 659 sed
312 600 434 676 figurate
449 607 478 657 et
498 601 653 674 moraliter,
668 600 779 657 ratione
799 599 995 673 similitudinis,
1011 604 1041 655 et
1061 596 1230 670 imitationis,
1244 596 1316 672 quia
1330 597 1445 654 Diaboli

246 699 332 756 opera
346 679 463 753 iaciunt,
479 687 509 736 ct
532 679 576 736 illi
601 678 747 754 obediunt,
763 679 793 736 in
807 678 913 755 quibus
927 684 1060 754 potenter
1073 684 1103 734 et
1116 675 1269 734 efficaciter
1283 675 1354 752 agit,
1370 675 1445 754 Eph.

245 759 274 816 ii.
290 762 317 832 2,
334 757 443 816 similes
464 758 519 817 sibi
541 757 691 816 efficiendo
713 766 775 816 tum
797 757 914 814 malitiae
937 766 966 815 et
987 755 1143 832 impietatis
1164 755 1363 830 instillatione,
1384 765 1447 814 tuur

245 837 328 896 exitii
341 837 528 896 haereditate:
551 837 622 912 Quis
636 856 705 895 vero
719 836 827 894 dixerit
842 836 947 894 Samen
961 835 1089 894 mulieris
1103 854 1174 910 asse,
1190 834 1296 910 quibus
1310 843 1448 911 perpetua

247 916 399 975 intercedit
412 917 562 975 inimicitia
576 936 641 975 cum
656 936 698 990 co,
714 917 765 991 qui
786 916 848 992 ejus
871 917 1037 973 calcaneum
1059 914 1215 972 observant
1235 922 1265 972 et
1285 913 1402 988 laedunt,
1419 922 1448 971 et

247 997 297 1072 qui
318 1017 376 1054 narr
391 995 476 1054 modo
497 1004 584 1072 caput
608 995 756 1072 Serpentis
775 1013 834 1051 non
857 1001 1018 1070 conterunt,
1033 993 1085 1052 sed
1105 993 1255 1070 inquibus
1276 1011 1403 1069 serpens,
1419 1000 1446 1051 et

246 1084 332 1152 caput
346 1085 375 1134 et
388 1095 531 1134 venenum
546 1075 660 1134 exerit?

287 1155 382 1213 XIX.
406 1156 467 1214 Nec
487 1156 536 1214 hic
558 1153 755 1232 reponendum
780 1161 832 1228 est,
857 1156 883 1212 1.
898 1152 956 1211 Vel
978 1171 1078 1210 orrrues
1099 1151 1231 1210 homines
1253 1170 1317 1209 esse
1344 1151 1448 1209 Samen

247 1234 393 1293 mulieris:
418 1235 492 1310 Quia
505 1234 574 1293 licet
587 1234 643 1292 hoc
656 1240 756 1310 posset
768 1231 827 1290 dici
840 1232 900 1290 lato
915 1251 1002 1290 sensu
1015 1240 1045 1289 et
1058 1231 1186 1308 physice,
1202 1250 1261 1288 non
1274 1238 1372 1288 tamen
1385 1251 1447 1288 mc-

248 1313 345 1372 raliter
359 1323 388 1372 et
412 1315 511 1373 stricte
532 1313 767 1372 contradictincte
789 1310 828 1368 ad
850 1330 947 1369 semen
969 1311 1117 1388 serpentia,
1140 1317 1226 1386 prout
1245 1309 1294 1367 hic
1316 1310 1447 1368 sumitur.

247 1396 275 1450 2.
290 1392 348 1452 Vel
362 1394 465 1470 impios
479 1393 536 1451 dici
557 1412 615 1450 nou
635 1411 720 1468 posse
742 1409 839 1450 semen
860 1390 1009 1466 serpentis,
1026 1409 1077 1448 seu
1097 1389 1173 1448 filios
1194 1388 1312 1462 diaboli,
1328 1389 1396 1466 quis
1409 1408 1447 1446 cx

248 1473 427 1549 serpentibus
451 1472 567 1531 nonnisi
589 1479 735 1548 serpentes
757 1477 962 1546 procreantur:
985 1469 1058 1526 Nam
1073 1468 1128 1525 hoc
1142 1467 1264 1544 figurate
1285 1477 1397 1526 tantum
1418 1477 1449 1526 et

249 1552 395 1610 moraliter
408 1550 628 1628 intelligendum
639 1558 692 1625 est,
701 1559 734 1609 ut
747 1549 795 1607 hic
809 1567 867 1606 non
881 1547 987 1624 speciei,
998 1547 1049 1606 sed
1063 1548 1185 1622 melitite,
1195 1555 1224 1605 et
1237 1546 1449 1605 maledictionis

247 1630 423 1690 attendenda
445 1632 483 1690 sit
503 1630 696 1689 conformitas.
739 1633 766 1688 3.
782 1628 840 1687 Vel
863 1628 989 1686 alienum
1013 1645 1076 1684 esse
1101 1647 1118 1684 a
1140 1626 1275 1684 mandato
1290 1626 1398 1684 Christi
1419 1633 1449 1684 et

248 1709 341 1769 officio
357 1711 582 1770 Christianorum
597 1709 762 1768 inimicitias
776 1726 909 1766 exercere
931 1725 996 1764 cum
1016 1705 1200 1764 hominibus:
1222 1705 1296 1778 Quia
1315 1706 1370 1764 hoc
1391 1724 1449 1763 rron

249 1790 278 1846 in
291 1810 429 1866 personas
443 1810 542 1850 eorum
556 1789 653 1864 fertur,
670 1788 721 1846 sed
741 1788 772 1844 irr
785 1805 947 1860 vencnum3
970 1793 1056 1861 atque
1077 1784 1150 1842 adeo
1171 1793 1283 1842 tentum
1304 1785 1394 1858 abest,
1416 1793 1450 1842 ut

247 1869 285 1927 ab
299 1870 415 1946 ingenio
430 1889 564 1928 verorum
579 1868 805 1926 Christianorum
826 1873 856 1923 et
873 1864 979 1923 Christi
992 1863 1128 1922 mandato
1142 1864 1303 1938 abhorreat,
1318 1872 1352 1922 ut
1365 1882 1449 1921 nemo

248 1967 354 2006 nomen
367 1948 461 2008 fidelis
476 1949 549 2008 tueri
563 1949 662 2024 possit,
679 1953 708 2004 et
721 1945 758 2002 sd
772 1943 908 2002 mandata
922 1943 1029 2002 Christi
1051 1963 1082 2001 se
1102 1962 1280 2019 componere,
1297 1943 1367 2019 quin
1381 1941 1449 2000 odio

248 2027 354 2086 habeat
367 2028 475 2086 malum
489 2028 519 2084 irr
532 2026 637 2102 impiis,
653 2033 682 2083 et
696 2024 762 2081 illos
776 2023 926 2099 inquibus
940 2030 984 2082 est
997 2021 1213 2099 reduplicative,
1229 2041 1286 2098 qua
1300 2022 1331 2079 irr
1345 2023 1381 2080 iis
1395 2029 1447 2095 est,

249 2115 279 2165 et
292 2126 350 2182 qua
363 2107 436 2164 tales
451 2113 526 2164 sunt.
568 2107 597 2160 4.
613 2104 670 2162 Vel
684 2102 834 2160 victoriam
849 2101 965 2177 quidem
981 2121 998 2158 a
1013 2102 1127 2160 Christo
1141 2109 1270 2178 paratam
1283 2101 1373 2160 lirisse
1386 2119 1447 2159 om·-

250 2185 344 2259 nibus,
368 2184 421 2242 sed
443 2203 495 2260 per
519 2183 667 2241 hominum
691 2180 921 2238 incredulitatem
946 2188 1030 2255 stare,
1046 2180 1200 2257 quominus
1221 2179 1345 2239 fructum
1370 2179 1448 2238 illius

249 2271 477 2339 consequantur,
499 2262 586 2320 licere
600 2261 710 2320 scilicet
723 2260 856 2318 omnibus
871 2259 985 2317 Christo
1000 2259 1184 2336 agglutinari,
1200 2267 1229 2318 et
1249 2261 1313 2337 ejus
1326 2258 1450 2318 victoris

250 2341 314 2414 srui,
332 2341 356 2398 si
369 2340 456 2400 fidem
472 2341 536 2398 Deo
556 2340 661 2416 potius,
676 2359 762 2416 quam
783 2339 860 2398 hosti
881 2338 1023 2397 habeant:
1046 2339 1120 2413 Quia
1140 2339 1296 2397 absurdum
1321 2348 1366 2397 ast
1389 2337 1448 2396 illis

251 2420 402 2478 victoriam
416 2428 546 2496 paratam
561 2418 664 2494 dicere,
680 2419 730 2495 qui
745 2439 797 2476 nec
812 2418 847 2478 de
861 2418 980 2493 victore,
1002 2437 1056 2476 uec
1071 2418 1107 2476 dc
1121 2417 1250 2492 victoria,
1266 2438 1321 2476 nec
1334 2418 1371 2476 de
1385 2419 1448 2496 ejus

252 2499 356 2573 fructu,
371 2518 425 2557 nec
440 2499 475 2557 de
491 2497 576 2556 modo
591 2499 654 2576 ejus
667 2496 799 2575 potiundi
813 2499 967 2574 quicquam
988 2497 1132 2573 audivere,
1148 2497 1206 2555 imo
1220 2515 1256 2556 ne
1271 2497 1370 2556 audire
1384 2498 1446 2573 qui-

207 2618 210 2624 ,
250 2579 316 2637 dem
330 2597 381 2655 per
395 2586 509 2637 aetatem
523 2585 686 2655 potueruut.
729 2577 850 2653 Deinde,
866 2577 992 2653 quidest
1005 2576 1156 2635 victoriam
1170 2587 1299 2654 paratam
1313 2596 1376 2635 esse
1390 2576 1448 2634 illis

251 2658 305 2718 sub
320 2657 483 2718 conditione
499 2657 523 2716 si
538 2657 663 2733 credant,
679 2657 719 2715 id.
734 2657 759 2716 si
770 2657 833 2735 jam
846 2657 972 2732 vincant,
989 2676 1054 2714 curn
1067 2655 1141 2714 fides
1155 2656 1192 2715 sit
1205 2656 1327 2715 vintoris
1340 2665 1446 2728 nostro,

252 2738 387 2798 lJohan.
402 2757 430 2797 v.
446 2741 488 2797 4?
528 2737 634 2812 Tertio,
650 2737 772 2796 victoria
785 2756 843 2794 ncrr
857 2743 953 2813 potest
971 2735 1028 2793 dici
1041 2744 1142 2812 parata
1161 2735 1220 2794 illis
1233 2736 1284 2812 qui
1297 2735 1360 2814 ejus
1374 2735 1447 2794 irue-

250 2827 312 2878 tum
333 2838 392 2877 non
412 2817 582 2895 percipiunt,
598 2836 663 2876 cum
684 2837 718 2876 eo
739 2817 882 2894 respiciat,
904 2835 962 2873 rrcrr
982 2822 1104 2888 tanturn,
1120 2823 1152 2873 ut
1166 2815 1297 2874 Christus
1316 2835 1375 2891 pro
1395 2814 1448 2873 illis

250 2907 337 2976 caput
351 2899 492 2976 serpentis
505 2905 653 2974 conterat;
677 2897 728 2956 sed
742 2897 828 2955 etiam
842 2895 948 2970 inillis,
963 2893 1002 2952 id.
1017 2902 1050 2953 ut
1062 2893 1150 2952 fidem
1163 2893 1194 2951 irr
1208 2895 1266 2952 illis
1280 2893 1318 2952 id
1332 2895 1446 2952 vincen-

251 2979 320 3038 dum
335 2978 481 3038 diabolum
496 2985 638 3056 operetur.
680 2977 798 3052 Quarto,
813 2995 872 3033 rrcn
886 2981 983 3052 potest
997 2973 1055 3031 dici
1067 2973 1183 3031 licuisse
1198 2973 1234 3032 iis
1248 2973 1370 3033 victoris
1383 2973 1446 3044 frui,

251 3059 276 3116 si
290 3057 488 3134 credidissent,
504 3057 572 3134 quis
586 3056 725 3134 quicquid
747 3056 874 3116 futurum
896 3063 966 3128 erat,
988 3051 1133 3130 pendebat
1147 3073 1184 3111 ex
1198 3053 1385 3112 antecedente
1399 3053 1447 3110 de-

251 3147 329 3198 creto
345 3139 407 3213 Dei,
430 3139 518 3216 juxta
532 3137 611 3214 quod
631 3137 703 3196 alios
724 3137 852 3212 elegerat
874 3155 911 3193 ex
932 3153 1028 3192 amore
1042 3131 1180 3208 indebito,
1196 3132 1268 3192 alios
1288 3134 1369 3210 justo
1384 3132 1448 3190 odic

250 3217 472 3294 reprobaverat;
495 3216 572 3274 urrde
585 3235 643 3274 nou
659 3215 833 3274 sciscerent
847 3233 945 3272 semen
960 3212 1101 3290 serpentis
1125 3231 1176 3288 per
1199 3211 1447 3284 incredulitatem

251 3295 303 3353 sed
316 3315 382 3352 cum
403 3296 465 3372 jam
479 3293 517 3351 ad
538 3313 635 3352 semen
650 3293 789 3371 serpentis
809 3293 986 3369 pertinerent
1007 3311 1045 3350 ex
1058 3298 1176 3368 peccato
1191 3299 1220 3350 et
1241 3290 1448 3369 reprobationis

250 3372 373 3447 decreto,
390 3391 420 3430 se
434 3371 508 3430 tales
521 3372 645 3446 amplius
657 3373 851 3446 prestiterunt
865 3371 925 3429 suis
938 3371 1065 3448 peccatis
1078 3370 1247 3429 actualibus.

292 3451 369 3507 XX.
392 3449 474 3507 Licet
494 3449 646 3526 promissio
667 3449 743 3507 facta
757 3449 884 3522 Noacho,
901 3467 952 3507 seu
975 3449 1069 3508 foedus
1088 3469 1152 3508 cunr
1167 3451 1231 3527 ipso
1246 3449 1357 3525 initum,
1374 3451 1447 3510 Gen.

252 3529 290 3586 vi.
309 3531 354 3604 18,
370 3526 466 3604 quoad
479 3527 732 3604 praescrvaticuem
746 3527 846 3586 mundi
867 3548 886 3586 a
900 3527 1011 3586 diluvic
1024 3528 1110 3587 fuerit
1123 3529 1294 3602 universale,
1310 3530 1390 3605 quod
1412 3529 1449 3588 ad

250 3607 336 3666 bruta
349 3606 436 3665 etiam
450 3605 623 3681 extenditur,
640 3605 714 3665 Gen.
729 3607 769 3665 ix.
787 3609 832 3682 10,
851 3610 885 3666 11
900 3629 907 3683 ;
933 3607 1000 3666 Non
1019 3609 1149 3685 sequitur
1161 3608 1256 3668 foedus
1270 3609 1371 3684 gratia
1385 3628 1450 3667 cum

251 3686 314 3763 ipso
337 3694 506 3744 renovatum
520 3684 617 3762 quoad
639 3685 760 3744 salutem
783 3693 918 3744 aternam
939 3685 1027 3746 luisse
1048 3686 1178 3765 ejusdem
1200 3687 1370 3763 latitudinis,
1386 3707 1451 3747 curu

251 3785 387 3843 expresse
409 3764 599 3840 restringatur
619 3764 657 3823 ad
679 3765 804 3840 Seruum,
821 3765 896 3825 Gerr.
910 3765 951 3824 ix.
966 3769 1014 3842 26,
1036 3767 1084 3824 cui
1104 3766 1221 3826 tandem
1242 3767 1451 3826 consociandus

252 3845 290 3905 sit
303 3848 325 3907 J
326 3845 413 3924 aphet
427 3845 488 3904 sive
502 3844 655 3921 posteritas
669 3844 733 3922 ejus
745 3868 751 3921 ς
769 3845 877 3904 Chsmo
892 3853 921 3905 ct
932 3846 1065 3904 Canasne
1079 3845 1206 3905 exclusis
1220 3846 1257 3905 ab
1271 3865 1306 3905 sc
1320 3854 1350 3905 et
1363 3847 1450 3906 male-

251 3926 371 3987 dictioni
384 3924 515 4001 eddictis,
526 3943 555 3982 v.
567 3926 615 3982 25.
638 3924 702 3982 Imo
717 3925 827 3984 Gentes
842 3943 880 3984 ex
892 3924 960 3983 filiis
975 3933 1004 3985 et
1017 3925 1171 4003 nepotibus
1186 3925 1297 3985 Ncachi
1311 3925 1450 4000 oriunda,
1561 3929 1562 3968 ἒ

252 4005 294 4064 sic
308 4007 345 4064 ab
359 4005 484 4064 invicem
498 4013 674 4082 separantur,
689 4010 723 4063 ut
744 4005 888 4082 pleraeque
910 4005 996 4064 etiam
1017 4003 1167 4063 discedant
1180 4005 1217 4064 ab
1232 4004 1373 4078 Ecclesia,
1388 4025 1452 4082 cap.
1561 4007 1562 4044 ἶ

251 4105 281 4142 x.
299 4088 345 4159 ll,
363 4088 410 4143 12.
452 4085 513 4144 Nec
528 4085 553 4143 si
568 4083 677 4142 Foedus
692 4083 802 4143 Gratiae
822 4084 852 4142 in
872 4085 1061 4162 promissione
1082 4083 1134 4142 illa
1157 4084 1286 4161 generali
1307 4084 1453 4144 inclusum

253 4172 283 4223 et
296 4163 498 4223 adumbratum
512 4163 574 4239 fuir,
591 4163 688 4223 statim
702 4163 789 4224 debet
804 4183 867 4223 esse
880 4163 1062 4239 universale;
1085 4163 1159 4222 Cum
1179 4163 1253 4222 nihil
1273 4163 1453 4240 frequentius

255 4243 301 4320 eit,
317 4263 404 4321 quam
419 4243 527 4321 aliquid
541 4243 713 4320 particulare
726 4263 778 4320 per
791 4243 954 4302 universale
969 4242 1141 4319 adumbrari,
1157 4261 1186 4302 v.
1202 4261 1231 4320 g.
1253 4261 1336 4319 aqua
1348 4241 1455 4303 diluvii

254 4331 322 4382 suut
334 4323 429 4400 figura
443 4323 593 4400 Baptismi,
611 4325 626 4380 1
643 4322 706 4381 Pet.
721 4323 762 4380 iii.
777 4326 824 4398 21,
841 4323 954 4382 Creatio
968 4323 1061 4398 prima
1074 4329 1162 4399 typus
1176 4323 1319 4381 secunda.

292 4402 386 4461 XXI.
409 4401 516 4461 Omnes
539 4401 670 4460 homines
691 4402 840 4461 venientes
864 4401 895 4458 irr
916 4400 1056 4458 mundum
1077 4401 1278 4461 illuminantur
1297 4421 1318 4460 s
1339 4401 1455 4461 Christo

251 4482 361 4541 ratione
377 4481 554 4558 Divinitatis,
574 4489 717 4558 quatenus
739 4491 784 4540 est
796 4479 927 4538 Verbum
948 4487 978 4538 et
998 4479 1092 4539 Filius
1114 4480 1177 4556 Dei,
1201 4481 1310 4541 lumine
1332 4489 1453 4557 natura,

251 4581 303 4638 per
330 4564 409 4626 sorte
436 4561 519 4640 irruite
547 4569 576 4620 et
603 4558 747 4641 ηολήψιις,
776 4580 841 4637 quae
867 4559 927 4618 illis
950 4559 1171 4638 imprimuntur;
1200 4560 1253 4620 sed
1276 4580 1334 4619 nou
1358 4569 1457 4638 potest

252 4639 328 4698 idem
342 4640 400 4699 dici
414 4640 450 4698 da
465 4641 580 4700 Christo
594 4641 755 4701 aconomice
776 4647 913 4716 spectato,
936 4647 1078 4716 quatenus
1099 4649 1144 4700 cst
1165 4639 1311 4700 Mediator
1330 4649 1360 4698 et
1379 4641 1455 4699 θώ-
