3146 5210
87 399 211 447 QUAEST.
228 378 285 460 XL]
489 395 527 434 DE
541 394 657 435 orricio
672 395 789 436 CHRISTI
805 395 997 438 numerante.
1252 388 1309 444 381

86 540 298 618 expiationum
312 559 405 597 omnes
419 538 576 614 iniquitates
598 536 722 594 liliorum
738 536 830 594 Israel
844 536 950 596 dicitur
963 538 1061 597 hircus
1084 549 1221 616 portasse,
1239 545 1311 604 Lev.

90 623 163 679 xvi.
180 624 228 694 21,
245 624 292 695 22,
306 628 334 677 ε1
349 619 418 676 alibi
446 617 586 675 sacrificia
612 617 709 674 oblata
736 617 881 692 leguntur,
911 635 968 675 non
983 627 1094 677 tantum
1108 641 1160 696 pro
1175 622 1218 697 iis,
1249 645 1313 702 quac

91 699 356 759 committebantur
376 709 453 759 aaa:
470 717 525 772 per
547 717 681 772 errorem,
698 696 850 754 sedetiam
864 700 1027 774 ultraquae
1047 701 1212 759 nominibus
1234 717 1312 778 :aa

92 807 164 848 aaa,
184 787 238 846 522,
258 793 317 854 aas,
343 787 372 835 et
401 777 485 834 simil.
522 777 704 834 denotantur.
765 776 826 834 Nec
859 777 892 850 si,
923 775 1000 836 Heb.
1029 779 1068 838 ix.
1099 783 1126 853 0,
1158 786 1183 856 7,
1210 783 1311 839 Sacer-

93 863 153 918 dos
182 860 288 917 dicitur
314 861 417 932 offrre
442 860 502 936 brie
526 861 573 914 roi·
592 864 636 914 τοῦ
660 863 724 914 λαοῦ
747 857 908 929 cynomiam
924 879 983 934 pre
999 860 1103 934 populi
1126 862 1290 936 r'ynorantiis
1301 888 1313 935 ,-

93 940 234 1016 sequitur
257 939 388 996 ultronea
408 947 526 1014 peccata
554 937 678 1010 excludi,
708 937 775 1013 quia
807 936 922 1013 dartana
946 958 1050 996 nomen
1072 949 1124 1014 est,
1149 942 1227 1016 qnod
1249 943 1312 1017 qui-

93 1019 230 1077 buslibet
252 1018 378 1093 poccatis
403 1017 495 1092 datur,
518 1016 586 1094 quia
614 1017 702 1076 omnis
711 1037 833 1092 peccans
860 1027 900 1075 est
931 1019 1075 1095 ipnorarrs,
1100 1020 1176 1078 unde
1204 1041 1311 1080 vocan-

94 1108 147 1158 tur
176 1098 255 1156 antri
273 1106 301 1157 et
326 1097 417 1160 trimo
445 1098 552 1176 passim
579 1097 609 1154 in
639 1096 805 1174 Scriptura3
834 1097 912 1174 apud
927 1098 1030 1156 LXX.
1053 1098 1142 1170 olyram
1156 1121 1232 1178 saepe
1253 1122 1335 1160 res·-

96 1179 212 1256 pendet
225 1205 259 1254 cp
280 1192 329 1242 rn's
352 1178 563 1254 et:a‘.c,quod
588 1176 681 1235 scelus
709 1183 739 1235 et
758 1177 945 1235 rebellionem
970 1187 1060 1236 notat.
1103 1179 1233 1254 Quodsi
1260 1203 1313 1258 pro

97 1258 277 1336 quibusdam
292 1257 418 1334 peccatis
433 1257 571 1315 ultroneis
586 1255 769 1333 gravioribus
783 1257 895 1315 nullum
904 1258 1011 1334 legitur
1024 1259 1187 1318 institutum
1203 1263 1312 1320 sacrifi·

100 1340 191 1414 cium,
220 1337 317 1415 qualia
341 1346 423 1395 erant
446 1337 641 1409 homicidium,
667 1335 839 1412 idololatria,
864 1336 1045 1413 adulterium,
1062 1349 1091 1397 et
1116 1341 1221 1399 similia
1248 1362 1313 1418 quae

97 1443 155 1478 ms
176 1445 218 1481 πη
244 1419 320 1475 cloto
338 1437 425 1475 mann
444 1425 473 1475 ct
493 1437 545 1493 per
567 1416 729 1494 superbiam
751 1415 867 1491 fiebant,
892 1416 957 1475 ideo
978 1418 1033 1476 hoc
1047 1418 1153 1477 sactum
1176 1431 1229 1496 est,
1245 1423 1314 1498 quia

98 1498 199 1574 puniri
214 1518 248 1555 ea
264 1498 343 1555 Deus
358 1497 451 1555 voluit
466 1497 606 1573 supplicio
631 1495 755 1573 capitali,
781 1505 867 1574 atque
882 1496 955 1555 adeo
982 1508 1134 1574 peccantes
1155 1520 1212 1558 non
1240 1521 1313 1578 opus

98 1578 266 1637 hahuerunt
279 1578 334 1636 hoc
348 1577 483 1652 remedio,
496 1595 561 1634 cum
576 1597 674 1634 eorum
687 1596 763 1633 mors
777 1576 862 1635 fuerit
870 1577 961 1635 instar
975 1578 1146 1654 expiationis
1161 1581 1312 1657 cujusdam

125 1657 238 1716 ublicae.

101 1677 122 1734 p
408 1736 534 1794 XVIII.
565 1737 681 1812 Quinte,
708 1736 955 1813 Argumentamur
982 1757 1019 1795 ex
1041 1747 1137 1796 nostro
1165 1759 1226 1797 curn
1248 1742 1313 1800 Deo

103 1815 128 1860 5·
150 1815 188 1859 Ex
208 1818 346 1862 reconcilta-
367 1817 597 1890 reconciliatione,
610 1836 696 1893 quarn
712 1817 843 1875 Christus
857 1836 909 1893 per
922 1826 1043 1876 mortem
1061 1837 1142 1876 suam
1153 1820 1237 1877 nobis
1248 1840 1312 1896 prc-

126 1875 336 1929 nosocomum,
367 1897 487 1955 curavit.
531 1897 605 1954 Nam
633 1915 697 1954 cum
722 1896 918 1955 reconciliatio
941 1897 996 1956 ista
1024 1906 1167 1974 supponat
1190 1899 1312 1976 dissidii,

104 1975 186 2052 quod
195 1976 269 2034 inter
281 1977 373 2034 Deum
388 1985 417 2035 et
431 1986 591 2035 creaturam
606 1975 803 2034 intercedebat
825 1986 943 2053 propter
956 1987 1113 2054 peccatum,
1130 1980 1313 2056 compositio-

104 2073 193 2130 nem;
217 2057 281 2113 Non
295 2056 436 2133 potuisset
451 2057 512 2115 lieri
525 2057 585 2114 sino
601 2056 803 2131 satisfactione,
820 2076 884 2133 quae
898 2056 1007 2134 duplex
1019 2057 1199 2116 obstaculum
1214 2079 1312 2118 occur-

102 2154 171 2193 rens
184 2145 354 2210 removeret,
366 2157 384 2194 a
396 2145 477 2213 parte
491 2136 554 2210 Dei,
566 2136 718 2214 justitiam,
744 2137 791 2194 cui
806 2135 938 2194 satisfieri
963 2137 1071 2212 debuit,
1087 2157 1104 2194 a
1118 2147 1199 2214 parte
1218 2139 1310 2198 homi-

103 2235 183 2289 num,
195 2225 353 2292 peccatum,
367 2218 449 2292 cujus
460 2225 556 2274 reatus
571 2217 681 2293 expiari
692 2216 793 2274 debuit
806 2237 857 2293 per
868 2236 960 2293 poenae
972 2217 1077 2276 debitoe
1086 2219 1309 2295 perpessionem.

107 2295 253 2353 Christum
269 2297 353 2354 istarn
365 2296 626 2354 reconciliationem
640 2296 725 2354 nobis
739 2315 907 2373 procurasse
922 2297 1006 2355 docet
1020 2297 1128 2373 passim
1144 2298 1312 2376 Apostolus,

109 2375 193 2432 Rern.
209 2395 237 2433 v.
256 2379 301 2449 10,
317 2376 412 2434 acor.
429 2395 456 2434 v.
475 2379 520 2450 18,
540 2377 584 2450 19,
602 2376 662 2434 Col.
679 2375 697 2434 i.
710 2381 757 2450 20,
774 2380 821 2450 21,
835 2373 889 2434 &c

149 2454 244 2512 XIX.
268 2456 462 2532 Exceptiones
478 2455 719 2515 Adversarierum
734 2477 769 2514 eo
784 2455 913 2531 redeunt,
940 2465 972 2515 ut
986 2457 1043 2516 ista
1060 2457 1255 2516 reconciliatio
1270 2461 1312 2518 di·

107 2543 191 2593 contr
194 2535 267 2613 ficri
272 2555 330 2612 per
352 2545 479 2594 nostram
500 2539 541 2593 ad
564 2537 657 2593 Deum
684 2537 969 2611 cenomannensem
992 2557 1120 2613 seraper
1141 2539 1193 2595 ira
1210 2540 1312 2598 diuina

102 2616 301 2691 placationem,
328 2616 395 2692 qnia
409 2637 465 2673 nnn
486 2617 599 2674 dicatur
622 2618 703 2674 Dens
729 2617 806 2674 nobis
834 2618 1019 2692 reconciliari,
1041 2620 1092 2675 scd
1103 2638 1154 2675 nos
1181 2620 1246 2694 Dei,
1258 2621 1313 2678 imo

107 2696 220 2753 dicotur
243 2698 302 2772 ipse
323 2697 575 2754 reconciliationem
598 2705 724 2754 nostram
752 2717 923 2772 procurare,
958 2699 1036 2772 qnod
1064 2698 1173 2772 siqnnrn
1195 2707 1313 2758 estnon

107 2775 371 2852 transcriptorum
417 2777 474 2834 Sed
489 2779 581 2857 aguiro
595 2776 650 2834 hoc
664 2776 791 2852 ipsorum
805 2773 898 2848 011011
924 2777 1016 2835 multa
1039 2785 1106 2834 sunt
1120 2796 1185 2852 qnae
1214 2779 1312 2836 revin-

108 2863 182 2914 cant.
217 2860 241 2914 l.
264 2857 338 2931 Quia
365 2855 514 2933 Scriptura
536 2856 681 2932 duplicem
700 2856 880 2914 inimicitiam
903 2866 932 2915 et
954 2855 1156 2914 alienationem
1178 2859 1313 2934 proponit

107 2953 165 2992 non
179 2936 265 2995 modo
280 2945 391 3013 aparte
405 2936 563 3010 hominum,
579 2936 629 3012 qui
640 2956 692 3012 per
705 2943 855 3013 peccatum
871 2936 939 2994 facti
954 2938 1182 3012 5111112111τυγ11ς,
1199 2937 1239 2995 id.
1257 2939 1313 2996 Dei

109 3035 213 3090 osores,
231 3017 314 3074 Rom.
339 3017 357 3074 i.
374 3019 421 3091 30,
446 3025 475 3075 ε1
497 3016 606 3074 inimici
627 3016 690 3093 ejus
717 3016 748 3074 iu
776 3016 860 3074 malis
884 3015 1027 3092 operibus,
1055 3016 1116 3074 Col.
1142 3017 1162 3074 i.
1187 3019 1235 3090 21,
1260 3017 1312 3076 sed

108 3095 193 3152 etiam
207 3116 224 3153 a
237 3105 318 3173 parte
334 3096 389 3154 Dei
403 3116 454 3172 per
468 3097 548 3170 iram,
572 3115 637 3172 quae
661 3095 806 3154 revelatur
830 3095 944 3154 coelitus
968 3093 1108 3153 aduersus
1130 3115 1243 3153 ornnem
1259 3098 1311 3154 im-

107 3174 250 3252 pietatem,
268 3177 352 3234 Rom.
367 3176 385 3233 i.
403 3179 449 3251 18,
466 3195 503 3234 ex
517 3195 574 3253 qua
587 3175 718 3234 homines
741 3183 843 3234 natura
865 3183 932 3234 sunt
945 3176 1005 3254 filii
1021 3177 1080 3249 ira,
1100 3175 1174 3252 Eph.
1195 3175 1224 3233 ii.
1242 3180 1267 3251 1,
1284 3185 1314 3235 et

109 3256 188 3314 Deus
202 3257 301 3314 oculos
315 3256 420 3314 dicitur
433 3256 539 3314 habere
552 3257 690 3332 puriores,
703 3275 790 3332 quarn
804 3263 837 3314 ut
850 3255 949 3313 rideat
971 3255 1086 3326 malum,
1103 3255 1215 3312 llnbac.
1228 3256 1247 3313 i.
1265 3259 1310 3332 13,

107 3335 164 3394 imo
173 3335 279 3394 dicitur
288 3356 346 3394 non
356 3355 441 3413 posse
453 3335 525 3394 ferre
534 3335 724 3409 mendacium,
738 3333 800 3411 dcc,
818 3335 895 3394 Psal.
907 3355 936 3393 v.
949 3337 976 3410 4,
989 3337 1016 3408 5,
1030 3337 1057 3393 S.
1085 3335 1126 3394 llt
1137 3355 1206 3412 ergo
1221 3337 1311 3394 utrin-

108 3435 161 3493 que
175 3416 231 3475 fuit
245 3415 418 3475 abalienatio
430 3437 437 3490 ;
460 3415 500 3474 ita
515 3416 649 3492 utrinque
658 3414 854 3474 reconciliatio
865 3415 995 3492 praestari
1004 3414 1112 3488 debuit,
1129 3435 1146 3472 a
1159 3424 1240 3492 parte
1257 3417 1313 3476 Dei

107 3495 219 3572 perine
235 3497 423 3570 aversionem,
439 3503 549 3572 aparte
563 3495 711 3554 hominum
736 3516 787 3573 per
807 3496 1033 3570 conversionem,
1059 3495 1137 3572 quod
1152 3495 1312 3572 Apostolus

108 3575 181 3635 clare
196 3577 289 3651 docet,
306 3581 323 3634 2
341 3577 405 3635 Cor.
420 3597 449 3634 v.
472 3579 517 3650 18,
536 3577 581 3648 19,
597 3574 666 3632 dum
681 3595 718 3632 ex
733 3575 860 3652 eoquod
876 3577 955 3633 Dens
969 3595 1022 3632 nes
1045 3575 1100 3633 sibi
1114 3577 1313 3636 reconciliavit

106 3675 156 3732 per
171 3658 326 3730 Christum,
345 3677 404 3714 ver.
421 3659 466 3731 18,
483 3655 609 3714 ostendit
625 3655 783 3732 Apostolos
798 3655 913 3713 nomine
928 3655 1034 3714 Christi
1049 3656 1158 3714 hortari
1182 3665 1313 3732 peccato-

107 3755 159 3811 res,
184 3744 217 3795 ut
241 3746 270 3795 et
295 3736 350 3813 ipsi
372 3736 592 3796 reconcilientur
617 3735 688 3792 Dee.
712 3740 739 3796 2.
764 3735 795 3795 si
818 3735 1013 3794 reconciliatio
1030 3736 1102 3792 nihil
1127 3735 1206 3793 alind
1227 3745 1312 3812 esset,

108 3835 192 3890 quarn
206 3817 365 3891 conversi0,
377 3817 480 3875 melius
504 3815 572 3873 vitre
584 3814 692 3873 Christi
706 3815 847 3892 gloriosse,
860 3835 946 3892 quam
958 3824 1083 3873 cruentae
1095 3815 1179 3873 morti
1193 3815 1316 3874 ferretur

110 3903 232 3970 accepta,
248 3903 277 3952 ct
292 3895 372 3954 nulla
385 3897 458 3954 ratio
473 3894 568 3953 afferri
578 3902 684 3972 posset,
700 3915 751 3953 cur
765 3896 801 3953 ab
814 3895 957 3972 Apostolo
968 3895 1157 3953 sanctificatio
1171 3913 1312 3970 propone-

110 3980 193 4046 retur,
209 3982 242 4031 ut
264 3973 331 4032 finis
357 3975 608 4048 reconciliationis,
625 3974 686 4032 Col.
702 3975 720 4033 i.
737 3979 784 4051 22,
798 3995 863 4033 cum
883 3975 955 4032 nihil
969 3975 1062 4050 possit
1086 3992 1148 4030 esse
1164 3973 1312 4049 suiipsius

110 4052 235 4110 medium
250 4052 363 4112 etfinis.
387 4059 414 4113 3.
436 4055 639 4114 Reconciliatio
651 4054 718 4112 talis
733 4055 914 4132 intelligitur,
931 4073 995 4130 quse
1009 4053 1042 4111 fit
1053 4071 1105 4128 per
1118 4073 1174 4110 non
1189 4052 1312 4127 imputo-

110 4133 327 4207 tioncmpeccatr'
344 4133 492 4193 fundatam
506 4135 535 4192 in
555 4135 743 4211 imputatione
758 4135 821 4212 ejus
836 4135 865 4192 in
886 4133 1030 4191 Christum
1042 4131 1126 4204 sacta,
1142 4151 1229 4208 quum
1246 4152 1312 4208 pcc-

109 4221 202 4271 catum
217 4231 269 4288 pro
284 4212 367 4270 nobis
381 4213 473 4272 lactus
487 4223 539 4288 est,
555 4219 573 4272 2
589 4215 654 4273 Cor.
668 4235 697 4272 v.
715 4217 761 4288 18,
777 4219 825 4288 21,
835 4223 864 4272 et
888 4232 939 4290 per
950 4210 1182 4269 substitutionem
1206 4211 1312 4270 Christi

108 4293 171 4351 loco
185 4299 293 4365 nostro,
308 4311 359 4368 pro
374 4292 457 4351 nobis
471 4294 628 4368 moriendo,
647 4301 679 4353 ut
693 4315 730 4353 ex
746 4293 898 4353 collatione
920 4293 991 4369 ejus,
1007 4290 1057 4367 qui
1072 4309 1123 4367 pro
1145 4291 1208 4347 viro
1222 4291 1312 4366 probo

108 4371 180 4430 mori
194 4371 327 4445 sustinet,
342 4373 495 4448 colligitur,
513 4374 597 4432 Rern.
612 4395 641 4432 v.
658 4377 685 4448 7,
701 4375 779 4451 quod
791 4372 1013 4432 satisfactionem
1025 4369 1118 4442 insert,
1132 4387 1189 4428 non
1204 4370 1313 4447 simpli-

108 4472 167 4510 cem
191 4453 419 4510 conversionem.
441 4455 469 4510 4.
492 4453 701 4513 Reconciliatio
724 4454 758 4512 fit
784 4473 836 4530 per
862 4451 1089 4530 pacificationem
1109 4451 1139 4507 in
1162 4451 1311 4526 sanguine,

108 4532 166 4590 Col.
182 4531 201 4589 i.
217 4533 264 4604 20,
281 4539 310 4590 ε1
324 4534 437 4608 isarae,
456 4536 468 4590 1
486 4534 555 4591 Joh.
571 4534 600 4593 ii.
616 4539 644 4591 2.
687 4533 729 4593 At
743 4534 798 4591 hoc
817 4531 1033 4591 conversionem
1053 4549 1111 4588 non
1132 4529 1233 4603 innuit,
1260 4529 1311 4588 sed

107 4611 240 4690 primario
254 4611 304 4670 irre
321 4613 376 4670 Dei
390 4613 588 4690 placationem,
605 4631 669 4690 quae
684 4621 774 4672 morte
791 4613 917 4672 victima
931 4619 1108 4688 procuratur.

145 4691 222 4750 XX.
245 4691 385 4766 Quamvis
398 4712 468 4751 vero
484 4693 630 4771 Scriptura
643 4693 702 4752 lere
717 4692 809 4751 soleat
821 4691 1082 4752 reconciliationem
1106 4690 1190 4750 istam
1205 4689 1310 4750 referre
