3152 5198
255 393 314 449 570
677 403 768 446 rocus
783 403 913 445 oncrnus
927 403 1047 444 snxrus.
1278 385 1405 466 [sumar.
1420 408 1462 450 nr.

252 555 270 608 2
282 551 360 610 Sam.
370 549 432 608 xix.
447 550 493 624 19,
505 567 710 626 quummerces
721 545 870 625 iujustitire
880 544 938 604 illis
947 545 1119 619 decernitur,
1126 551 1156 604 et
1164 543 1315 605 Judicium
1323 567 1342 606 a
1351 547 1463 608 Phinea

251 631 410 689 exercitum
425 629 455 686 in
469 636 629 688 scortantes
643 629 809 704 imputatum
822 635 862 686 eet
871 627 1055 702 injustitiam,
1066 626 1144 684 Psal.
1159 625 1215 685 cvi.
1228 629 1275 700 31,
1292 627 1332 686 id.
1347 639 1462 706 gratnm

254 710 315 768 Deo
330 709 392 782 fuit,
410 709 496 768 atilli
511 709 599 768 cessit
612 708 643 765 in
656 706 772 766 laudem
793 715 900 766 sancta
921 706 1082 784 zelotypiae,
1105 715 1134 765 et
1155 707 1286 783 perpetui
1301 707 1462 769 Sacerdotii

250 799 376 866 pactum.
418 791 542 866 Proprie
556 797 600 847 est
614 807 687 861 eum,
710 787 762 862 qui
772 786 882 864 aliquid
903 805 961 844 non
981 786 1058 861 fecit,
1074 787 1181 844 habere
1195 806 1229 844 ac
1243 787 1268 846 si
1282 787 1417 864 fecisset;
1432 799 1461 848 et

251 870 380 930 vicissim
394 890 452 928 non
467 870 616 946 imputare,
628 875 748 926 osteum
760 867 811 943 qui
824 865 935 944 aliquid
953 866 1029 943 fecit,
1045 866 1151 925 habere
1165 885 1199 924 ac
1214 867 1239 926 si
1252 887 1311 927 non
1325 867 1460 946 fecisset;

250 959 283 1009 ut
298 951 406 1010 Paulus
421 950 476 1008 sibi
496 948 568 1025 petit
588 946 724 1023 imputari
744 946 859 1023 culpam
881 946 1018 1022 Onesimi,
1041 967 1128 1024 qnam
1146 947 1208 1024 ipse
1222 967 1281 1005 non
1294 948 1459 1024 admiserat,

252 1032 306 1109 Ep.
322 1031 359 1090 ad
375 1029 449 1087 Phil.
468 1030 512 1104 18,
539 1034 568 1086 et
590 1027 704 1104 culpam
727 1025 922 1085 desertoribus
943 1026 1003 1086 suis
1023 1047 1082 1086 non
1102 1027 1237 1104 imputari
1257 1035 1350 1104 rogat,
1374 1050 1459 1106 quarn

249 1110 305 1188 ipsi
319 1110 501 1182 admiserant,
518 1111 536 1166 2
552 1107 626 1164 Tim.
642 1107 681 1166 iv.
699 1109 745 1166 16.
788 1106 837 1164 Ex
857 1126 915 1183 qua
935 1106 1044 1184 duplici
1064 1107 1146 1166 vocIs
1160 1107 1335 1183 acceptione,
1351 1108 1459 1186 duplex

251 1191 342 1248 oritur
361 1187 522 1264 imputatio,
537 1188 573 1246 de
593 1207 651 1264 qua
666 1187 774 1246 Paulus
795 1196 860 1242 aava
872 1197 949 1261 zaga,
965 1197 995 1245 ct
1009 1196 1063 1242 aas·
1076 1195 1197 1262 tertam,
1213 1207 1250 1246 ex
1260 1190 1368 1266 pratis,
1384 1199 1411 1248 et
1424 1211 1461 1248 ea·

250 1270 348 1344 debito,
365 1268 449 1326 Rom.
464 1268 503 1326 iv.
526 1271 553 1344 4,
577 1271 604 1343 5,
632 1267 700 1325 “Ei
720 1266 771 1344 qui
784 1275 926 1344 operatur,
942 1287 1051 1325 merces
1065 1286 1123 1325 non
1135 1267 1292 1345 imputatur
1305 1289 1343 1326 ex
1356 1270 1459 1346 gratis,

249 1349 300 1408 sed
314 1369 351 1407 ex
365 1346 472 1423 debito,
489 1348 540 1407 scd
554 1349 581 1408 ci
595 1348 645 1425 qui
659 1367 718 1407 non
738 1355 880 1424 operatur,
897 1347 948 1404 sed
962 1345 1012 1422 qui
1027 1347 1119 1406 eredit
1133 1347 1163 1405 in
1177 1367 1243 1406 eum
1256 1348 1306 1424 qni
1316 1349 1459 1425 justificat

248 1429 378 1506 impium,
392 1427 466 1486 fides
481 1428 525 1486 illi
538 1428 695 1504 imputatur
709 1427 747 1486 ad
756 1427 931 1504 justitiam,”
944 1427 1013 1488 nim.
1029 1445 1067 1484 ex
1081 1427 1192 1503 grstia,
1207 1447 1274 1485 narn
1288 1427 1458 1488 frmdamen-
1549 1423 1555 1433 ’

249 1517 311 1569 turn
326 1507 532 1586 imputationis,
556 1508 603 1568 vel
625 1516 669 1567 est
689 1507 719 1565 in
740 1506 842 1566 marito
863 1515 892 1565 ct
908 1505 1050 1582 dignitate
1065 1525 1203 1583 persona,
1219 1508 1267 1566 cui
1280 1508 1393 1585 aliquid
1406 1511 1459 1567 im-

248 1599 373 1668 putatur,
387 1589 434 1648 vel
445 1597 489 1647 est
500 1601 583 1648 extra
597 1609 659 1647 cam
674 1587 704 1644 in
719 1587 781 1646 sola
795 1590 889 1666 gratia
899 1595 928 1645 et
938 1586 1135 1645 misericordia
1148 1587 1334 1664 imputantis:
1348 1589 1461 1666 primus

249 1669 352 1728 modus
366 1677 411 1728 est
425 1669 551 1746 Legalis,
574 1669 646 1726 alter
667 1687 736 1725 vcro
752 1667 957 1744 Evangelicns.
1001 1666 1087 1727 Unde
1107 1667 1254 1744 colligitur
1267 1688 1369 1727 vocem
1382 1670 1461 1729 hano

250 1770 313 1808 esse
327 1749 478 1823 forensem,
495 1768 558 1825 ques
578 1768 635 1806 non
655 1756 699 1806 est
718 1746 908 1824 intelligenda
920 1747 1040 1824 physice
1055 1746 1091 1804 de
1105 1746 1248 1807 infusione
1259 1748 1390 1824 justitia,
1406 1750 1461 1809 sed

240 1831 417 1904 judicialiter·
437 1837 467 1888 et
487 1829 602 1887 relative
623 1827 658 1886 de
680 1827 807 1904 gratuita
826 1827 992 1903 acceptione
1013 1827 1044 1884 in
1060 1826 1172 1904 judicio
1194 1827 1258 1903 Dei,
1276 1829 1460 1906 quodetiam

250 1911 342 1986 liquet
356 1931 394 1968 ex
408 1908 438 1966 vi
452 1909 533 1968 vocis
559 1915 690 1977 ληίζεσθαι,
704 1916 733 1966 et
747 1916 859 1982 trasna,
875 1927 939 1984 qua
954 1927 971 1965 a
985 1907 1146 1967 rationariis
1160 1908 1251 1985 petita
1264 1917 1317 1968 est.

289 1989 380 2048 VIII.
403 1989 545 2048 Ceterum
559 1988 607 2046 hic
620 1995 751 2046 accurate
766 1986 1003 2064 distinguendum
1016 1995 1061 2046 est
1075 1995 1101 2042 vt
1120 1987 1286 2065 imputatam
1300 2009 1317 2046 a
1325 1992 1460 2065 palcano

250 2089 301 2129 scu
325 2069 436 2145 fictitio,
460 2077 493 2128 nt
517 2075 682 2127 occurratur
706 2067 858 2127 calumniae
884 2067 1134 2143 Adversariorum,
1161 2068 1211 2144 qui
1238 2069 1460 2146 imputationem

249 2149 335 2208 istam
350 2149 513 2226 traducunt,
529 2148 612 2225 quasi
625 2167 733 2207 meram
747 2147 893 2206 fictionem
907 2147 1021 2221 mentis,
1037 2147 1114 2206 circa
1126 2168 1187 2207 rem
1201 2168 1259 2207 non
1273 2149 1460 2211 existentem.

250 2230 321 2289 Cum
344 2231 382 2288 sit
402 2249 448 2287 res
469 2249 526 2288 non
547 2228 642 2288 miuus
663 2229 749 2288 realis
769 2227 799 2286 io
820 2248 873 2287 suo
886 2227 995 2302 ordine,
1018 2227 1128 2288 scilicet
1145 2227 1270 2306 juridice
1292 2237 1321 2288 et
1339 2229 1459 2308 forensi,

248 2327 335 2384 quam
357 2308 462 2366 infusio
483 2309 513 2365 in
535 2329 640 2384 genere
659 2307 761 2367 morali
785 2327 837 2367 seu
861 2307 1000 2385 physico;
1025 2307 1066 2367 Ut
1086 2308 1237 2385 imputatio
1262 2309 1417 2370 solutionIs
1442 2332 1460 2371 a

248 2387 332 2446 Vade
357 2387 448 2460 faeta,
473 2406 538 2464 quse
563 2387 596 2446 fit
618 2389 758 2462 Debitori,
780 2387 907 2446 maxime
931 2389 1017 2447 realis
1040 2395 1093 2463 cst,
1118 2408 1170 2467 per
1196 2408 1283 2464 quam
1305 2389 1459 2452 sciliceta

247 2467 345 2526 debito
369 2465 515 2540 liberatur,
539 2474 568 2524 et
593 2466 729 2524 eximitur
752 2485 769 2523 a
790 2469 856 2543 jure
880 2467 960 2544 quod
984 2469 1014 2526 in
1038 2468 1132 2546 ipsum
1160 2469 1285 2528 habebat
1313 2469 1457 2531 Creditur.

249 2547 333 2607 Unde
354 2553 433 2624 patet
454 2553 548 2604 actum
571 2544 658 2602 istum
680 2545 735 2604 Dei
759 2544 935 2605 Judicialem
955 2568 1013 2607 non
1038 2567 1133 2607 carere
1153 2549 1278 2624 veritate,
1303 2551 1373 2627 quia
1398 2571 1458 2611 non

245 2627 416 2706 pronunciat
424 2646 477 2685 nos
494 2625 589 2703 justos
603 2624 634 2682 in
647 2624 740 2700 nobis,
756 2624 834 2701 quod
848 2635 925 2686 esset
938 2626 1052 2704 falsum,
1068 2629 1120 2687 sed
1133 2629 1163 2686 in
1178 2628 1301 2705 Christo,
1317 2631 1399 2706 qnod
1412 2641 1457 2692 est

248 2708 446 2783 verissimum
461 2727 515 2766 neo
521 2705 643 2782 justitia,
658 2705 726 2783 quia
740 2705 826 2764 datur
843 2709 1007 2766 communio
1022 2708 1096 2767 inter
1109 2728 1162 2768 nos
1175 2718 1205 2768 et
1220 2709 1376 2786 Christum,
1392 2732 1459 2790 quae

248 2789 372 2848 solidum
386 2787 605 2847 fundamentum
619 2796 663 2845 est
677 2786 760 2846 istius
775 2785 981 2864 imputationis

289 2869 349 2927 IX.
366 2869 437 2927 Cum
449 2887 518 2944 ergo
530 2867 652 2926 dicimus
659 2865 766 2926 Christi
773 2867 960 2944 justitiamad
969 2868 1204 2945 justificationem
1213 2869 1298 2928 nobis
1308 2868 1456 2947 imputari,

247 2958 276 3008 et
289 2969 342 3007 nos
366 2968 418 3026 per
437 2947 581 3026 justitiam
605 2947 684 3006 illam
707 2947 876 3025 imputatam
894 2949 990 3025 justos
1012 2969 1074 3006 esse
1089 2969 1184 3007 coram
1201 2949 1272 3023 Deo,
1288 2956 1318 3008 ct
1330 2969 1390 3008 uon
1404 2971 1458 3029 per

243 3028 387 3106 justitiam
399 3028 486 3086 ullam
498 3047 563 3105 qua
573 3027 657 3086 nohis
668 3027 818 3102 inhaereat3
830 3027 909 3086 Nihil
921 3028 1149 3104 alindvolumus,
1161 3048 1249 3106 qnam
1259 3029 1456 3090 obedientiam

248 3109 354 3167 Christi
378 3109 440 3166 Deo
463 3108 542 3166 Patri
561 3107 678 3166 nomine
699 3115 797 3166 nostro
818 3109 983 3184 prestitam,
1005 3107 1047 3167 ita
1067 3109 1151 3167 nobis
1169 3129 1189 3166 a
1210 3109 1274 3168 Deo
1296 3108 1408 3186 donari,
1423 3123 1459 3172 ut

246 3209 314 3247 vere
328 3196 427 3247 nostra
440 3197 598 3264 censeatur,
614 3207 735 3264 eamque
746 3207 809 3246 essc
818 3187 932 3246 unicam
941 3197 970 3246 et
984 3189 1073 3246 solam
1089 3188 1168 3246 illam
1178 3189 1321 3266 justitiam
1336 3199 1459 3269 propter

246 3289 340 3345 quam,
354 3277 382 3327 et
391 3269 474 3345 cujus
486 3268 596 3343 merito,
612 3267 790 3326 absolvimur
804 3286 821 3326 a
835 3275 915 3327 reatu
929 3277 1112 3346 peccatorum
1127 3279 1340 3346 nostrorumst
1349 3271 1402 3348 jus
1416 3273 1456 3331 ad

245 3349 334 3406 vitam
363 3348 526 3406 obtinemus
538 3370 545 3422 3
567 3367 621 3406 nec
634 3347 724 3407 ullam
738 3349 768 3405 in
782 3347 867 3406 nobis
881 3367 943 3406 csse
954 3348 1108 3425 justitiam,
1127 3358 1178 3408 aut
1190 3349 1250 3408 nlla
1263 3349 1340 3409 bona
1354 3370 1454 3428 opera,

243 3426 349 3502 quibus
359 3426 498 3486 beneficia
507 3435 587 3486 tanta
597 3447 817 3505 promereamur,
829 3447 894 3505 qnae
903 3428 975 3486 ferre
987 3428 1098 3506 possint
1107 3449 1238 3487 severum
1244 3429 1348 3506 judicii
1359 3431 1457 3490 divini

244 3523 373 3579 examen,
397 3507 421 3563 si
444 3507 523 3564 Dens
540 3507 626 3582 juxta
648 3506 736 3583 Legis
758 3527 817 3566 sua
837 3508 962 3584 rigorem
984 3508 1134 3568 nobiscum
1148 3529 1233 3586 agere
1247 3509 1356 3586 vellet;
1379 3512 1456 3571 nihil

243 3603 296 3642 nos
311 3583 353 3640 illi
366 3605 452 3661 posse
466 3605 619 3662 opponere,
635 3587 690 3644 nisi
706 3587 812 3647 Christi
827 3588 959 3648 meritum
971 3597 1000 3648 et
1014 3589 1246 3664 satisfactionem,
1261 3589 1293 3647 in
1306 3609 1364 3665 qua
1378 3591 1452 3666 sola,

241 3673 423 3741 peccatorum
434 3665 609 3724 conscientia
624 3665 723 3740 territi,
740 3674 834 3726 tutum
847 3668 988 3728 advorsus
1002 3669 1073 3727 iram
1088 3669 1216 3727 divinam
1230 3667 1405 3746 perfugium,
1422 3682 1455 3731 et

241 3745 400 3804 animarum
414 3753 576 3803 nostrarum
590 3764 691 3820 pacem
704 3745 834 3805 invenire
848 3767 1010 3824 possumus.

284 3825 325 3884 X.
350 3825 431 3884 Licet
452 3843 521 3883 vero
542 3823 668 3882 nolimus
689 3825 843 3902 quicquam
865 3847 927 3886 esse
949 3829 978 3886 in
993 3829 1085 3902 nobis,
1101 3829 1178 3906 qnod
1193 3830 1300 3906 opponi
1313 3829 1408 3906 possit
1421 3831 1453 3889 in

236 3907 349 3982 judicio
374 3907 431 3965 Dei
455 3905 492 3964 ad
508 3903 754 3981 justificationem,
777 3906 851 3964 malc
872 3915 968 3967 tamen
989 3909 1054 3985 quis
1075 3908 1141 3968 inde
1163 3909 1355 3984 concluderet,
1371 3911 1453 3988 quod

239 3987 313 4047 falso
327 3995 356 4046 et
369 4007 420 4066 per
442 3986 614 4045 calumniam
629 3986 713 4044 nobis
727 3985 867 4063 affingunt
883 3987 1061 4065 Adversarii,
1084 3989 1146 4048 Nos
1166 3990 1276 4049 nullam
1290 4009 1451 4067 agnoscere

235 4066 380 4140 justitiam
403 4068 597 4141 inhaerentem,
624 4087 688 4143 quse
713 4065 847 4127 fidelibus
871 4068 948 4144 insit,
973 4076 1001 4128 et
1030 4070 1112 4146 cujus
1134 4071 1243 4128 ratione
1272 4090 1341 4129 vere
1368 4072 1451 4148 apud

242 4147 337 4206 Deum
353 4148 429 4220 justi
449 4155 478 4206 et
499 4147 591 4206 sancti
612 4155 801 4222 censeantnr3
823 4147 965 4227 Adeoque
987 4147 1089 4208 docere
1110 4148 1211 4208 fideles
1232 4169 1345 4227 semper
1366 4151 1398 4208 in
1420 4171 1452 4210 se

239 4246 353 4285 manere
369 4227 472 4304 impios
487 4235 516 4286 et
530 4225 661 4302 injustos,
684 4236 713 4286 et
735 4228 841 4286 Christi
859 4227 1003 4301 justitiam
1024 4228 1131 4288 adhoc
1146 4229 1239 4288 solnm
1252 4229 1337 4288 nobis
1352 4229 1447 4308 impu·

240 4307 303 4382 tari,
326 4309 358 4365 ul
380 4314 498 4382 peccata
518 4315 618 4364 nostra
642 4315 784 4384 tegantur,
811 4327 869 4366 non
889 4327 959 4366 vero
973 4308 1120 4368 tollantur.
1164 4308 1250 4370 Unde
1264 4310 1447 4370 occasionem

241 4395 356 4445 sumunt
373 4386 540 4444 Doctrinam
554 4394 681 4444 nostram
696 4387 731 4446 de
747 4386 939 4465 Imputatione
954 4387 976 4447 J
978 4389 1084 4447 ustitia
1099 4389 1214 4465 Christi,
1229 4390 1313 4467 quasi
1327 4391 1446 4468 impiam

241 4475 269 4524 ct
284 4465 483 4540 execrandum,
500 4464 677 4525 traducendi.
720 4466 802 4541 Quia,
814 4475 847 4541 nt
864 4486 950 4544 supra
960 4469 1022 4546 jam
1036 4468 1172 4544 dixImus,
1188 4470 1374 4548 agnoscimus
1388 4471 1447 4530 duo

241 4545 295 4604 ista
318 4545 460 4604 beneficia
482 4565 545 4604 esse
568 4546 787 4623 inseparabilia;
809 4555 839 4605 et
859 4547 1001 4606 neminem
1023 4570 1042 4607 e
1069 4549 1184 4609 Christo
1202 4549 1367 4627 justificari,
1396 4552 1446 4630 qni

240 4624 326 4682 etiam
340 4645 398 4683 non
413 4625 614 4698 sanctificetur,
630 4625 784 4698 etjustitia
804 4625 961 4688 inhaerente
983 4627 1112 4705 donetur,
1138 4650 1156 4688 a
1179 4651 1238 4708 qne
1259 4651 1327 4689 vare
1352 4633 1445 4690 sancti

238 4709 267 4757 et
277 4701 358 4777 justi,
374 4703 443 4763 licet
457 4725 513 4761 non
528 4704 653 4782 perfecte
667 4705 696 4762 in
711 4705 765 4762 hao
779 4705 849 4782 viu,
865 4707 1042 4768 denominari
1056 4711 1168 4788 possint
1182 4710 1291 4770 fideles.
