3108 5198
81 402 190 452 onear.
206 383 257 464 ra]
576 407 616 446 nn
631 405 707 446 acen
722 407 782 448 nni.
1252 379 1287 450 li

82 543 215 602 moralem
238 563 343 604 rerum
365 565 422 605 non
442 546 557 607 aliunde
578 547 675 624 fluere,
691 567 778 625 quam
799 567 817 606 a
835 547 928 608 libera
943 549 999 608 Dei
1019 550 1179 626 voluntate,
1203 557 1291 628 atque

80 623 148 682 adeo
161 645 209 684 res
223 625 327 684 bonas
340 646 403 686 esse
416 634 446 686 et
455 627 550 704 justas
564 636 676 689 tantum
690 629 758 705 quia
770 629 859 706 jussae
874 637 949 706 aunt,
965 649 1024 688 non
1033 631 1132 707 jussas
1146 649 1209 689 esse
1224 631 1293 708 quia

79 704 162 782 justae
176 713 281 764 essent
296 705 517 784 antecedenter;
539 716 572 767 ut
585 709 659 766 nihil
672 709 768 768 obstet
782 709 936 785 quominus
957 711 1131 769 eontrarium
1145 711 1204 769 illis
1218 732 1291 788 prae·

84 784 169 860 cipiat
181 785 206 844 si
219 785 329 846 vellet.
349 787 489 862 Secunda
500 788 604 864 media,
619 808 683 865 quae
697 789 753 848 tria
766 789 865 866 primae
879 790 987 849 tabulae
1000 799 1144 868 precepta
1153 791 1218 850 vult
1227 811 1291 850 esse

85 863 332 942 indispensabilia,
349 875 483 945 quartum
497 889 566 927 vero
586 877 727 944 exparte,
750 878 779 927 et
793 877 897 928 caetera
917 871 1013 928 omnia
1032 869 1165 929 secundae
1185 871 1292 930 tabulae

86 943 303 1021 dispensabilis,
318 955 351 1008 ut
372 949 471 1006 &oua
490 957 520 1007 et
542 948 667 1024 Gabriel,
689 948 741 1025 qui
760 948 868 1007 ideireo
888 958 1032 1027 praecepta
1051 950 1102 1008 illa
1122 951 1255 1010 eximunt
1276 971 1294 1009 a

85 1023 158 1100 Lege
171 1026 307 1084 naturali
320 1027 420 1087 stricte
434 1027 476 1086 sio
490 1027 582 1088 dicta.¹
608 1027 660 1087 Ad
672 1048 745 1105 quos
766 1029 907 1088 accedunt
924 1030 969 1087 illi
982 1049 1020 1088 ex
1033 1031 1148 1106 nostris,
1164 1031 1214 1108 qni
1228 1050 1292 1108 per-

83 1103 203 1164 tendunt
218 1105 375 1184 Praecepta
385 1107 517 1185 quadam
532 1109 673 1186 Decalogi
683 1108 811 1183 moralia,
827 1128 893 1185 qua
906 1109 1038 1169 absolute
1051 1109 1145 1170 fluunt
1159 1131 1177 1168 a
1189 1120 1294 1170 natura

85 1184 144 1258 Dei,
160 1184 300 1246 absolute
320 1207 384 1248 sese
405 1187 650 1264 indispensabilia,
666 1187 763 1265 qualia
782 1197 850 1248 sunt
865 1192 891 1265 l,
907 1193 935 1262 2,
951 1193 979 1265 3,
995 1194 1022 1265 7,
1038 1192 1066 1265 9,
1083 1191 1207 1250 sedalis
1227 1210 1293 1269 quae

83 1263 205 1341 pendent
219 1285 260 1324 ex
286 1266 380 1326 libera
395 1267 451 1326 Dei
470 1269 628 1344 voluntate,
649 1276 682 1327 ut
694 1276 829 1345 quartum
843 1289 881 1328 ex
901 1279 990 1346 parte,
1014 1279 1042 1328 et
1063 1269 1205 1348 quintum,
1227 1291 1292 1330 sex-

84 1355 149 1419 tum,
165 1353 310 1404 octavum
324 1354 354 1405 et
367 1346 518 1424 decimum,
534 1347 603 1408 licet
617 1347 675 1406 sint
687 1348 807 1406 immota
820 1357 850 1410 et
863 1349 1103 1427 indispensabilia
1116 1351 1212 1428 quoad
1226 1369 1292 1427 nos,

84 1443 144 1482 esse
157 1433 258 1484 tamen
272 1425 483 1504 dispensabilis
496 1427 593 1505 quoad
607 1428 711 1503 Deum,
727 1428 777 1505 qui
798 1429 890 1506 possit
911 1430 997 1488 certis
1018 1429 1053 1488 de
1075 1431 1171 1490 causis
1191 1430 1292 1509 praeci·

85 1523 147 1580 pere
161 1505 354 1582 contrarium,
369 1516 401 1566 et
413 1515 510 1566 tamen
528 1508 601 1567 nibil
614 1507 702 1567 faciat
714 1527 880 1586 repugnans
894 1518 1004 1570 naturae
1019 1529 1088 1569 suae.
1131 1512 1230 1570 Tertia
1250 1519 1295 1570 est

86 1603 187 1659 eornm,
203 1586 257 1662 qui
273 1587 380 1647 volunt
395 1587 504 1665 Legem
524 1587 662 1647 moralem
677 1589 775 1665 quoad
795 1589 890 1647 omnia
903 1599 1048 1667 praecepta
1069 1609 1121 1648 sua
1140 1609 1204 1650 esse
1226 1590 1293 1649 sim-

86 1664 194 1740 pliciter
207 1665 480 1745 indispensabilsm,
492 1668 560 1745 quia
574 1667 702 1727 continet
715 1668 901 1728 intrinsecam
914 1670 1054 1729 rationem
1064 1670 1187 1746 justitiae
1201 1678 1230 1729 et
1244 1670 1293 1728 de·

87 1743 144 1819 biti,
159 1765 218 1804 non
232 1755 268 1804 ut
290 1746 424 1824 procedit
444 1747 563 1826 aLege,
585 1748 638 1808 sed
651 1755 684 1808 ut
698 1747 834 1807 fundatur
854 1750 885 1806 in
905 1757 1008 1808 natura
1023 1749 1088 1824 Dei,
1111 1757 1141 1808 et
1161 1750 1295 1826 provenit

87 1843 121 1882 ex
142 1824 306 1886 intrinseca
327 1827 370 1888 rei
394 1829 606 1904 constitutione,
622 1835 652 1888 et
673 1828 857 1905 proportione
879 1828 954 1886 iuter
975 1828 1123 1906 objectum
1145 1837 1175 1887 et
1198 1837 1295 1888 actum

88 1913 284 1982 comparatum
306 1905 344 1968 ad
364 1915 472 1966 rectam
492 1908 643 1982 rationem,
667 1927 720 1967 seu
742 1915 875 1966 naturam
896 1907 1075 1982 rationalem,
1105 1907 1206 1985 quales
1228 1916 1295 1967 sunt

90 1985 204 2044 Itomae
220 2005 294 2046 eum
316 1987 385 2062 suis,
404 1991 435 2046 1·
448 1993 491 2064 2⁸,
514 2008 543 2066 q.
560 1991 626 2063 100,
642 1995 695 2047 art.
710 1989 739 2064 8,
753 1987 1003 2064 Altiaiodorenna,
1017 1988 1189 2064 aichardus,
1205 1989 1293 2047 Potu-

90 2066 183 2140 deaue,
199 2074 231 2126 et
247 2065 302 2124 alii
315 2068 423 2144 plures.
820 2087 823 2092 ·

125 2144 183 2204 XI.
204 2147 250 2206 Et
272 2145 336 2205 haec
356 2147 534 2207 communior
548 2155 593 2207 est
607 2147 841 2208 Orthodoxorum
862 2147 1013 2224 sentemia,
1029 2167 1116 2225 quam
1130 2156 1160 2208 et
1173 2167 1227 2207 nos
1248 2167 1293 2208 se·

89 2225 205 2301 quimus,
231 2227 292 2284 hae
313 2234 411 2286 tamen
434 2247 500 2287 cum
520 2227 700 2304 limitatione,
716 2235 749 2287 ut
769 2227 1012 2305 quemadmodum
1033 2237 1177 2306 precepta
1197 2229 1295 2288 omnia

89 2323 143 2363 non
157 2306 314 2383 aqualiter
327 2307 459 2367 nituntur
470 2309 536 2386 jure
550 2317 660 2368 naturae
674 2307 818 2385 primari0,
841 2308 894 2367 sed
907 2308 1040 2385 quaedam
1054 2309 1185 2368 absolute
1199 2308 1295 2369 fluunt

88 2403 105 2440 a
118 2393 219 2444 namra
235 2386 303 2456 Dei,
320 2388 433 2446 attalia
446 2388 624 2466 praecipiunt,
648 2407 713 2465 qua
726 2388 872 2447 liberrime
886 2389 1002 2465 quidem
1018 2388 1070 2448 sed
1083 2396 1181 2448 mmen
1194 2407 1293 2448 neces-

89 2463 163 2524 sario
177 2466 262 2524 Deus
271 2465 345 2541 vult,
361 2476 391 2526 et
405 2467 446 2526 ita
459 2469 621 2527 necessario
635 2477 665 2527 et
678 2468 903 2544 immutabiliter,
913 2476 947 2528 ut
960 2469 1134 2528 eontrarium
1145 2468 1221 2527 velle
1235 2487 1294 2528 non

87 2544 179 2620 possit
193 2545 256 2605 sine
271 2547 517 2624 conuadiction03
540 2547 610 2607 Alia
623 2567 693 2607 vero
707 2547 910 2626 quaependent
923 2557 1064 2608 enatura
1077 2568 1172 2607 rernm
1187 2549 1293 2607 consti·

87 2623 195 2684 tutione
210 2625 410 2688 intercedente
430 2627 522 2687 libera
536 2629 593 2687 Dei
605 2629 775 2688 voluntate:
807 2628 854 2687 Ita
873 2647 931 2687 non
946 2629 1052 2687 debent
1066 2628 1177 2687 censeri
1198 2647 1293 2705 aequa·

87 2702 142 2762 lem
155 2705 342 2768 necessitatis
356 2715 386 2766 et
399 2707 642 2767 immutabilitatis
656 2707 778 2786 gradum
799 2708 947 2784 obtinere;
978 2709 1017 2768 Et
1035 2709 1104 2767 licet
1117 2707 1294 2785 dispensatio

90 2786 203 2862 proprie
218 2785 299 2844 diota
312 2785 408 2846 locum
423 2788 453 2846 in
467 2786 503 2846 iis
517 2807 576 2847 non
589 2787 714 2865 habeat;
736 2788 893 2847 declaratio
912 2796 1009 2847 tamen
1023 2807 1075 2846 seu
1096 2788 1294 2865 interpretatio

90 2863 161 2922 cuca
173 2885 211 2924 ea
224 2885 434 2943 nonnunquam
445 2867 538 2944 datur,
550 2869 669 2928 mutatis
682 2887 778 2928 rerum
787 2868 837 2927 vel
850 2887 1037 2946 personarum
1051 2868 1274 2928 circumstantiis
1286 2890 1294 2944 ς

93 2952 122 3004 ut
134 2953 238 3022 postea
251 2945 409 3006 videbitur.

394 3027 473 3086 XII.
496 3027 553 3086 Pro
576 3027 727 3088 Sententia
742 3033 842 3085 nostra
854 3025 965 3084 faciunt
978 3025 1118 3085 Rationes
1132 3033 1295 3101 sequentes.

93 3099 318 3162 neumatum
356 3108 383 3164 l.
398 3106 473 3182 Quia
487 3105 572 3166 datur
585 3106 779 3186 dependentia
793 3106 938 3165 creatura
952 3104 1101 3164 rationalis
1115 3123 1173 3181 qua
1185 3104 1252 3162 talis
1265 3105 1297 3164 in

119 3166 295 3264 P‘ffiffifm
355 3205 461 3264 genere
474 3187 563 3246 moria
577 3195 607 3246 et
626 3185 771 3245 inordina
792 3184 830 3244 ed
850 3191 957 3244 rectam
975 3185 1116 3244 rationem
1134 3183 1296 3242 necessaria

154 3277 336 3336 Extapandea-
356 3275 387 3326 et
408 3266 651 3344 Indispensabilis,
666 3285 718 3344 per
738 3285 825 3342 quam
845 3284 904 3324 non
924 3272 1020 3342 potest
1040 3283 1098 3323 non
1118 3264 1243 3340 obligari
1258 3263 1297 3323 ed

122 3333 157 3379 *ἢ
196 3337 338 3406 paesentis
357 3347 575 3424 obsequendum
587 3346 659 3422 Deo,
670 3354 699 3405 et
712 3345 756 3404 illi
770 3345 897 3420 subesse,
907 3345 976 3422 quia
989 3345 1061 3404 alias
1075 3365 1133 3404 non
1147 3353 1224 3403 esset
1234 3365 1295 3404 cre·

120 3391 224 3439 'mm'
243 3408 259 3438 ⁸
276 3393 336 3440 ⁰⁰⁰⁶
355 3434 447 3503 atura,
459 3426 539 3505 quod
551 3426 689 3504 implicat.
711 3426 747 3485 E.
761 3425 891 3485 daturin
906 3427 969 3484 Deo
983 3425 1160 3500 naturaliter,
1173 3433 1203 3484 et
1215 3433 1295 3484 ante·

94 3504 228 3566 cedenter
240 3505 280 3566 ad
289 3506 412 3566 liberam
425 3507 490 3584 ejus
500 3507 680 3566 voluntatem
691 3505 713 3566 J
714 3525 749 3564 us
763 3505 936 3584 subjiciendi
949 3506 1005 3564 sibi
1014 3513 1174 3564 creaturam
1188 3504 1295 3564 ration·

94 3584 174 3660 elem,
189 3593 222 3644 et
235 3585 388 3664 obligandi
401 3586 439 3645 ad
452 3586 655 3662 obedientiam,
671 3585 750 3663 quod
764 3586 907 3662 abnegare
921 3605 979 3644 non
992 3593 1089 3663 potest
1102 3591 1153 3644 ant
1166 3585 1230 3662 ejus
1244 3603 1296 3662 op-

94 3666 219 3740 positum
237 3665 394 3726 decernere
418 3667 480 3726 sine
505 3665 740 3726 contradictione.
791 3665 862 3724 'I'ale
885 3673 981 3725 autem
1000 3665 1044 3724 illi
1061 3667 1112 3744 jus
1134 3672 1297 3741 competere

95 3743 192 3822 liquet,
207 3753 272 3805 tum
293 3765 333 3805 ex
347 3745 584 3823 Independeutia,
601 3745 759 3821 Pn'mitate,
775 3744 963 3820 Perfectione,
983 3754 1012 3805 et
1026 3764 1159 3823 supremo
1174 3744 1231 3802 Dei
1245 3743 1296 3802 do·

96 3825 190 3900 minio,
206 3835 238 3884 et
251 3825 396 3885 similibus
410 3826 556 3886 attributis
570 3845 635 3903 quae
655 3826 713 3884 tale
731 3827 782 3904 jus
795 3824 936 3884 fundant:
965 3833 1027 3884 tum
1042 3845 1059 3884 a
1072 3825 1143 3902 pari,
1159 3824 1228 3902 quia
1246 3822 1297 3880 da-

98 3911 142 3962 tur
167 3904 365 3982 dependentia
385 3906 525 3965 naturalis
550 3905 712 3964 necessaria
736 3913 765 3964 et
789 3905 951 3964 essentialis
975 3913 1112 3964 creature
1137 3923 1154 3960 a
1178 3903 1242 3961 Deo
1267 3920 1298 3959 m

98 4001 200 4058 genere
224 3985 302 4044 entis
324 3993 355 4044 et
376 4005 470 4045 causae
492 3985 634 4060 secundae,
656 4004 708 4062 per
731 4004 817 4062 quam
838 3992 969 4044 creatura
988 4004 1047 4043 non
1066 3990 1163 4062 potest
1184 4001 1247 4040 esse
1269 3989 1298 4042 et

96 4065 206 4139 operari
219 4065 283 4124 sine
298 4065 372 4141 Deo,
381 4084 435 4125 nec
450 4066 531 4125 Deus
544 4073 641 4143 potest
654 4083 752 4124 euram
765 4063 844 4122 illius
857 4065 992 4141 abjicere,
1004 4072 1034 4122 at
1047 4063 1126 4122 illem
1141 4062 1197 4120 sibi
1211 4061 1296 4122 relin-

99 4161 192 4218 quere.
213 4144 296 4222 Ergo
309 4143 503 4222 dependentia
516 4145 634 4204 moralis
647 4153 785 4204 creaturae
798 4143 946 4202 rationalis
960 4165 978 4202 a
992 4145 1056 4202 Deo
1070 4151 1102 4202 ut
1116 4142 1209 4220 prima
1221 4143 1297 4200 veri-

99 4229 154 4282 tate
176 4231 206 4284 et
227 4223 391 4302 muctimte,
406 4244 465 4284 non
485 4225 582 4284 minus
602 4225 764 4284 necessaria
784 4233 829 4283 est
848 4231 879 4282 et
898 4223 1087 4284 immutabilis
1106 4221 1299 4300 dependentia

99 4304 219 4364 naturali
232 4305 377 4382 cujusque
391 4314 539 4366 creaturae.

136 4381 230 4442 XIII.
253 4383 317 4444 Nec
331 4384 435 4461 obstat,
451 4384 536 4460 Quod
550 4383 631 4442 nulls
643 4383 814 4442 necessitate
830 4382 911 4442 Deus
930 4382 969 4442 ad
982 4389 1120 4442 creaturae
1133 4378 1298 4458 productio·

100 4477 160 4520 nem
173 4463 319 4540 impulsus
340 4464 387 4538 sit,
403 4465 455 4524 sed
468 4485 548 4524 mera
560 4462 703 4522 libertate.
745 4463 821 4522 Nam
840 4462 910 4522 licet
929 4463 1105 4540 omniaque
1127 4467 1194 4516 sunt
1216 4463 1300 4547 extra

102 4537 190 4602 Deum
204 4543 265 4602 sint
284 4543 342 4603 hoc
363 4563 451 4604 sensu
471 4543 678 4621 contingentia,
699 4543 731 4601 id
751 4551 796 4602 est
816 4543 887 4602 talia
907 4542 1045 4620 aquibus
1058 4537 1190 4627 creandis
1201 4541 1300 4625 potult

101 4619 238 4682 abstinere
250 4644 259 4682 a
281 4623 392 4683 Tamen
406 4644 444 4683 ex
463 4623 619 4702 hypothesi
637 4623 770 4700 quadam
784 4623 946 4682 necessario
960 4622 1025 4681 vult
1038 4625 1068 4677 et
1081 4621 1142 4691 aglt
1155 4633 1186 4670 m
1199 4631 1236 4670 11ss
1250 4619 1301 4669 aut

102 4697 171 4758 cirea
183 4721 218 4759 ea
232 4721 300 4779 quse
313 4703 379 4761 wilt
399 4702 533 4779 existere,
554 4705 595 4762 ita
609 4710 641 4762 ut
662 4721 720 4760 non
740 4703 832 4780 possit
852 4703 936 4761 aliter
956 4718 1041 4774 agere
1062 4701 1112 4752 aut
1124 4690 1220 4766 relle;
1242 4708 1301 4765 quo
