3150 5206
90 417 203 470 auser.
220 393 266 480 m]
530 416 569 456 nu
584 415 709 456 amusan
724 413 854 457 enarre.
1030 460 1031 464 Ἰ
1242 403 1300 460 219

93 563 124 619 in
139 580 203 619 esse
219 579 272 618 suo
287 557 429 632 absoluto,
444 558 492 616 vel
506 558 535 616 in
550 557 632 632 σχίσιι
647 577 698 617 sua
712 559 823 637 legali?
851 559 993 618 Convenit
1016 559 1092 617 enirn
1115 560 1190 619 inter·
1204 579 1303 619 omnes

92 641 150 699 hoc
162 639 225 698 fieri
236 659 294 698 non
301 638 437 717 potuisse,
449 647 566 715 propter
578 639 665 716 Legis
675 635 813 716 ἀδυναμία
835 637 912 697 Heb.
922 638 973 697 vii.
988 640 1033 713 18,
1046 641 1092 713 19,
1105 649 1134 698 et
1144 660 1174 698 x.
1192 643 1217 715 l,
1233 643 1261 713 2,
1275 643 1304 698 3.

95 722 135 780 Et
144 721 201 779 hoa
221 738 309 778 sensu
319 737 419 777 verum
430 726 475 777 est
488 718 588 778 fideles
603 727 747 796 spectatos
762 721 791 777 in
806 740 845 794 se,
858 726 1038 795 etquatenus
1053 727 1135 777 erant
1150 719 1203 777 sub
1214 720 1302 796 Lege,

94 801 186 858 fuisse
201 799 257 858 sub
271 806 361 872 reatu,
377 805 406 856 et
420 798 624 856 conscientiam
639 800 750 875 peccati
763 799 869 857 habere
883 797 1027 876 potuisse:
1045 798 1103 857 Sed
1119 799 1163 858 De
1178 797 1305 857 efficacia

95 881 200 958 gratiae
214 888 245 938 et
258 877 392 936 sacrificii
403 877 510 937 Christi
524 877 668 954 legalibus
679 878 805 939 victimis
819 877 991 953 adumbrati,
1004 878 1114 936 Annon
1129 878 1305 937 obtinuerint

96 961 126 1018 in
141 958 358 1036 dispensatione
373 957 485 1015 interna
498 957 615 1016 foederis
629 957 729 1034 gratiae
750 957 947 1016 remissionem
967 957 1082 1034 plenam
1097 959 1224 1018 omnium
1238 977 1304 1034 pec·

97 1047 228 1098 catorum
237 1037 345 1096 virtute
354 1037 454 1095 mortis
466 1037 573 1095 Christi
587 1036 712 1096 sature?
1012 1032 1023 1051 ¹

140 1118 196 1176 IV.
220 1121 248 1176 3.
261 1117 327 1174 Non
341 1117 431 1194 quaeri
446 1117 492 1174 De
507 1136 594 1175 sensu
605 1116 795 1175 Remissionis
804 1125 995 1194 peccatorum,
1011 1125 1119 1194 etpaoe
1134 1124 1164 1176 et
1174 1117 1304 1176 consola·

98 1199 177 1256 tione
192 1197 260 1255 inde
275 1204 409 1255 manante
419 1195 516 1273 quoad
530 1197 660 1274 gradum,
673 1196 722 1254 An
737 1196 830 1255 minor
843 1195 929 1254 fuerit
943 1197 998 1254 sub
1008 1197 1047 1255 V.
1057 1197 1090 1255 T.
1103 1205 1132 1256 ct
1145 1197 1239 1274 major
1252 1197 1306 1255 sub

100 1278 150 1336 N?
164 1277 259 1336 Nemo
268 1275 343 1334 euim
354 1284 443 1352 negat
457 1275 596 1352 graduale
610 1276 665 1333 hoc
680 1275 851 1350 discrimen3
869 1276 908 1334 Et
921 1284 954 1335 nt
965 1275 1115 1336 obscurius
1129 1275 1184 1335 fuit
1197 1277 1304 1349 lumen,

100 1366 129 1416 et
148 1357 263 1435 parcior
281 1373 417 1414 mensura
433 1354 575 1432 Spiritum
598 1356 645 1422 Ita
667 1355 806 1414 minorem
826 1355 916 1414 fuisse
937 1355 1114 1414 remissionis
1137 1375 1261 1430 sensum,
1278 1365 1307 1415 et

101 1436 197 1496 minus
212 1435 356 1495 solatium.
398 1435 462 1492 Imo
477 1443 506 1493 ot
519 1443 628 1494 metum
648 1433 737 1494 luisse
759 1435 867 1510 mortis,
884 1442 913 1493 et
936 1435 1075 1512 Spiritum
1097 1436 1246 1496 servitutis
1268 1455 1306 1494 ex

102 1517 198 1593 rigore
218 1513 322 1592 legalis
336 1513 512 1588 oeconomiae,
527 1521 560 1572 ut
579 1513 642 1574 fuse
665 1533 751 1592 supra
772 1515 922 1592 probatum
939 1514 972 1588 Q.
989 1518 1015 1572 7.
1060 1514 1119 1574 sed
1141 1515 1192 1572 An
1213 1516 1308 1592 posito

102 1597 158 1656 isto
169 1594 343 1668 discrimine,
359 1594 427 1658 ideo,
439 1593 496 1652 dici
511 1593 615 1653 debeat
629 1595 730 1653 Patres
743 1593 832 1653 fuisse
846 1593 941 1652 adhuc
962 1595 1016 1652 sub
1038 1602 1119 1652 reatu
1140 1603 1168 1652 et
1190 1614 1306 1652 execra-

101 1677 179 1734 tione
195 1674 293 1752 Legis,
309 1693 363 1732 nsc
375 1673 512 1732 habuisse
526 1693 624 1732 veram
638 1683 822 1751 peccatorum
836 1670 930 1748 ἔφεσιν,
947 1693 998 1731 seu
1019 1674 1133 1750 plenam
1149 1693 1247 1732 eorum
1262 1693 1305 1732 re·

100 1755 277 1829 missionem,
290 1753 342 1811 sed
355 1760 466 1812 tantum
481 1752 590 1833 πέμπει,
606 1760 635 1810 et
649 1752 880 1830 praeteritionem,
891 1753 920 1809 in
935 1772 992 1828 qua
1006 1751 1153 1829 potuerint
1166 1752 1203 1811 ad
1217 1753 1306 1828 scrip-

100 1836 211 1894 tionem
226 1832 426 1910 Chirographi,
442 1841 471 1891 et
485 1834 656 1892 solutionem
671 1831 762 1890 debiti
776 1831 871 1890 adhuc
886 1832 1032 1908 obligari?

142 1915 181 1972 V.
193 1917 222 1972 4.
234 1913 301 1972 Non
307 1912 405 1988 quaeri,
413 1911 621 1971 Anhsbuerint
628 1911 825 1970 remissionem
831 1920 1013 1987 pcccatorum
1020 1918 1049 1969 et
1059 1910 1305 1988 justificationem,

100 2014 168 2072 que
178 1993 212 2052 fit
225 2000 342 2070 propter
355 1991 527 2050 solutionem
542 1999 608 2050 actu
622 1991 788 2068 prestitam,
801 1999 830 2049 et
840 2011 904 2067 quae
916 1991 1098 2068 conjunctam
1113 1990 1201 2048 habet
1215 1991 1306 2048 omni-

100 2073 218 2132 modam
232 2072 442 2130 immunitatsm
457 2071 691 2148 aChirographo,
707 2071 958 2128 annunciationem
972 2070 1102 2129 Justitire
1121 2069 1262 2146 adductae,
1278 2079 1308 2128 et

101 2153 205 2212 mortis
216 2151 323 2211 Christi
337 2150 373 2209 ad
388 2149 561 2210 deletionem
576 2151 711 2227 peccati?
740 2150 832 2208 Nemo
846 2150 923 2208 enim
937 2169 1044 2226 negare
1058 2158 1154 2227 potest
1174 2149 1230 2208 hoc
1244 2167 1307 2208 esse

100 2232 289 2310 privilegium
304 2231 382 2289 Novi
395 2231 573 2289 Testamenti
586 2229 722 2288 fidelibus
736 2230 891 2308 proprium,
902 2249 1024 2306 quorum
1038 2229 1216 2305 temporibus
1231 2229 1307 2287 soln-

100 2314 143 2372 tio
165 2323 232 2370 actu
252 2311 382 2388 praestita
403 2317 448 2368 cst
471 2330 523 2386 per
537 2309 692 2385 Christum,
713 2317 742 2367 ct
766 2309 893 2368 deletum
918 2309 947 2366 in
963 2308 1053 2367 Cruce
1069 2309 1307 2386 Chirographum,

101 2391 183 2470 quod
197 2391 281 2450 nobis
296 2399 357 2449 erat
370 2389 534 2448 adversum.
579 2389 637 2448 Sed
652 2389 756 2464 Queri,
773 2388 823 2446 An
843 2389 910 2448 talis
930 2388 1100 2466 justificatio
1122 2389 1183 2449 sola
1203 2409 1308 2447 nomen
1359 2413 1362 2418 ·

100 2481 247 2530 mereatur
259 2470 386 2540 ὶφίπυςῖ
427 2468 536 2527 Annon
557 2470 642 2528 ctiam
664 2489 699 2526 ea
719 2489 784 2546 quac
805 2488 941 2528 concessa
963 2468 1017 2527 fuit
1037 2469 1173 2527 Patribus
1193 2477 1310 2546 propter

101 2551 276 2612 solutionem
292 2549 398 2608 Christi
413 2559 492 2607 certo
505 2549 653 2608 futuram?
674 2548 758 2622 Quod
772 2548 977 2626 pertendimus.

144 2630 201 2688 VI.
223 2629 351 2704 Quaestio
366 2649 435 2705 ergo
450 2648 484 2686 eo
498 2629 581 2703 redit,
598 2628 645 2684 An
662 2628 716 2686 sub
728 2628 828 2711 Veteri
843 2628 1028 2687 Testamento
1040 2628 1081 2686 ita
1094 2627 1234 2686 translata
1248 2627 1309 2686 fuc-

101 2711 162 2769 rint
176 2709 206 2767 in
221 2709 367 2768 Christum
385 2709 558 2784 Sponsorem
572 2717 691 2784 peccata
707 2708 834 2782 Petrum,
850 2708 927 2766 utri
948 2707 1099 2766 solutionis
1114 2727 1166 2765 suo
1181 2715 1309 2783 tempore

101 2790 217 2864 suturae,
232 2809 329 2848 veram
346 2798 375 2848 et
388 2788 503 2866 plenam
524 2795 707 2866 peccatorum
729 2807 845 2846 suorum
867 2786 995 2844 omnium
1017 2786 1213 2844 remissionem
1236 2784 1309 2842 obti-

102 2869 229 2943 nuerint,
244 2877 274 2926 et
287 2888 325 2927 ex
339 2869 402 2946 ejus
417 2887 512 2942 sensu,
529 2868 554 2926 si
576 2887 634 2926 non
655 2868 742 2944 pleno
763 2874 792 2925 st
812 2866 948 2943 perlecto,
971 2873 1083 2923 atvero
1098 2874 1127 2922 et
1147 2865 1225 2937 reali,
1242 2882 1308 2922 con·

102 2949 255 3008 scientiam
270 2947 484 3024 tranquillatum
498 2947 605 3005 habere
618 2946 787 3024 portuerint,
803 2954 831 3003 et
846 2945 939 3003 solido
953 2943 1008 3001 frui
1023 2943 1151 3002 solatio?
1177 2943 1226 3000 An
1240 2962 1310 3000 vero

102 3027 297 3087 nonobstante
312 3027 419 3087 Christi
436 3027 604 3104 Sponsione,
622 3027 723 3084 Patres
737 3024 895 3082 manserint
915 3023 1009 3080 adhuc
1033 3022 1086 3080 sub
1108 3021 1310 3080 maledictione

103 3108 203 3185 Legis,
219 3115 249 3167 ct
263 3107 439 3166 conscientia
452 3106 572 3183 peccati,
588 3114 617 3164 et
631 3106 666 3163 de
681 3125 715 3163 eo
729 3103 867 3178 accusari,
883 3110 912 3160 et
927 3101 1032 3160 solutio
1047 3101 1084 3159 ab
1098 3101 1157 3159 illis
1171 3099 1309 3177 postulari

102 3207 219 3265 semper
231 3187 382 3264 potuerit?
409 3187 448 3244 Et
463 3186 487 3244 si
501 3185 632 3244 remissio
646 3184 718 3260 ipsis
732 3183 829 3259 aliqua
843 3201 980 3240 concessa
993 3179 1056 3256 suit,
1071 3180 1205 3238 habuerit
1224 3180 1309 3238 ratio·

102 3287 171 3326 nem
185 3266 308 3347 ragina
322 3266 426 3344 potius,
442 3285 529 3341 quam
543 3265 672 3334 stolum?
714 3263 798 3320 Prius
820 3261 983 3335 asserimus,
1000 3260 1149 3319 Posterius
1162 3279 1232 3318 vero
1247 3259 1310 3317 Viti

103 3347 193 3406 Docti
208 3367 273 3404 cum
288 3345 393 3424 quibus
407 3346 529 3422 agimus.

145 3427 220 3485 VII.
244 3426 286 3486 Ut
300 3426 376 3484 enim
391 3425 536 3482 Christum
554 3425 727 3500 Sponsorem
743 3431 853 3480 tantum
870 3419 1085 3497 Fidejussorem
1099 3418 1188 3477 fuisse
1199 3419 1310 3493 volunt,

102 3525 163 3564 non
179 3505 439 3583 Expromissorem‚
455 3513 488 3562 ut
502 3510 587 3561 antea
601 3503 719 3577 dictum,
735 3503 786 3580 qui
807 3502 847 3560 ita
868 3499 1055 3576 spoponderit
1077 3518 1128 3576 pro
1144 3499 1263 3574 Electis,
1278 3507 1311 3556 ut

102 3584 265 3643 manserint
281 3603 394 3660 semper
415 3582 545 3659 obligati,
562 3582 654 3641 donec
675 3582 781 3640 solutio
801 3588 877 3638 esset
899 3579 1044 3656 prestitu3
1068 3578 1115 3637 Ita
1137 3579 1312 3656 pertendunt

104 3665 209 3723 Patres
223 3663 312 3722 firissc
327 3662 421 3721 adhuc
436 3662 490 3720 sub
504 3669 586 3720 reatu
600 3670 629 3720 et
643 3661 686 3718 ira
701 3659 757 3718 Dei
772 3667 889 3736 propter
904 3657 1043 3717 Sacrificii
1065 3657 1218 3735 expiatorii
1239 3657 1307 3716 dila·

102 3745 223 3817 tionem,
235 3751 265 3801 et
277 3741 470 3819 permansisse
484 3761 575 3818 usque
590 3740 627 3798 ad
641 3747 762 3798 mortem
772 3739 879 3796 Christi
893 3737 1112 3797 satisfactorium
1127 3737 1181 3797 sub
1195 3757 1312 3796 execra-

102 3823 183 3882 tione
199 3821 289 3898 Legis
303 3828 332 3880 et
346 3821 521 3880 conscientia
535 3820 654 3898 peccati.
697 3820 759 3877 Nec
779 3818 914 3876 habuisse
929 3815 1014 3888 ἅφιπι
1028 3817 1142 3894 plenam
1158 3816 1268 3875 scilicet
1282 3825 1312 3873 et

101 3901 220 3980 proprie
230 3901 337 3960 dictam
347 3899 544 3958 remissionem
554 3909 745 3977 peccatorum,
761 3897 813 3955 sed
827 3897 936 3955 vixisse
951 3897 1005 3955 sub
1019 3897 1126 3974 vegim,
1138 3896 1311 3953 conniventia

102 3981 225 4056 scilicet,
238 3981 466 4052 dissimulatione,
478 3989 505 4038 et
512 3979 749 4055 praetermissione
758 3977 855 4054 potins
869 3996 955 4054 quarn
967 3976 1020 4034 sub
1036 3977 1120 4050 plena
1134 3973 1310 4032 remissione.

105 4061 186 4120 Hinc
200 4060 313 4118 nullum
328 4067 478 4136 peccatum
492 4059 606 4136 proprie
621 4058 772 4117 remissum
795 4075 859 4115 esse
881 4056 936 4114 sub
950 4055 1017 4114 Vet.
1033 4053 1112 4111 'lest
1128 4059 1266 4126 statuunt,
1282 4060 1312 4109 et

103 4139 305 4199 remissionem
311 4139 348 4197 ad
358 4140 385 4196 N
387 4158 433 4197 ov.
444 4138 523 4198 Test.
535 4138 685 4216 pertinere,
697 4146 726 4196 et
734 4135 872 4215 promitti,
882 4143 915 4194 ut
924 4154 983 4193 rem
995 4152 1052 4190 non
1063 4131 1150 4208 prisci
1165 4131 1310 4207 temporis,

103 4220 157 4279 sed
172 4219 348 4297 posterioris,
365 4219 404 4277 Et
415 4217 651 4295 justificationem
665 4217 790 4290 illorum,
807 4223 924 4293 propter
937 4211 1155 4290 imputationem
1169 4210 1313 4286 quandam

103 4299 227 4377 peccati,
243 4299 367 4374 stiram,
382 4318 468 4375 quem
484 4297 662 4374 operabatur,
679 4297 803 4373 speciem
817 4303 928 4353 tantum
943 4293 1063 4372 saetae
1077 4288 1221 4348 habuisse.

147 4379 241 4436 VIII.
264 4378 404 4452 Quamvis
418 4397 488 4436 vero
510 4397 568 4436 non
589 4395 729 4452 negemus
752 4375 906 4433 discrimen
929 4369 1114 4431 memorabile
1135 4367 1312 4426 intercedere

105 4460 184 4518 inter
198 4465 306 4516 statum
320 4457 448 4516 fideIIum
460 4456 576 4515 Veteris
590 4465 619 4514 et
634 4455 711 4514 Novi
726 4453 912 4526 Testamenti,
928 4450 1012 4527 quale
1027 4458 1072 4507 est
1085 4449 1160 4506 inter
1180 4446 1255 4504 filios
1269 4446 1311 4502 in·

106 4539 203 4598 lantes
218 4544 249 4595 et
261 4536 454 4610 minorennes,
465 4536 513 4611 qui
529 4535 582 4594 sub
593 4535 750 4594 Tutoribus
764 4543 793 4592 et
806 4531 975 4610 paedagogis
988 4528 1149 4585 retinentur
1161 4535 1190 4584 et
1204 4525 1314 4584 duriter

106 4622 279 4689 tractantur,
290 4623 319 4674 et
332 4615 449 4673 eosdem
464 4614 578 4674 adultos
593 4625 621 4673 et
635 4613 832 4690 emancipatos
846 4611 895 4687 qui
910 4618 938 4668 et
952 4607 1028 4666 bona
1042 4625 1095 4666 sua
1108 4613 1222 4680 norunt,
1235 4613 1264 4663 et
1278 4603 1316 4660 ad
1405 4651 1408 4658 .

106 4715 209 4753 corum
224 4713 309 4752 usum
324 4701 352 4752 ct
367 4693 530 4752 fruitionem
546 4695 665 4752 liberam
680 4692 879 4750 admittuntur.
922 4688 1005 4746 Licet
1023 4687 1109 4745 etiam
1124 4685 1315 4745 concedamus
