3108 5198
220 1169 651 1244 ussumrcnnrrssnus
680 1172 948 1248 uonrnrssrmrs,
978 1174 1301 1251 cousunrrssnsss,

475 1276 926 1344 sxcnnnnurrssrmsoun
950 1279 1063 1354 vrum,

186 1490 274 1582 nl).
301 1489 599 1609 consumet,
628 1492 1014 1612 proconsulum,
1042 1495 1349 1614 QAESTORIBHS,

595 1741 940 1817 nncurmcououo,

295 1845 470 1910 norroun
497 1845 677 1903 nueusro
706 1847 1014 1904 rnnnsrnrssnrm
1042 1849 1156 1905 censs
1183 1850 1232 1903 nr

414 1947 671 2007 remunerem
699 1952 910 2008 suenorum
938 1953 1115 2027 suuntur,

217 2055 391 2111 eneruem
414 2055 465 2109 nr
486 2054 620 2109 rncnm
640 2056 668 2110 A
687 2057 767 2112 ono
793 2057 869 2111 rnn
893 2057 1094 2113 cnmsrum
1117 2059 1325 2116 rnncnruu

492 2174 732 2229 FRANCISOUS
759 2175 1038 2231 TURRETFINUS.

218 2425 375 2490 quenes
390 2427 503 2501 omnia,
515 2447 583 2507 quae
610 2427 643 2489 in
654 2427 824 2492 Ecclesiam
834 2429 965 2492 contulit
987 2427 1081 2504 Deus,
1104 2429 1262 2509 beneficis,
1279 2431 1370 2493 Pno-

163 2523 652 2600 cnnssblnourrrcnurrsstmr‚
663 2526 779 2588 nullum
789 2526 921 2590 coelestis
930 2525 1083 2590 Veritatis
1093 2527 1182 2608 dono,
1194 2528 1275 2606 quod
1286 2529 1369 2590 Pau-

164 2621 214 2686 lus
230 2629 320 2694 καλὴν
340 2629 575 2706 παρακαταθήκη»
595 2631 694 2698 uocat,
710 2624 874 2702 pretiosius
894 2624 971 2698 deri,
997 2625 1173 2704 nullumque
1192 2624 1368 2704 impensiori

161 2720 266 2783 studio
282 2722 512 2796 asservandum,
524 2727 557 2784 et
567 2721 765 2784 excolendum
788 2742 864 2796 esse,
877 2722 959 2802 apud
973 2722 1045 2785 Pios
1062 2742 1167 2785 omnes
1184 2729 1233 2785 est
1248 2723 1281 2784 in
1296 2744 1367 2788 con·

162 2819 253 2882 sesso.
306 2819 416 2898 Atque
430 2839 467 2882 eo
481 2819 589 2901 magis,
606 2820 687 2898 quod
701 2819 848 2899 Princeps
871 2822 1081 2900 tenebrarum,
1108 2823 1234 2890 ἄσπονδος
1260 2821 1369 2885 salutis

162 2923 278 2980 nostrae
293 2917 402 2993 bostis,
428 2916 506 2980 nihil
520 2917 741 2980 uehementiori
763 2918 833 2979 odio
857 2925 1069 2997 prosequatur,
1096 2917 1233 2996 nihilque
1258 2919 1369 2998 majori

163 3015 322 3078 molimine
346 3035 543 3096 corrumpere
558 3021 591 3077 et
608 3015 697 3077 nobis
718 3015 838 3094 eripere
862 3021 995 3094 satagat.
1047 3013 1092 3074 Ut
1111 3033 1183 3076 uero
1198 3012 1369 3078 Veterator

164 3109 228 3193 ille,
253 3113 435 3175 vaferrimus
454 3113 544 3175 simul
561 3120 594 3176 et
608 3112 785 3192 acerrimus,
811 3112 944 3174 mendax
959 3117 991 3172 et
1006 3110 1159 3174 homicide
1173 3132 1192 3172 a
1207 3111 1368 3192 principio,

167 3209 283 3272 duabus
299 3210 360 3272 riis
376 3210 517 3290 inprimis
531 3217 691 3291 grassatur
705 3209 738 3271 in
754 3209 901 3273 Ecclesiae
919 3217 952 3272 et
969 3207 1133 3284 Veritatis,
1150 3231 1210 3289 quc
1226 3209 1280 3271 illa
1294 3210 1368 3273 niti-

165 3314 225 3382 tur,
254 3307 430 3388 pernioiem,
458 3306 502 3371 Vi
528 3315 562 3372 et
589 3307 678 3382 Dolo,
706 3308 778 3371 binc
809 3307 1088 3372 crudelissimorum
1119 3308 1368 3386 persecutionum

166 3412 252 3480 testu,
278 3405 352 3468 inde
369 3405 470 3469 fallaci
486 3405 702 3484 Sophisterum
724 3413 804 3486 astu,
830 3406 921 3469 modo
937 3405 1075 3468 Leonina
1088 3406 1203 3469 forocin
1229 3407 1368 3482 seviens,

163 3504 253 3566 modo
282 3504 463 3582 serpentina
490 3503 660 3567 calliditate
691 3509 724 3566 et
753 3503 906 3567 illecebris
937 3502 1120 3577 blandiens3
1162 3503 1208 3566 Ut
1237 3504 1369 3566 animam

166 3597 281 3662 Christi
297 3620 405 3665 recens
421 3602 500 3682 nati,
527 3621 583 3680 per
599 3621 749 3664 summum
765 3600 900 3664 Herodis
917 3601 1026 3676 scelus,
1053 3607 1086 3664 et
1102 3600 1223 3664 insidiis
1238 3608 1270 3663 et
1287 3603 1370 3664 ferro

164 3699 315 3778 petebat;
372 3697 424 3761 Ita
450 3699 566 3778 duplici
598 3719 751 3761 armorum
784 3719 896 3779 genere
924 3719 995 3762 suos
1023 3698 1174 3761 instruxit
1209 3697 1367 3773 Dominus,

164 3801 199 3856 ut
218 3795 318 3858 hostis
341 3796 550 3860 nocentissimi
577 3797 711 3876 impetus
739 3798 862 3860 fortiter
885 3797 1045 3872 sustinere,
1071 3803 1103 3858 et
1125 3795 1257 3859 feliciter
1277 3817 1370 3876 supe·

163 3911 231 3958 rnre
251 3900 377 3974 queant.
430 3893 592 3957 Adversus
616 3895 731 3957 suroris
752 3895 833 3958 ictus
857 3894 976 3974 Spiritu
996 3893 1116 3957 roboris
1136 3913 1187 3956 eos
1211 3893 1311 3967 unxit,
1338 3901 1369 3957 et

164 3992 346 4054 constantine
371 3991 494 4055 invictae
515 3999 636 4056 scutum
656 3992 818 4067 obtendit;
845 3992 894 4054 At
910 3999 1019 4056 contre
1040 3990 1256 4069 Sopbistarum
1281 3991 1370 4054 tech-

164 4107 227 4163 nae,
259 4097 292 4153 et
321 4097 496 4161 ἀπατητικοῢ
528 4099 612 4172 λόγου
639 4090 867 4162 veteratoriam,
896 4111 988 4170 quam
1021 4089 1134 4151 Paulas
1159 4095 1294 4163 μεθοὸείαν
1321 4097 1370 4161 τῆς

165 4193 270 4258 πλάνης
286 4187 461 4268 emphatico
479 4195 577 4262 uocet,
596 4186 695 4250 Verbi
711 4187 817 4250 Divini
834 4188 911 4263 luce,
937 4195 1084 4267 tanquam
1105 4185 1215 4250 Gladio
1234 4185 1370 4266 Spiritus

165 4284 300 4364 ancipiti,
327 4293 360 4348 et
392 4285 580 4362 acutissimo,
609 4285 741 4366 fideique
766 4286 993 4366 impenetrabili
1018 4284 1141 4366 Clypeo,
1164 4284 1204 4347 ad
1233 4283 1368 4363 Spiritus

163 4387 194 4444 et
208 4389 344 4458 δυνάμεως
360 4385 495 4463 ἀπόδειξιν
506 4403 558 4447 eos
576 4384 717 4466 armarit,
731 4384 842 4464 quibus
854 4384 918 4447 tela
932 4383 1031 4465 ignita
1044 4383 1167 4445 Sctcnae
1179 4382 1368 4458 extinguere,

163 4487 194 4541 et
203 4477 381 4545 Veritatem
396 4488 506 4544 contro
521 4480 645 4544 Diaboli
662 4482 848 4564 praestigios,
864 4488 897 4545 et
922 4481 1033 4546 Mundi
1049 4487 1155 4543 nutriar
1166 4485 1199 4540 et
1209 4483 1369 4555 πανουργίαν

161 4577 284 4643 fortiter
299 4599 439 4644 asserere
456 4579 584 4658 possint.
