3150 5206
112 355 228 408 QUAES'I'.
243 334 281 416 u]
528 353 566 392 us
581 353 713 394 russeus
728 355 765 394 nr
780 355 874 395 srsru
888 355 1014 396 crrnrsrr.
1258 345 1316 400 249

117 499 242 557 liberum
256 495 445 571 relinquimus
454 494 476 553 J
477 494 576 570 udeeis,
588 515 789 572 quamcunque
799 496 945 556 voluerint
955 496 1125 556 sententiam
1138 499 1219 576 sequi
1232 523 1239 559 :
1260 501 1322 560 Un⁴

119 579 271 653 docunque
291 595 362 632 vero
382 574 494 632 initium
510 574 629 634 istarum
644 576 866 652 septimanarum
880 577 1010 652 dueatur,
1026 578 1229 655 pertendimus,
1245 581 1324 656 quod

120 659 180 716 sole
201 655 361 714 meridiano
383 654 489 712 clarius
509 663 561 731 est,
577 674 626 714 eas
643 655 756 733 jamdiu
770 655 958 732 praeteriisse,
982 657 1042 715 Nec
1056 657 1103 716 hic
1118 678 1256 718 annorum
1271 660 1323 717 ali-

120 745 200 813 quot,
216 735 265 792 vel
286 735 376 792 seculi
399 734 554 792 discrimen
580 735 741 810 intercedit,
764 734 815 793 ssd
839 737 964 813 plurium
988 736 1158 796 seculorum.
1201 738 1325 798 Remota

121 835 191 893 crgo
212 835 230 872 a
243 813 367 873 ,cardina
389 813 598 872 Controversia
622 823 728 874 nostrae
749 816 908 891 quaestions
930 816 1162 893 Chronologica3
1185 818 1239 877 hoc
1260 827 1323 877 tan-

121 915 208 972 quam
231 902 389 953 certumst
409 892 603 953 indubitatum
623 893 805 953 retinendum
826 903 878 969 est,
901 894 1014 953 initium
1030 898 1194 972 ponendum
1217 918 1280 956 esse
1295 899 1325 956 iu
1367 929 1369 936 >

121 975 306 1054 promulgate
332 973 438 1050 populo
465 992 517 1050 per
539 973 643 1032 Edicta
668 974 783 1050 Regum
810 973 917 1032 Persiss
942 973 1081 1034 redeundi
1108 986 1137 1036 st
1162 977 1325 1035 aedificandi

122 1056 223 1114 urbem
245 1054 378 1111 libertate
392 1075 400 1127 ;
421 1052 508 1110 finem
530 1053 644 1111 veroin
660 1051 749 1112 Urbis
763 1052 885 1129 excidio,
908 1062 937 1112 et
956 1055 1056 1131 populi
1069 1064 1199 1115 extrema
1212 1057 1323 1115 desola-

121 1135 211 1194 tione.
255 1133 336 1191 Intra
356 1151 428 1208 quos
448 1132 586 1190 terminos
603 1132 718 1190 evenire
732 1151 849 1191 necesse
863 1133 918 1191 fuit
932 1135 1100 1210 omniaquae
1108 1136 1324 1213 hicprsedicun-

122 1225 178 1286 tur,
195 1221 258 1272 tum
271 1211 429 1270 adventum
444 1211 569 1286 Messias,
584 1220 646 1270 tum
666 1212 767 1270 urbem
782 1220 811 1270 et
825 1213 888 1288 ejus
901 1214 1137 1273 restaurationem
1152 1225 1181 1274 et
1191 1216 1325 1275 ultimum

122 1312 224 1354 casum
239 1291 405 1368 spectantia,
421 1292 557 1367 quaejam
571 1311 589 1349 a
602 1291 690 1368 longo
705 1300 832 1368 tempore
847 1292 1003 1368 contigisse
1017 1312 1063 1351 res
1077 1294 1140 1371 ipsa
1155 1295 1267 1354 clamat.

164 1371 296 1430 XXIII.
320 1371 379 1428 Nec
401 1370 474 1427 male
495 1371 542 1428 lric
563 1370 680 1447 quidam
699 1379 825 1446 censent,
841 1371 1007 1448 scrupulose
1021 1393 1080 1431 nou
1094 1373 1198 1433 debers
1212 1375 1326 1434 initium

122 1461 152 1512 et
166 1451 385 1528 finemfistarum
401 1449 631 1526 Septimanorum
645 1449 682 1508 ed
696 1459 805 1508 certum
819 1461 957 1527 punctum
968 1452 1016 1510 vel
1029 1455 1166 1529 temporis
1174 1454 1327 1513 articulum

123 1531 275 1608 restringi;
292 1530 343 1588 sed
355 1529 381 1588 ’a
395 1529 487 1588 sasso
497 1537 527 1587 et
541 1550 606 1588 cum
619 1528 744 1606 quadam
758 1529 910 1588 latitudine
923 1529 986 1588 haec
1004 1531 1193 1608 intelligenda
1207 1553 1279 1608 esse,
1293 1543 1328 1592 ut

123 1618 250 1688 quatuor
270 1609 372 1684 edicta,
388 1630 453 1686 quse
474 1609 542 1667 deta
563 1617 629 1668 sunt
643 1609 806 1666 successive
819 1629 871 1685 pro
886 1608 1051 1668 reductione
1067 1611 1172 1688 Populi
1186 1631 1223 1669 ex
1237 1614 1326 1688 capti·

123 1691 216 1749 vitate
231 1697 260 1748 et
273 1689 361 1748 Urbis
372 1688 579 1747 restauratione
587 1687 760 1764 complexim
771 1697 920 1746 sumantur
930 1697 960 1746 et
969 1687 1033 1747 loco
1043 1689 1127 1748 unius
1139 1701 1326 1766 censeantur;

124 1778 226 1848 utpote
247 1788 312 1826 cum
327 1769 485 1845 posteriora
499 1767 557 1826 sint
571 1767 662 1826 veluti
675 1767 936 1842 interpretamenta,
952 1776 981 1826 ct
994 1777 1027 1826 ut
1040 1767 1130 1846 vulgo
1145 1769 1252 1843 dicunt,
1268 1789 1327 1828 am-

124 1849 285 1926 pliamsnte
304 1847 415 1924 prioris,
431 1857 463 1905 ut
480 1856 579 1906 nostra
593 1855 663 1905 aetas
678 1853 722 1904 est
735 1846 811 1904 idern
826 1847 990 1923 expertein
1004 1847 1126 1906 diversis
1142 1848 1254 1908 Edictis
1270 1850 1327 1907 Re-

124 1927 245 2004 ligionis
266 1947 335 2003 ergo
356 1926 448 1984 factis.
491 1926 556 1984 Non
571 1927 668 2002 itaque
680 1933 747 1984 sunt
757 1925 846 1982 animi
860 1925 1005 1984 cruciandi
1021 1927 1115 1984 inutili
1129 1928 1235 2002 labore,
1251 1949 1329 2005 quas·

125 2006 218 2066 tendo
239 2014 377 2082 punctum
392 2006 509 2082 aliquod
523 2005 708 2078 indivisibile,
721 2004 751 2061 in
766 2025 823 2082 quo
837 2005 899 2063 baec
913 2005 1031 2082 impleta
1045 2006 1102 2064 siut
1117 2029 1124 2082 ;
1147 2027 1213 2065 cum
1227 2027 1285 2065 non
1299 2009 1329 2065 in

124 2095 234 2164 puncto
255 2085 362 2143 haerere
383 2105 436 2142 nos
458 2085 538 2143 Deus
559 2085 638 2160 velit,
662 2085 713 2142 ssd
733 2103 827 2142 rerum
842 2084 967 2161 ipsarum
982 2093 1128 2162 gestarum
1143 2095 1288 2145 momenta
1302 2096 1330 2146 et

127 2185 249 2243 corpora
263 2165 412 2240 respicere.
456 2164 498 2224 Ut
512 2184 580 2241 ergo
594 2164 642 2222 hic
655 2163 736 2221 varia
750 2164 836 2222 simul
847 2163 1000 2240 complecti
1013 2164 1114 2240 voluit,
1130 2185 1194 2242 quae
1204 2166 1330 2242 aliquam

125 2245 203 2304 inter
216 2264 247 2303 se
262 2245 469 2302 connexionem
484 2244 599 2318 habent,
614 2252 646 2302 ut
660 2263 717 2300 uno
732 2244 823 2302 veluti
837 2244 943 2302 iutuitu
957 2245 1047 2302 menti
1061 2254 1165 2303 nostrae
1175 2246 1330 2305 obversen-

125 2335 183 2398 tur,
198 2325 313 2382 Messiae
334 2323 444 2382 scilicet
465 2322 620 2382 adventum
635 2331 664 2381 et
678 2331 808 2398 mortem,
825 2322 914 2382 Urbis
928 2323 1115 2400 obsidionem,
1132 2333 1161 2383 et
1175 2325 1329 2400 excidium,

127 2402 243 2479 Templi
256 2402 488 2477 destructionem,
501 2411 530 2462 et
544 2403 638 2462 cultus
652 2402 673 2460 J
675 2401 770 2460 udaiei
782 2403 1007 2479 abrogationem,
1021 2403 1125 2480 Populi
1138 2405 1288 2482 angustias
1302 2415 1331 2465 et

127 2482 345 2558 desolationem,
367 2481 492 2558 aliquam
522 2481 659 2558 temporis
687 2481 868 2540 latitudinem
889 2483 1050 2542 necessario
1077 2485 1233 2560 postulant,
1255 2485 1331 2542 intra

128 2581 219 2640 quarn
233 2561 377 2638 implenda
389 2562 514 2622 fuerumt.
529 2619 532 2626 ,
557 2562 600 2621 Ut
613 2573 791 2638 quaecunque
805 2561 852 2618 hic
865 2563 1061 2639 praedicuutur
1074 2582 1092 2620 a
1105 2565 1200 2622 soluta
1210 2565 1330 2641 eaptivi-

126 2650 189 2700 tste
204 2648 234 2699 et
247 2641 378 2700 restituta
392 2641 509 2700 civitate
526 2640 564 2699 ad
577 2640 707 2718 ejusdem
720 2641 833 2700 ruinam
847 2650 876 2700 et
890 2642 1043 2718 excidium,
1059 2643 1134 2701 iutra
1149 2644 1332 2720 septuaginta

128 2723 251 2780 istarum
267 2721 496 2796 Septimauarum
510 2721 663 2780 terminum
679 2719 830 2779 debuerint
844 2723 1020 2798 contingere.

171 2800 297 2858 XXIV.
319 2800 426 2874 Judaei,
442 2801 492 2877 qui
512 2801 615 2859 misere
637 2819 667 2857 se
688 2808 824 2876 torquent
844 2800 874 2857 in
895 2798 1067 2859 declinando
1081 2801 1137 2860 isto
1151 2810 1330 2876 argumento,

128 2879 303 2956 confugiunt
311 2879 348 2937 ad
357 2879 569 2939 distinctionem
578 2879 772 2956 pradictionis
782 2879 942 2955 Absoluta,
953 2888 982 2938 et
991 2881 1020 2936 H
1023 2881 1204 2956 ypotheticae,
1215 2889 1247 2938 ut
1252 2899 1332 2956 pros-

130 2961 217 3019 dictio
231 2959 361 3017 Danielis
381 2962 415 3017 de
429 2962 550 3018 aduentu
576 2960 689 3017 Messias
701 2960 737 3016 sit
750 2960 932 3034 hypothetica,
947 2961 1067 3016 simodo
1076 2962 1200 3034 populus
1208 2959 1333 3034 peccatis
1368 2997 1369 3002 κ

129 3041 189 3099 sucis
210 3042 267 3114 ejas
288 3041 436 3097 adveutum
456 3060 512 3098 uon
531 3041 702 3114 retardaret,
715 3058 769 3113 per
787 3039 887 3114 populi
898 3047 991 3096 autem
999 3047 1119 3113 peccata
1132 3040 1243 3112 stetisse,
1258 3041 1335 3113 quod

130 3129 256 3195 tempore
276 3139 295 3176 α
309 3119 430 3176 Daniele
445 3119 637 3194 praenuntiato
657 3138 713 3176 uon
732 3117 845 3176 acuerit.
889 3116 947 3176 Sed
970 3119 996 3175 1.
1019 3117 1118 3176 Gratis
1136 3117 1192 3176 hoc
1206 3117 1333 3193 fingitur,

130 3219 186 3258 uec
206 3198 268 3256 ulla
288 3199 457 3275 cujusquam
478 3198 651 3257 conditionis
671 3197 701 3254 in
721 3196 776 3254 hoc
796 3196 928 3270 Oraculo,
943 3197 992 3254 vel
1012 3195 1089 3274 apud
1104 3197 1264 3273 Danielem,
1287 3197 1336 3255 vel

131 3277 211 3352 alibi,
229 3277 396 3336 tenuissima
409 3287 454 3336 est
468 3277 668 3337 subindicatio.
724 3281 752 3334 2.
767 3275 884 3334 Messias
898 3275 1040 3334 adventus
1054 3296 1092 3334 ex
1105 3296 1185 3335 mera
1199 3276 1292 3354 gratia
1305 3285 1335 3336 et

131 3356 330 3418 misericordia
345 3357 399 3415 Dei
421 3357 513 3432 fluxit,
529 3365 559 3416 et
579 3357 730 3434 primarius
751 3357 813 3433 ejus
835 3375 938 3433 scopus
959 3355 1013 3415 fuit
1033 3367 1215 3434 peccatorum
1236 3357 1336 3434 populi

133 3437 263 3510 abolitio,
279 3436 355 3495 unde
375 3437 448 3494 nihil
467 3457 532 3495 eum
547 3457 564 3494 a
578 3445 657 3513 parte
672 3436 818 3494 hominurn
833 3437 927 3512 potuit
940 3437 1085 3512 remoram,
1101 3445 1131 3496 et
1143 3437 1260 3496 minime
1275 3457 1335 3494 om·

134 3517 216 3575 nium
230 3524 389 3594 peccatum,
402 3536 465 3574 cum
478 3517 623 3575 adventus
637 3515 686 3574 ille
700 3516 875 3574 removendo
889 3525 919 3575 et
931 3515 1106 3576 destruendo
1120 3526 1238 3594 peceato
1252 3518 1336 3576 unice

134 3596 231 3656 aDeo
253 3595 413 3654 destinatus
433 3594 528 3654 fuerit.
570 3598 598 3654 3.
623 3595 654 3653 Si
674 3605 823 3672 peccatum
844 3595 962 3673 aliquod
983 3596 1140 3655 retardavit
1155 3597 1270 3656 Messias
1285 3597 1336 3655 ed·

134 3687 265 3751 ventum,
281 3673 381 3733 debuit
402 3675 520 3752 gravius
541 3694 604 3733 esse
626 3675 690 3734 aliis
711 3675 938 3752 quibuscunque,
954 3695 1018 3752 quas
1038 3685 1122 3734 antea
1136 3676 1262 3735 admissa
1276 3675 1337 3735 fus-

134 3765 218 3830 rant;
241 3753 293 3812 sed
306 3754 417 3812 nullum
432 3754 511 3813 aliud
525 3754 662 3813 delictum
689 3755 833 3832 peculiare
846 3755 929 3814 abiis
944 3755 1100 3815 admissum
1111 3756 1244 3832 legimus,
1260 3755 1338 3832 quod

134 3833 280 3913 prioribus
294 3853 391 3892 eorum
407 3833 563 3893 sceleribus
578 3834 823 3910 supereminusrit‚
839 3835 864 3892 si
878 3843 989 3893 reatum
1013 3835 1207 3894 crucifixionis
1222 3835 1338 3892 Messias

135 3913 275 3992 excipias,
291 3933 376 3990 quem
391 3913 433 3971 illi
448 3922 556 3990 negant
569 3922 717 3990 peccatum
729 3912 826 3972 fuisse.
870 3914 929 3973 Sub
944 3915 1051 3992 templo
1065 3915 1152 3992 priori
1166 3912 1337 3986 idololatris,

135 3992 301 4066 homicidia,
317 3993 467 4068 adulteria,
479 4002 509 4051 et
519 4013 603 4050 omne
618 4012 710 4068 genus
721 3993 956 4068 gravissimorum
971 4003 1151 4070 peccatorum
1168 3991 1338 4068 grassaban-

135 4085 184 4134 tur
197 4073 228 4131 in
241 4072 357 4149 populo,
374 4073 495 4131 testibus
510 4072 670 4149 Prophetis,
687 4072 792 4148 quibus
801 4073 1042 4132 nonobstantibus
1050 4071 1202 4148 promissio
1213 4069 1248 4128 de
1260 4071 1339 4128 Mss-

135 4154 187 4213 siae
198 4152 326 4211 adventu
337 4151 413 4210 facta
423 4160 479 4210 est.
521 4151 564 4210 At
577 4161 643 4230 post
656 4160 769 4228 tempus
784 4151 899 4210 Messiae
914 4152 1052 4210 adventui
1062 4150 1233 4228 prsefinitum
1249 4148 1339 4207 idolo-

135 4233 223 4293 latria
236 4233 371 4290 intereos
386 4231 519 4306 cassavit,
534 4240 564 4290 st
582 4251 620 4290 ex
633 4231 698 4288 aliis
713 4230 869 4290 sceleribus
882 4239 987 4308 preter
999 4229 1173 4288 obstinatam
1187 4227 1339 4286 inereduli-
1384 4293 1387 4302 Ι

136 4321 236 4387 tatem,
260 4331 346 4388 quam
375 4311 430 4387 ipsi
454 4331 513 4369 non
537 4319 706 4388 agnoscunt,
732 4329 816 4369 nemo
840 4311 911 4388 ipsis
934 4311 1056 4386 imputat
1079 4308 1232 4385 quicquam
1255 4327 1341 4383 supra

136 4391 330 4470 praecedentia
343 4399 470 4467 peccata.
513 4390 599 4450 Unde
613 4391 687 4448 ratio
699 4390 767 4448 hine
777 4390 837 4466 peti
851 4411 909 4448 non
923 4395 1018 4465 potest
1032 4388 1115 4445 istius
1129 4385 1285 4444 dilationis.

179 4471 288 4530 XXV.
311 4469 372 4528 Nec
387 4470 532 4528 cavillatio
546 4469 716 4529 Judaeorum
730 4470 777 4528 hic
791 4470 887 4528 locum
907 4467 1012 4526 habere
1027 4473 1129 4542 potest,
1145 4468 1222 4541 quod
1240 4485 1340 4524 reuera

135 4561 256 4628 propter
271 4559 392 4625 peccata
411 4569 464 4606 sua
477 4550 626 4624 patebatur
639 4551 753 4608 exilium
767 4551 871 4608 duriam
885 4557 911 4608 et
924 4549 1094 4620 dammum,
1109 4549 1160 4604 sed
1172 4547 1340 4624 qoodfinem

139 4633 253 4691 tandem
274 4629 432 4688 taciturum
453 4629 495 4703 sit,
517 4651 573 4688 noa
589 4649 665 4688 semes
679 4649 713 4688 ac
727 4631 872 4706 captivitas
886 4627 1068 4705 Babylonica.
1111 4625 1263 4702 Namque
1278 4633 1340 4684 tau·
