3146 5210
109 357 225 407 aumas.
241 335 298 416 nu]
531 355 569 394 nn
585 355 753 398 vocaurous
768 355 806 396 ur
820 357 898 397 rins.
1256 339 1315 396 465

107 519 165 557 usu
178 496 298 556 rationis
313 496 427 574 polleat,
444 497 505 556 sine
519 497 579 556 ulla
592 499 730 575 peculiari
746 499 912 558 immediata
932 497 980 556 vel
995 497 1107 556 interna
1121 497 1194 556 lucis
1209 498 1314 556 collus·

107 578 242 654 tratione,
258 577 392 635 facillime
407 577 567 655 intelligere
583 587 611 637 et
624 579 770 656 percipere
787 599 885 638 omnes
902 579 1057 656 Scripturas
1079 597 1189 652 sensus,
1205 578 1255 653 qui
1276 577 1313 636 ad

107 658 233 716 salutern
247 657 401 716 necessarii
412 667 479 716 sunt
494 658 576 732 scitu,
593 659 712 732 creditu,
729 668 852 736 speratu,
868 661 916 718 vel
932 655 1037 717 iactu.'’

150 738 276 796 XXVI.
299 737 352 796 Cui
367 738 453 796 errori
467 738 709 814 periculosissimo
723 749 755 798 ut
770 748 921 798 occurrant
935 739 1045 812 Patres,
1058 736 1099 794 sic
1113 736 1231 796 modum
1246 757 1312 815 ope·

107 819 229 877 rationis
239 819 347 877 Gratiae
359 819 512 895 explicant,
529 819 582 876 Th.
598 819 638 877 xi.
649 826 678 877 et
691 818 752 894 xii,
766 820 931 878 “Caeterum
944 818 1059 896 quando
1072 818 1153 876 Deus
1162 819 1217 876 hoc
1229 837 1312 876 suum

106 897 319 976 beneplacitum
331 897 360 954 iu
375 899 485 957 Electis
499 899 659 974 exequitur,
675 919 727 957 seu
740 919 839 958 veram
850 900 926 958 iniis
937 899 1154 958 conversionem
1169 906 1311 975 operatur,

106 997 167 1036 uon
188 987 299 1037 tantum
321 978 514 1055 Evangelium
536 979 594 1036 illis
615 987 733 1038 externe
754 980 903 1057 praedicari
919 987 1008 1054 curat,
1024 987 1053 1038 et
1068 988 1192 1037 mentem
1213 998 1312 1037 eorum

102 1077 158 1135 per
173 1058 312 1136 Spiritum
329 1058 465 1117 Sanctum
480 1067 612 1135 potenter
626 1059 777 1136 illuminat,
794 1069 826 1118 ut
840 1068 916 1119 recte
930 1059 1096 1136 intelligant
1110 1066 1139 1117 et
1152 1058 1313 1135 dijudicent

102 1157 170 1214 quae
186 1146 254 1196 sunt
270 1137 394 1214 Spiritus
410 1139 474 1213 Dei,
486 1139 537 1197 sod
546 1139 675 1216 ejusdem
687 1139 773 1197 etiam
787 1140 910 1217 Spiritus
925 1139 1122 1217 regenerantis
1136 1139 1262 1197 efficacia
1275 1139 1313 1197 ad

102 1217 207 1276 intima
220 1219 346 1275 hominis
360 1227 499 1294 penetrat,
515 1238 565 1276 cor
578 1219 708 1278 clausurn
729 1221 828 1297 aperit,
852 1220 954 1278 durum
969 1220 1087 1295 emollit,
1111 1220 1312 1297 praeputiatum

103 1298 295 1374 circumcidit,
311 1298 511 1375 voluntatique
520 1318 611 1356 novas
625 1299 779 1376 qualitates
793 1299 926 1376 iufundit,
938 1299 1063 1376 facitque
1075 1319 1185 1358 eamex
1199 1309 1312 1360 mortua

102 1379 213 1452 vivam,
229 1398 268 1435 ex
281 1377 357 1436 mala
371 1378 485 1453 bonam,
502 1399 539 1437 ex
554 1380 669 1438 nolente
688 1379 842 1454 volentem,
859 1379 977 1457 agitque
999 1387 1028 1438 et
1048 1379 1164 1438 roborat
1185 1399 1257 1453 eam,
1281 1390 1312 1440 ut

103 1479 158 1516 ceu
173 1458 260 1517 arbor
273 1458 350 1516 bona
363 1458 473 1517 fructus
487 1459 628 1517 bonarum
642 1459 787 1518 actionum
801 1460 928 1537 proferre
942 1461 1042 1536 possit.
1086 1459 1185 1536 Atque
1204 1469 1248 1519 est
1262 1461 1312 1519 illa

103 1547 255 1615 tantopere
277 1538 308 1596 in
334 1538 489 1616 Scripturis
511 1539 667 1616 predicata
681 1541 868 1617 regeneratio,
892 1559 969 1599 nova
992 1539 1107 1613 creatio,
1132 1540 1280 1598 suscitatio
1295 1563 1312 1598 a

104 1619 268 1694 mortuis,ct
277 1617 443 1692 vivificatio,
455 1621 623 1695 qnamDeus
635 1619 696 1678 siue
707 1620 791 1678 nobis
803 1621 832 1678 in
843 1620 927 1678 nobis
937 1619 1100 1697 operatur,’'
1113 1625 1160 1676 &a
1178 1621 1216 1677 Et
1225 1620 1256 1676 in
1267 1640 1309 1678 re-

98 1699 229 1776 jectione
239 1699 385 1773 Errorum,
398 1698 451 1756 Th.
465 1701 512 1774 vi,
523 1700 658 1776 Synodus
670 1699 787 1758 damnat
797 1721 854 1772 eos,
868 1701 917 1776 qui
926 1700 1031 1759 docent
1044 1700 1097 1756 “in
1108 1700 1311 1758 verahominis

101 1778 301 1851 conversione,
318 1798 375 1836 non
390 1797 474 1855 posse
494 1799 584 1838 novas
606 1781 768 1857 qualitates,
790 1781 915 1854 habitus,
932 1800 983 1838 seu
997 1779 1073 1837 dona
1086 1779 1117 1837 iu
1131 1779 1311 1838 voluntatem

101 1858 171 1933 ejus
185 1879 202 1915 a
217 1858 279 1915 Deo
293 1858 414 1934 infundi,
430 1867 516 1936 atque
530 1858 603 1918 adeo
617 1859 712 1932 fidem,
728 1880 785 1936 qua
799 1861 923 1937 primum
938 1859 1140 1934 convertimur,
1163 1868 1191 1918 et
1215 1880 1233 1916 a
1255 1880 1313 1937 qua

105 1937 208 1996 fideles
222 1939 408 2013 nominamur,
434 1958 492 1996 non
515 1959 578 1997 csse
603 1941 770 2017 qualitatem
786 1960 836 1998 seu
851 1940 959 1998 donum
977 1960 995 1997 a
1011 1940 1073 1997 Deo
1098 1939 1233 2012 infusum,
1260 1941 1312 1998 sed

103 2025 218 2075 tantum
232 2026 326 2076 aetum
339 2019 473 2094 hominis,
493 2039 587 2096 neque
608 2020 691 2078 aliter
711 2019 818 2078 donum
834 2020 891 2078 dici
905 2039 998 2097 posse,
1013 2039 1099 2096 quarn
1114 2029 1245 2097 respectu
1261 2041 1310 2098 po·

104 2097 219 2156 testatis
233 2097 270 2155 ad
280 2098 375 2175 ipsum
389 2099 586 2176 perveniendi.
630 2100 838 2159 Contradieunt
848 2101 925 2158 enim
940 2100 1001 2158 haec
1016 2100 1105 2158 sacris
1116 2100 1229 2174 Literis,
1245 2121 1310 2178 quae

102 2185 248 2236 testentur
262 2179 357 2236 Deum
371 2198 463 2237 novas
476 2179 631 2256 qualitates
644 2179 721 2254 fidei,
737 2180 908 2240 obedientia
919 2201 953 2239 ec
968 2199 1069 2239 sensus
1078 2180 1185 2239 amoris
1194 2181 1239 2238 sui
1248 2202 1310 2239 cor-

102 2257 191 2317 dibus
204 2259 310 2316 nostris
324 2258 483 2334 infundere,
499 2259 562 2318 Jer.
577 2260 661 2317 xxxi.
677 2263 732 2336 33;
757 2260 814 2319 Ian.
830 2261 901 2318 xliv.
924 2264 959 2336 33
984 2261 1103 2319 Romv.
1119 2258 1166 2318 5.’'
1207 2261 1246 2319 Et
1254 2262 1308 2320 Th.

102 2338 166 2412 vii,
184 2339 309 2396 Damnat
324 2339 436 2416 eosqui
460 2339 565 2398 docent
591 2340 750 2399 “Gratiam
775 2361 832 2418 qua
855 2342 1049 2400 convertimur
1062 2340 1099 2399 ad
1115 2341 1219 2417 Deum,
1239 2342 1310 2400 nihil

101 2417 271 2492 aliudesse,
287 2437 372 2495 quam
393 2418 489 2477 lenem
517 2420 688 2496 suasionem,
713 2440 764 2480 seu
788 2430 820 2480 ut
843 2421 892 2479 alii
914 2422 1069 2499 explicant,
1098 2421 1309 2480 nobilissimum

101 2497 212 2574 agendi
226 2497 342 2556 modum
356 2499 386 2557 in
398 2499 593 2559 Conuersione
607 2501 741 2576 hominis,
757 2509 786 2560 et
800 2509 909 2560 naturae
928 2501 1061 2560 humanae
1073 2501 1310 2560 convenientissi-

101 2597 192 2652 mum,
217 2596 281 2655 quae
305 2579 356 2636 fiat
380 2579 572 2656 suasionibus,
588 2581 717 2657 nihilque
732 2581 846 2641 obstare
861 2583 1015 2659 quominus
1040 2580 1088 2639 vel
1106 2581 1168 2639 sola
1192 2583 1309 2641 moralis

99 2658 198 2736 gratia
221 2658 352 2717 homines
373 2659 512 2718 animales
533 2660 635 2719 reddat
658 2662 838 2738 spirituales;
860 2663 918 2720 imo
941 2662 1036 2720 Deum
1053 2681 1111 2719 non
1125 2661 1209 2718 aliter
1223 2681 1309 2737 quam

98 2738 205 2796 morali
220 2738 329 2797 ratione
344 2758 516 2798 consensum
529 2741 688 2799 voluntatis
697 2741 862 2818 producere,
878 2751 964 2817 atque
979 2741 1008 2798 in
1023 2759 1056 2798 eo
1072 2740 1228 2798 consistere
1243 2761 1309 2817 ope-

101 2819 223 2876 rationis
246 2818 353 2877 divinae
374 2819 538 2895 efficaciam,
554 2839 618 2897 quae
645 2821 759 2879 Satanae
782 2822 976 2898 operationem
992 2827 1115 2897 superat,
1136 2818 1214 2896 quod
1230 2820 1310 2879 Deus

100 2905 210 2957 aeterna
223 2899 308 2974 bona,
326 2899 415 2958 Satan
429 2909 524 2958 autern
546 2901 715 2977 temporalia
728 2901 885 2978 promittat.
928 2899 1051 2959 Omnino
1066 2899 1142 2956 enim
1155 2898 1210 2957 hoc
1226 2899 1308 2958 Pela-

103 2979 222 3055 gianum
244 2987 296 3054 est,
322 2987 351 3038 et
371 2979 514 3038 universae
531 2981 685 3057 Scriptura
707 2981 889 3054 contrarium,
912 2999 976 3056 quae
997 2987 1102 3055 praeter
1121 2979 1206 3053 hunc,
1222 2980 1309 3037 etiam

102 3057 194 3115 alium
208 3066 236 3117 et
249 3059 336 3136 longe
351 3059 538 3118 efficaciorem
550 3069 579 3119 et
593 3059 763 3118 diviniorem
780 3059 903 3136 Spiritus
921 3061 949 3117 S.
965 3058 1070 3134 agendi
1082 3057 1198 3116 modum
1213 3059 1243 3115 in
1257 3060 1308 3118 ho-

102 3136 191 3195 minis
212 3141 397 3199 conversione
419 3141 559 3216 agnoscit,
592 3141 677 3198 Ezec.
702 3140 807 3198 xxxvi.
831 3142 878 3215 26,
903 3138 986 3196 Dabo
1006 3137 1091 3196 vobis
1113 3157 1164 3197 cor
1190 3158 1307 3216 novum,

103 3225 135 3276 et
149 3217 280 3294 spiritum
294 3237 402 3278 novum
417 3220 492 3279 dabo
506 3221 537 3278 in
550 3219 646 3278 medio
660 3220 780 3279 vestri.’'

146 3297 289 3358 XXVII.
311 3299 404 3374 Quam
416 3301 588 3360 sententiam
597 3300 735 3359 Calvinus
750 3308 850 3359 contra
861 3299 998 3378 Pighium
1013 3299 1049 3357 de
1061 3299 1126 3358 Lib.
1141 3298 1237 3358 Arbit.
1249 3300 1307 3360 dis·

101 3386 208 3456 putans
219 3399 277 3438 non
293 3381 383 3439 semel
396 3380 550 3440 adstruxit.
594 3381 636 3440 Ut
653 3381 729 3439 enim
751 3381 805 3439 iste
827 3399 892 3440 cum
915 3379 1034 3458 Pelagio
1054 3400 1113 3438 non
1134 3380 1191 3438 alia
1214 3381 1310 3441 media

100 3459 298 3518 conversionis
318 3468 425 3519 nostrae
445 3481 532 3538 quam
547 3469 667 3520 externa
681 3469 709 3520 et
724 3461 869 3538 objectiva
882 3459 1066 3538 agnoscebat,
1083 3459 1138 3518 Ille
1153 3469 1252 3520 contra
1265 3463 1308 3521 bi-

101 3539 203 3598 fariam
232 3540 327 3598 Dcum
350 3542 461 3618 operari
489 3541 519 3598 in
544 3541 654 3600 Electis
682 3542 791 3617 statuit,
817 3544 926 3601 “extra
940 3561 991 3620 per
1005 3541 1143 3616 Verbum,
1167 3541 1245 3600 intus
1259 3563 1310 3620 per

102 3619 273 3698 Spiritum,''
289 3619 327 3677 ed
340 3619 391 3678 lib.
406 3620 445 3679 iv.
457 3641 485 3699 p.
501 3624 569 3679 252.
614 3621 753 3698 “Spiritu
767 3630 879 3681 mentes
892 3621 1091 3696 illuminando,
1105 3622 1191 3680 corda
1200 3621 1238 3680 ad
1245 3623 1308 3700 jus-

99 3701 172 3759 titiae
187 3719 314 3758 amorem
329 3700 496 3778 cultumque
510 3700 668 3776 formando,
684 3710 717 3760 ut
727 3722 811 3760 novae
822 3709 960 3761 creatura
971 3701 1058 3777 fieut;
1081 3701 1180 3761 Verbo
1194 3702 1232 3759 ad
1243 3723 1309 3761 ean-

99 3780 167 3838 dem
182 3779 399 3839 renovationem
415 3781 614 3860 expetendam,
631 3783 823 3858 quaerendam,
839 3783 1047 3860 assequendam
1063 3781 1246 3840 excitando.'’
1269 3783 1309 3840 Et

98 3878 165 3917 cum
180 3857 327 3917 attulisset
340 3860 530 3937 objectionem
546 3862 651 3939 Pighii,
664 3882 721 3939 qua
732 3881 762 3921 se
774 3863 932 3940 constringi
951 3871 981 3921 et
994 3862 1031 3919 ad
1053 3861 1308 3919 contradictionem

99 3936 182 4012 adigi
195 3936 334 4013 putabat:
354 3939 487 3999 nimirum
503 3941 581 4018 quod
596 3945 614 3974 “
626 3951 676 4001 aut
689 3942 812 4019 Spiritus
827 3945 939 4001 actione
953 3942 1031 4018 prior
1044 3949 1121 3998 esset
1132 3939 1220 3996 Verbi
1236 3959 1309 4016 prae·

100 4015 218 4091 dicatio,
235 4023 285 4074 aut
307 4020 464 4096 posterior;
490 4021 655 4080 Secundum
676 4023 731 4080 boc
746 4022 887 4081 aratione
908 4023 1123 4079 dissentaneum
1145 4038 1216 4090 esse,
1239 4020 1308 4094 quia

99 4095 209 4153 frustra
223 4105 384 4170 quaererent
395 4108 424 4157 et
434 4109 600 4177 appeterent
611 4102 856 4178 regenerationem
872 4100 979 4172 fideles,
991 4119 1077 4174 quam
1087 4099 1148 4173 jam
1160 4100 1307 4182 consecuti

100 4181 218 4248 cssent;
243 4175 372 4233 Priorem
391 4197 460 4237 vero
475 4199 546 4256 esse,
560 4181 696 4240 doctrinae
707 4202 779 4240 meae
790 4202 848 4240 non
857 4179 1019 4252 convenire,
1032 4177 1081 4252 qui
1093 4177 1237 4235 bominem
1252 4180 1306 4237 snb

98 4262 211 4312 nnana
226 4261 371 4314 vetustate
385 4277 421 4316 ne
433 4267 566 4336 appetere
576 4262 692 4338 quidem
701 4262 809 4320 bonum
818 4281 902 4339 posse
911 4257 1090 4317 traderem?”
1108 4257 1197 4333 “Ego
1206 4260 1306 4334 ver0,''

97 4334 204 4411 inquit,
222 4334 416 4411 “respondeo,
442 4337 576 4399 fidelibus
600 4341 660 4417 jarn
689 4341 865 4418 regeneratis
888 4337 1037 4417 praedicari
1053 4335 1193 4411 Verbum,
1219 4336 1306 4414 idque

97 4414 255 4474 efficaciter
263 4422 292 4473 et
301 4434 366 4473 cum
375 4416 477 4494 fructu,
488 4439 546 4478 non
554 4429 587 4478 ut
596 4431 749 4480 nascantur
757 4441 840 4481 nova
851 4429 995 4492 creatura,
1007 4417 1058 4475 sed
1069 4425 1101 4475 ut
1112 4427 1268 4493 augescant
1278 4427 1307 4478 et

96 4495 297 4554 adolescant.”
320 4495 359 4554 Et
368 4507 476 4573 postea,
490 4499 623 4558 “Paulus
632 4502 699 4559 dum
710 4502 765 4560 sibi
777 4501 959 4560 commissum
969 4517 1032 4555 esse
1046 4497 1169 4574 Spiritus
1178 4497 1306 4556 ministe-

96 4576 172 4634 rium
185 4575 334 4653 gloriatur,
350 4597 407 4636 uno
423 4579 511 4637 verbo
526 4579 587 4637 haee
598 4581 656 4639 duo
677 4582 752 4640 inter
767 4602 796 4640 se
811 4581 953 4653 conciliat,
969 4578 1081 4654 etquid
1097 4577 1151 4634 sibi
1166 4578 1221 4635 hoc
1234 4579 1307 4638 velit

97 4657 247 4716 declarat:
281 4655 391 4736 Nempe
406 4659 483 4736 quod
498 4658 650 4720 efficaciter
664 4661 808 4739 insculpat
824 4662 903 4719 Deus
926 4657 1075 4717 hominurn
1099 4657 1233 4717 cordibus
1255 4679 1306 4738 per

179 4755 254 4794 raas
269 4753 300 4793 11.
1092 4743 1145 4798 ‘lu
