3152 5198
266 295 327 355 592
681 315 775 356 rocus
789 312 922 355 arctans
937 315 1058 355 sextus,
1282 297 1424 375 [eumer.
1439 311 1493 356 ru.

266 457 477 515 strumentalis.
521 454 547 512 1.
570 456 650 524 Quia
663 456 800 531 proprius
813 459 875 529 ejus
889 463 973 514 actus
987 455 1121 512 consistit
1131 455 1162 510 in
1175 454 1348 528 receptione
1362 455 1490 527 Christi,

265 543 295 592 et
317 535 382 608 ejus
402 534 595 609 justitient
619 553 709 608 snpra
733 533 853 590 dictum.
895 535 922 592 2.
947 533 1027 600 eria
1050 552 1111 590 non
1125 533 1185 590 alio
1207 533 1300 589 modo
1321 533 1489 605 justificat,

265 631 356 687 quam
378 631 439 688 quo
452 613 549 670 tendit
567 613 597 668 in
618 621 744 670 mortem
758 619 788 668 et
801 611 999 669 obedientiam
1015 609 1131 681 Christi,
1146 611 1291 666 nimirum
1311 614 1489 684 apprehen-

180 709 190 727 ·
265 691 364 748 dendo
392 699 422 747 et
445 691 502 748 sibi
528 691 705 766 applicando
719 689 889 760 ¹Christum,
911 697 945 748 ut
965 699 1097 762 aaziae„
1120 708 1174 763 pro
1196 689 1284 745 nobis
1308 689 1436 758 datum,
1457 701 1486 746 et

264 778 361 836 {saepti
375 787 430 844 pro
444 769 578 844 peccetis,
595 769 610 825 l
625 767 646 824 J
648 769 697 824 oh.
712 767 741 824 ii.
764 768 791 824 2.
833 767 860 824 3.
877 767 958 834 Quia
977 770 1050 826 fides
1069 767 1099 823 in
1122 767 1276 840 Scriptura
1297 767 1488 825 describitur

263 864 316 920 per
330 847 588 916 manducationem,
601 846 743 914 intuitum,
759 852 788 901 et
802 857 972 916 contactum,
988 866 1054 921 quae
1069 845 1273 902 causalitatem
1288 851 1418 901 tantum
1441 847 1487 902 in·

266 927 490 982 strumentalem
505 925 623 993 habent,
638 941 698 978 non
712 923 863 996 propriam
875 925 1069 994 efficientiam,
1081 930 1116 980 ut
1128 941 1189 978 non
1204 922 1332 978 sanabat
1346 923 1485 980 intuitus

264 1003 408 1076 serpentis
421 1021 474 1076 per
487 1019 526 1071 se,
541 1003 592 1058 sed
606 1000 698 1056 relate
713 1001 751 1056 ad
766 1009 931 1076 serpentem
952 1021 1078 1072 ancum,
1093 1019 1146 1056 nec
1166 999 1365 1056 manducatio
1380 1002 1483 1058 nutrit

264 1080 321 1136 nisi
334 1097 387 1154 per
400 1081 499 1136 cibum
513 1078 560 1134 ori
572 1079 731 1152 ingestum.
773 1079 801 1134 4.
824 1079 904 1146 Quia
917 1098 977 1136 nou
995 1080 1082 1136 aliter
1101 1079 1174 1135 fides
1189 1077 1363 1151 justificans
1378 1097 1412 1135 se
1428 1081 1480 1136 bs·

261 1156 311 1212 bet
334 1158 373 1214 ad
390 1155 642 1230 justificationem,
664 1174 755 1229 quam
775 1157 848 1213 fides
868 1157 1082 1214 miraculorum
1103 1157 1140 1212 ad
1161 1155 1365 1230 patrationem
1388 1159 1481 1214 mira-

261 1233 408 1304 culorum,
423 1253 483 1290 non
498 1235 630 1292 effective
645 1234 697 1291 sed
711 1234 858 1308 organice,
873 1235 1122 1310 apprehendendo
1137 1233 1367 1309 promissionem
1382 1235 1478 1309 speci-

260 1310 338 1366 alem
353 1313 389 1367 de
404 1311 462 1368 illis
476 1313 586 1370 datam.

301 1387 393 1448 XIX.
405 1389 477 1447 Non
492 1391 554 1448 siue
568 1391 683 1448 ratione
704 1397 804 1448 autem
816 1392 897 1449 fideli
919 1394 976 1450 hoc
995 1411 1056 1468 prce
1078 1389 1189 1450 caeteris
1213 1389 1378 1458 tribuitur3
1401 1392 1475 1465 quia

261 1468 325 1525 sola
339 1487 376 1525 ex
390 1467 528 1526 omnibus
542 1469 702 1526 virtutibus
726 1476 822 1542 potest
835 1471 993 1527 subsistere
1007 1490 1075 1528 cum
1090 1469 1195 1543 gratia,
1210 1473 1317 1542 utpote
1332 1487 1402 1542 quae
1418 1471 1476 1526 sita

263 1544 353 1603 estin
367 1565 448 1604 mera
471 1547 638 1621 receptione
658 1554 688 1604 ct
710 1547 942 1621 apprehensione
962 1549 1069 1622 objecti
1091 1555 1175 1604 extra
1196 1563 1226 1602 se
1248 1545 1356 1620 positi;
1382 1545 1473 1603 Unde

259 1625 368 1682 dicitur
381 1643 444 1681 esse
459 1645 491 1681 cc
498 1627 570 1702 side,
585 1635 618 1682 ut
631 1625 730 1700 sitpcr
740 1627 875 1700 pretinm,
891 1625 978 1683 Ilum.
993 1627 1032 1682 ir.
1051 1627 1097 1696 16,
1111 1625 1182 1680 nim.
1197 1628 1233 1679 ut
1256 1625 1349 1680 horno
1372 1633 1474 1682 totum

260 1704 318 1760 hoc
331 1701 505 1758 beneficium
520 1703 585 1761 Deo
600 1709 753 1778 acceptum
773 1703 890 1772 reserat,
911 1706 1028 1762 nullam
1042 1713 1144 1761 autem
1167 1701 1198 1756 in
1213 1720 1243 1758 sc
1257 1701 1411 1775 gloriandi
1426 1721 1474 1760 ra-

260 1780 372 1837 tionem
386 1781 503 1838 habeat.
545 1781 627 1838 Nam
641 1781 664 1838 si
678 1799 730 1856 per
744 1799 836 1855 opera
849 1784 897 1839 vel
917 1782 1063 1855 justitiam
1077 1781 1272 1837 inhaerentem
1287 1779 1475 1852 justificare-

259 1864 318 1928 tur,
334 1857 484 1914 videretur
497 1860 605 1916 habere
619 1861 651 1916 iu
665 1877 726 1933 quo
737 1859 923 1933 gloriaretur,
936 1861 986 1916 sed
1001 1879 1096 1934 quum
1109 1858 1263 1932 perfidem
1274 1857 1471 1930 justificatur,

258 1954 326 2010 quae
341 1934 417 1991 nihil
431 1937 484 1992 dat
497 1937 571 2007 Deo,
586 1938 636 1994 sed
652 1944 770 1993 tanturn
784 1937 895 2012 recipit,
911 1938 1006 1994 omnis
1021 1937 1189 1994 excluditur
1201 1932 1351 2008 gloriatio.
1376 1936 1472 2001 Quod

259 2011 382 2070 Tolerus
396 2013 427 2070 in
442 2013 469 2084 3,
485 2013 572 2072 Rom.
589 2015 671 2074 Ann.
686 2015 767 2086 xvii,
781 2035 843 2072 nou
857 2017 935 2072 male
950 2015 1087 2090 explicat,
1102 2015 1176 2069 dum
1196 2013 1343 2069 rationem
1355 2015 1468 2082 reddit,

257 2107 349 2164 quare
367 2091 519 2166 Scriptura
529 2094 585 2149 soli
595 2092 664 2149 fidei
674 2092 916 2166 justificationem
930 2094 1055 2151 tribuat:
1071 2099 1088 2125 “
1102 2090 1181 2158 Qma
1194 2091 1330 2164 nempe,'’
1355 2090 1467 2166 inquit,

257 2176 275 2202 ‘⁸
286 2169 318 2223 in
332 2167 390 2224 fide
413 2170 508 2243 magis
523 2170 737 2242 manifestatur,
764 2171 928 2228 Hominem
941 2189 1002 2228 non
1016 2170 1136 2245 propria
1156 2169 1266 2224 virtute
1280 2169 1331 2224 sed
1353 2167 1468 2226 Christi

255 2245 361 2302 merito
371 2245 537 2318 justificari.
580 2249 664 2306 Sicut
678 2249 758 2306 enim
778 2249 809 2306 in
823 2255 943 2324 aspectu
957 2249 988 2305 in
1000 2254 1164 2322 serpentem
1179 2246 1262 2302 Deus
1273 2247 1373 2319 posint
1387 2248 1467 2303 sani-

255 2329 346 2381 tatem
365 2321 396 2377 in
417 2324 542 2394 deserto,
558 2326 630 2399 quia
647 2337 783 2399 aspectus
804 2327 899 2401 magis
919 2327 1078 2396 indicabat,
1093 2325 1190 2382 sanari
1203 2323 1340 2380 homines
1352 2324 1467 2382 virtute

254 2398 405 2470 serpentis,
421 2417 482 2455 non
497 2403 594 2474 operis
615 2402 742 2476 alicujus
763 2406 875 2480 proprii
899 2412 952 2463 aut
973 2405 1126 2462 medicina
1148 2401 1294 2474 alicujus;
1317 2401 1367 2458 Ita
1392 2403 1466 2460 fides

254 2474 383 2533 ostendit
391 2475 547 2548 justificari
560 2485 727 2550 peccatores
741 2483 852 2538 virtute
866 2489 897 2538 et
910 2483 1016 2540 merito
1031 2480 1148 2550 Christi,
1163 2479 1194 2535 in
1209 2497 1300 2553 quem
1313 2481 1467 2538 credentes

253 2552 328 2612 salvi
343 2552 427 2623 fiunt,
442 2571 503 2612 non
513 2555 633 2629 propria
646 2555 749 2630 aliqua
763 2559 895 2633 ipsorum
909 2559 1020 2616 virtute
1037 2567 1067 2618 et
1086 2557 1200 2616 merito.
1244 2555 1284 2612 Et
1297 2575 1390 2614 cause
1410 2566 1462 2627 est,

253 2651 306 2691 cur
320 2631 389 2689 fidei
403 2631 552 2690 tribuatur
561 2632 734 2707 justificatio
749 2636 878 2692 maxime
889 2654 908 2692 a
921 2635 1027 2708 Paulo,
1043 2637 1095 2712 qui
1109 2655 1127 2694 a
1135 2637 1149 2710 j
1154 2634 1357 2704 ustificatione
1374 2635 1463 2709 Legis

257 2729 355 2786 opera,
370 2717 400 2767 ct
413 2713 580 2769 humanum
595 2712 732 2770 meritum
753 2721 807 2770 aut
820 2713 978 2772 efficaciam
999 2717 1165 2782 excludere,
1180 2721 1210 2770 ct
1224 2717 1256 2769 in
1270 2713 1337 2770 sola
1352 2712 1462 2770 Christi

255 2791 366 2846 virtute
380 2795 410 2845 et
422 2791 528 2848 merito
543 2791 687 2848 collocare
702 2791 870 2862 nitebatur;
894 2792 1009 2851 Idcirco
1023 2791 1157 2850 meminit
1172 2791 1239 2848 fidei
1254 2790 1283 2846 in
1295 2789 1462 2860 Christum

255 2865 324 2924 Hoc
337 2885 391 2923 nec
405 2865 591 2938 Paenitentia,
606 2886 660 2925 nec
670 2868 807 2940 Dilectio,
822 2888 877 2926 nec
891 2869 963 2944 Spes
983 2871 1102 2940 habeut,
1118 2869 1207 2928 Fides
1225 2868 1305 2926 enim
1325 2869 1461 2926 immedi-

254 2945 332 3001 atius
346 2952 375 3000 et
390 2945 558 3003 distinctius
571 2945 679 3004 ineam
693 2946 796 3017 fertur,
812 2947 897 3021 cujus
910 2947 1021 3006 virtute
1030 2947 1239 3021 justificamur,
1255 2944 1328 3003 &c.’'

295 3021 367 3078 XX.
391 3022 474 3080 Licet
489 3023 681 3081 Sacramenta
701 3025 762 3082 sint
781 3026 880 3081 media
894 3032 923 3081 et
936 3025 1133 3083 instrumenta
1146 3033 1269 3082 externa
1279 3043 1298 3081 a
1308 3033 1392 3098 parte
1403 3025 1461 3084 Dei

254 3099 434 3174 applicantia
447 3101 672 3176 promissionem
686 3103 790 3175 gratie
804 3111 834 3159 et
843 3102 1065 3175 justificationis
1078 3125 1084 3171 ;
1107 3103 1175 3160 Hoc
1188 3121 1250 3159 non
1265 3103 1369 3172 obstat,
1384 3123 1460 3178 quo-

252 3177 351 3234 minus
374 3177 445 3234 fides
466 3180 541 3236 benc
565 3179 681 3236 dicatur
704 3181 937 3237 instrumentum
958 3187 988 3236 et
1009 3181 1141 3236 medium
1165 3180 1315 3236 internum
1336 3199 1356 3236 a
1374 3189 1459 3254 parte

252 3253 381 3313 bominis
395 3257 432 3312 ad
452 3257 509 3313 hoc
528 3257 703 3314 beneficium
719 3257 820 3316 Verbo
841 3257 984 3329 oblatum,
1005 3264 1036 3313 et
1056 3257 1254 3317 sacramentis
1269 3257 1459 3331 obsignatum

252 3333 464 3406 recipiendum.

293 3409 385 3467 XXI.
409 3411 499 3478 Quod
510 3413 655 3486 justificat
669 3415 956 3485 utinstrumentum,
977 3434 1038 3472 non
1049 3413 1195 3491 justificat
1208 3413 1308 3470 statim
1324 3421 1358 3471 ut
1372 3433 1456 3489 opus,

254 3487 390 3558 quamvis
404 3487 635 3549 instrumentum
649 3492 726 3549 illud
747 3493 785 3550 sit
798 3511 881 3567 opus.
925 3494 1005 3561 Quia
1018 3495 1101 3550 aliud
1122 3501 1247 3550 estesse
1268 3509 1351 3565 opus,
1374 3494 1455 3550 aliud

249 3561 413 3635 justificare
427 3572 462 3619 ut
475 3583 551 3639 opus
563 3588 570 3636 ;
594 3569 685 3635 Quod
701 3570 846 3643 justificat
866 3580 901 3627 ut
915 3591 997 3645 opus,
1009 3572 1098 3628 debet
1116 3590 1178 3628 esse
1192 3587 1282 3626 causa
1304 3570 1456 3628 meritoria

249 3639 479 3714 justificationis,
494 3642 544 3696 scd
560 3647 640 3716 quod
656 3646 802 3718 justificat
815 3656 850 3704 ut
870 3647 1109 3718 instrumentum,
1124 3667 1184 3706 non
1202 3647 1347 3721 justificat
1371 3649 1457 3704 meri-

251 3717 335 3787 torie,
350 3719 401 3774 scd
415 3724 533 3774 tantum
547 3723 759 3794 apprehensive
773 3731 803 3780 et
822 3725 977 3800 receptiva,
991 3745 1052 3783 non
1077 3728 1186 3795 dando,
1202 3725 1254 3782 scd
1276 3725 1455 3799 accipiendo.

254 3797 343 3854 Actio
358 3813 428 3871 ergo
444 3795 512 3852 fidei
527 3815 581 3854 nos
590 3797 743 3871 justificat,
758 3803 810 3857 sed
824 3819 883 3858 non
907 3822 967 3878 qua
981 3803 1057 3861 actio
1079 3803 1258 3878 simpIIciter,
1273 3802 1360 3876 quasi
1381 3813 1457 3860 esset

251 3884 351 3933 nostra
373 3875 492 3949 justitia
512 3893 611 3932 coram
643 3877 719 3948 Deo,
741 3879 791 3936 scd
812 3879 905 3937 relato
932 3883 970 3938 ad
998 3883 1156 3956 objectum,
1178 3888 1325 3954 quatenus
1352 3881 1457 3955 recipit
1565 3947 1566 3966 Ξ

252 3951 410 4011 Christum.
454 3952 499 4011 Ut
512 3952 644 4012 extensio
658 3974 765 4014 manua
785 3957 913 4014 mendici
933 3967 977 4015 est
991 3961 1113 4034 quidem
1133 3965 1216 4015 actus
1230 3957 1391 4014 mendicis
1410 3960 1456 4014 di-

136 4089 140 4096 ,
250 4030 310 4087 vite
324 4031 521 4107 praescriptus,
535 4051 596 4089 non
606 4039 705 4091 tamen
716 4053 776 4110 qua
796 4041 879 4092 actus
890 4037 1060 4094 mendicum
1079 4037 1162 4110 ditat,
1175 4035 1228 4093 sed
1239 4043 1386 4110 quatenus
1397 4037 1455 4094 hoc

251 4109 342 4165 modo
357 4110 471 4166 donum
485 4109 584 4167 divitis
597 4112 652 4168 sibi
666 4115 804 4188 applicat,
819 4120 849 4170 et
862 4132 949 4171 suum
963 4115 1041 4172 facit.

290 4185 402 4243 XXII.
426 4187 571 4254 Quamvis
591 4191 664 4247 fides
683 4191 799 4248 dicatur
823 4213 892 4268 opus
914 4191 981 4261 Dei,
1003 4191 1073 4250 Joh.
1097 4192 1135 4250 vi.
1159 4193 1206 4264 29,
1228 4191 1299 4249 Non
1320 4191 1456 4266 sequitur
1565 4183 1566 4192 ¹

246 4263 410 4337 justificare
426 4271 460 4320 ut
473 4283 557 4338 opus.
600 4267 680 4334 Quia
693 4269 762 4326 licet
775 4289 794 4326 a
808 4268 872 4327 Deo
886 4271 1083 4345 precipiatur,
1098 4279 1128 4328 et
1142 4273 1198 4330 hoc
1209 4288 1296 4344 seusu
1310 4287 1386 4343 opus
1397 4269 1455 4328 Dei

250 4340 375 4412 dicatur,
390 4347 420 4397 et
433 4341 470 4396 ab
485 4343 604 4400 homine
619 4346 761 4403 debeatur
774 4349 813 4404 ad
834 4349 1072 4421 consequendam
1087 4349 1199 4408 vitam:
1221 4347 1292 4405 Non
1313 4347 1381 4403 ideo
1403 4349 1455 4405 de-

249 4419 338 4474 betur
352 4425 387 4475 ut
401 4436 490 4474 causa
508 4422 660 4480 meritoria
673 4423 758 4480 istius
772 4425 849 4496 vitre,
864 4427 915 4482 sed
929 4431 1047 4483 tantum
1062 4433 1096 4482 ut
1116 4428 1249 4483 medium
1260 4431 1290 4482 et
1304 4443 1454 4498 organum

247 4497 429 4569 receptivum
445 4495 570 4568 justitia·
587 4499 703 4570 Christi,
719 4520 786 4576 quse
800 4521 870 4558 vera
890 4521 980 4560 causa
997 4511 1042 4560 est
1055 4505 1134 4562 vitae.
1176 4505 1216 4562 Et
1226 4503 1269 4560 ita
1288 4509 1414 4560 vocatur
1433 4522 1454 4560 a

246 4570 363 4629 Christo
376 4583 514 4644 papst-ais,
529 4585 559 4632 et
569 4595 621 4651 per
635 4577 813 4636 allusionem
827 4581 865 4637 ad
880 4599 997 4638 sensum
1012 4579 1034 4638 J
1037 4583 1201 4654 udaeorum,
1216 4581 1269 4656 qui
1289 4598 1341 4654 per
1360 4599 1453 4655 opera
