3202 5194
229 372 279 429 ·88
677 343 962 432 rocusnsnncnrue.
1248 363 1443 446 [sensnxr.

240 528 318 588 enirn
337 529 443 590 dicitur
453 533 702 608 scctsm‘proptcr
715 529 859 606 amineo,
881 538 915 590 ut
934 529 960 589 is
980 525 1121 605 singulari
1140 525 1252 586 ratione
1273 525 1363 586 saluti
1383 544 1444 585 sna

240 609 381 686 consulat,
397 612 460 670 Deo
473 611 589 689 pietatis
607 619 637 670 et
656 611 789 690 proximo
809 610 957 670 charitatis
978 607 1070 668 officia
1090 606 1263 685 prestando,
1285 627 1342 664 noc
1361 607 1444 664 bomo

235 699 359 766 propter
371 691 549 767 Sabbotimra,
566 691 649 769 qussi
671 690 782 768 negligi
803 689 923 750 deberet
944 688 1107 748 necessaria
1120 686 1255 761 charitas,
1270 687 1319 744 vel
1332 685 1442 745 miseri·

242 769 341 828 cordia
364 789 434 849 erge
463 771 559 851 ipsum
582 772 631 832 vcl
657 771 822 850 proximum
846 789 900 850 per
925 767 1153 847 superstitiosam
1179 765 1321 826 Sabbathi
1345 765 1444 826 obser·

244 850 400 910 rationem.

257 929 413 1022 XXXI.
435 929 575 1006 uesano,
589 930 626 991 ab
650 929 728 990 omni
747 949 833 1008 opere
856 927 956 1024 servili
976 935 1014 1023 ct·
1026 925 1237 1020 oblectamento
1251 925 1367 1020 cameli,
1382 945 1443 1020 uon

240 1009 1126 1169 restitutit-rtrtttlsstlitttli{3231th
1141 1015 1443 1164 tritutari

241 1169 367 1230 sanctior
380 1179 458 1230 esset
477 1170 551 1248 aliis,
573 1170 625 1230 sed
644 1179 781 1248 tanquam
802 1169 929 1228 conditio
949 1177 980 1228 et
999 1167 1205 1228 adminiculum
1225 1165 1442 1226 Exercitiorum

239 1248 419 1328 privatorum
443 1258 473 1310 et
494 1251 677 1328 publicorum
700 1250 743 1309 sie
763 1249 1000 1327 praetenderam.
1043 1247 1225 1324 Longissima
1248 1247 1340 1324 igitur
1361 1247 1445 1306 abest

241 1329 304 1388 baec
318 1329 449 1390 doctina
461 1329 499 1388 ab
512 1330 678 1391 bominibus
691 1329 723 1388 in
742 1329 822 1388 illam
836 1329 1000 1407 opinionem
1019 1326 1199 1401 inducendis,
1221 1327 1305 1404 qussi
1325 1325 1443 1403 egregie

243 1427 298 1468 suo
310 1429 429 1470 munere
442 1409 534 1471 functi
547 1417 651 1486 essent,
667 1409 693 1469 si
705 1408 806 1468 relicta
818 1429 896 1468 vera
914 1407 1030 1487 pietatis
1050 1415 1080 1466 et
1101 1406 1261 1465 sanctitatis
1282 1405 1388 1482 studio,
1414 1423 1446 1464 se

244 1487 353 1549 dedant
366 1491 542 1567 scrupulosae
556 1498 586 1550 et
604 1488 775 1549 omnimodae
799 1489 837 1548 ab
857 1489 937 1546 omni
958 1507 1044 1566 opere
1058 1486 1228 1562 cessationi,
1248 1485 1377 1544 medium
1401 1504 1445 1544 rc-

244 1569 385 1645 quirimus
399 1577 515 1648 propter
528 1570 624 1647 finem,
639 1577 669 1628 et
682 1567 875 1628 conditionem
893 1575 1010 1646 propter
1029 1585 1102 1646 opus
1121 1564 1297 1643 principale:
1319 1565 1447 1642 quietem

246 1648 356 1708 scilicet
378 1649 459 1709 illem
479 1657 597 1728 propter
620 1647 780 1727 spiritualia
800 1648 938 1708 exercitia
958 1667 1036 1706 vere
1049 1645 1165 1723 pietatis
1187 1653 1218 1704 et
1241 1645 1447 1703 sanctimonie.

247 1727 317 1786 Istis
330 1747 401 1807 ergo
414 1729 628 1808 consequentiis
641 1748 679 1789 ex
692 1726 864 1788 accidentali
876 1728 1025 1786 hominnm
1043 1727 1144 1802 abusu,
1166 1745 1225 1784 non
1245 1724 1336 1801 magis
1357 1723 1446 1783 debet

247 1809 363 1885 gravari
377 1810 477 1888 praxis
493 1809 641 1885 Sabbathi,
656 1827 744 1886 quam
757 1809 857 1886 praxis
877 1807 973 1868 Sacra
987 1806 1142 1882 lectionis,
1163 1803 1331 1864 Auditionis
1343 1803 1447 1878 Verbi,

246 1887 378 1965 Procum,
393 1898 424 1948 et
439 1889 695 1963 Sacramentorum,
712 1907 776 1965 quae
790 1888 893 1948 iisdem
907 1885 1096 1947 incommodis
1108 1893 1231 1964 possunt
1251 1881 1357 1963 urgeri,
1377 1884 1448 1943 licet

246 1987 331 2026 nemo
345 1977 433 2045 neget
446 1989 482 2028 ea
494 1968 588 2027 officia
600 1969 720 2027 moralia
734 1987 797 2026 csse
810 1975 957 2045 perpetuae
970 1965 1189 2026 observationis.

287 2047 435 2107 XXXII.
457 2047 696 2106 Aocommodatio
709 2047 804 2123 quati
819 2047 960 2124 Proecepti
973 2045 1011 2104 ad
1027 2045 1203 2122 singularem
1217 2050 1324 2102 statum
1340 2041 1449 2102 Judai·

246 2145 321 2200 cunr,
336 2146 402 2203 quae
415 2125 471 2185 fuit
483 2126 514 2183 in
527 2125 729 2185 observatione
743 2125 802 2184 disi
821 2126 936 2203 septimi
948 2125 985 2184 ab
999 2125 1082 2184 initio
1096 2123 1256 2198 creationis,
1271 2131 1450 2200 praeceptum

246 2204 342 2282 ipsum
356 2225 415 2264 non
428 2204 523 2280 magis
535 2204 632 2264 reddit
645 2202 850 2279 ceremoniale,
865 2223 953 2281 quam
966 2211 1141 2282 preceptum
1160 2203 1292 2280 quintum
1312 2221 1450 2261 caeremo-

246 2284 323 2342 niale
336 2283 406 2342 facit
418 2283 571 2360 promissio
593 2283 629 2342 dc
653 2291 730 2342 terra
752 2283 869 2342 Oanaau
892 2283 999 2360 populo
1022 2281 1182 2342 Israblitico
1206 2281 1281 2358 data,
1306 2289 1337 2340 et
1361 2301 1450 2359 quana

246 2362 344 2422 omnia
355 2370 500 2440 praecepta
513 2362 721 2421 caeremonialia
734 2361 829 2421 reddit
842 2363 980 2440 prefatio,
994 2363 1046 2422 ubi
1059 2362 1156 2439 agitur
1173 2362 1210 2420 de
1224 2361 1378 2420 eductione
1398 2381 1450 2438 po-

246 2441 307 2520 puli
321 2461 359 2500 ex
373 2441 517 2518 AEgypto.
560 2441 671 2500 Damus
685 2440 802 2519 quidem
815 2443 965 2502 arctiorem
980 2443 1106 2518 aliquem
1120 2441 1351 2500 observationem
1377 2441 1450 2500 Sab-

245 2521 328 2580 batbi
341 2521 399 2579 illis
413 2521 590 2598 temporibus
604 2521 693 2580 fuisse
711 2521 887 2599 imperatam,
909 2521 1088 2599 paedagogice
1109 2529 1138 2580 et
1157 2521 1289 2580 servituti
1309 2520 1451 2598 temporis

246 2599 500 2675 accommodatam,
515 2620 580 2679 quae
594 2601 700 2660 seculis
714 2601 848 2660 omnibus
860 2621 919 2660 non
932 2602 1052 2660 obtinet.
1094 2601 1162 2660 Hoc
1174 2609 1271 2660 tamen
1284 2619 1344 2658 non
1357 2600 1449 2679 impe·

246 2677 290 2738 dit
303 2679 374 2759 quin
387 2680 551 2741 observatio
564 2680 628 2763 ipss
641 2680 680 2742 sit
692 2681 818 2758 moralis,
833 2689 864 2741 et
876 2680 1003 2740 omnium
1019 2681 1180 2742 seculorum
1195 2679 1366 2740 eommunis.

703 2919 898 2999 oumssro
919 2919 993 2982 xv.

707 3097 748 3140 DE
761 3097 869 3140 omnus
882 3096 992 3139 FEB'HS.

247 3239 293 3296 An
307 3241 342 3296 dc
355 3239 419 3317 fide
431 3237 468 3296 sit
479 3237 509 3297 in
521 3239 605 3296 Novo
620 3239 691 3296 Test.
701 3247 811 3313 proetcr
823 3238 909 3296 Diem
922 3236 1110 3311 Dominicam,
1125 3237 1198 3296 alios
1210 3255 1268 3295 casa
1287 3235 1347 3294 dies
1359 3238 1453 3312 scates

156 3385 160 3390 ,
283 3318 403 3392 proprie
416 3317 511 3390 dictos,
526 3333 646 3390 guerram
659 3318 806 3374 celebratio
825 3335 932 3394 perae,
948 3317 1097 3376 atrotionc
1109 3316 1241 3392 mysterii,
1262 3335 1319 3374 aon
1339 3318 1452 3375 ratione

287 3396 396 3532 prdipip
414 3397 459 3487 pel
478 3394 589 3453 Politice
602 3395 806 3453 Ecclesiastico
826 3403 943 3472 mmm,
964 3396 1001 3456 sit
1019 3395 1203 3455 massoria!
1253 3395 1328 3472 Neg.
1349 3403 1453 3456 centra

314 3493 352 3532 on
397 3492 466 3533 cros.

341 3687 345 3696 ,
382 3653 386 3659 ·
551 3629 577 3690 I.
598 3631 669 3692 Dies
682 3632 762 3691 Festi
773 3640 841 3694 sunt
855 3632 926 3692 Dies
940 3634 1074 3693 solennes
1096 3633 1300 3708 anniversarie,
1315 3632 1365 3692 rel
1379 3633 1452 3693 beb-
1505 3629 1509 3636 ’

277 3695 456 3800 8ωέζὲζῦ
510 3709 695 3789 domadctim,
711 3719 762 3771 aut
783 3713 981 3773 menstruatim
1001 3713 1146 3790 pervices
1168 3719 1357 3788 recurrentes,
1384 3713 1452 3771 neli-

511 3791 607 3868 gionis
620 3799 650 3850 et
662 3791 779 3869 pietatis
793 3811 881 3850 caasa
893 3811 912 3850 a
925 3792 1037 3850 caetarie
1058 3792 1213 3870 segregati,
1235 3802 1265 3851 st
1285 3799 1366 3850 certa
1384 3792 1454 3869 lege

248 3869 278 3926 in
300 3867 449 3946 publicum
472 3869 607 3929 Numinis
629 3871 738 3930 cultum
760 3871 852 3930 veluti
876 3871 1043 3931 consecrati.
1085 3871 1252 3931 Obtinuissc
1273 3871 1373 3949 plures
1398 3871 1455 3930 sub

248 3947 316 4006 Vct.
331 3948 410 4006 Test.
425 3967 509 4009 nemo
523 3949 645 4026 dubitat,
660 3969 725 4009 cum
740 3950 888 4010 distinctio
901 3949 1012 4009 dierum
1023 3959 1135 4028 partem
1148 3951 1248 4010 fecerit
1259 3949 1349 4028 LegIs
1364 3970 1452 4009 caere·

247 4026 399 4102 monialis,
423 4027 481 4088 Sed
495 4028 544 4087 An
557 4030 654 4088 locum
667 4030 774 4089 habere
787 4030 912 4089 debeant
924 4033 955 4087 in
970 4029 1103 4088 Ecclesia
1116 4030 1288 4104 Christiana,
1304 4029 1455 4104 Quaeritnr

247 4106 324 4163 inter
337 4105 399 4164 Nos
412 4114 442 4164 et
456 4107 631 4184 Pontificios,
653 4109 713 4186 qui,
734 4117 768 4168 ut
789 4109 819 4167 in
839 4108 905 4168 aliis
918 4109 1015 4167 varios
1035 4109 1205 4169 Judseorum
1227 4109 1301 4168 ritus
1324 4108 1453 4186 retipae-

247 4192 336 4244 runt:
357 4184 405 4242 Ita
418 4185 473 4245 hac
486 4187 516 4245 in
536 4196 618 4264 parte
632 4189 718 4248 etiam
739 4187 926 4248 ⁸Iudaismum
946 4188 1163 4265 interpolarent,
1178 4188 1227 4247 rel
1247 4188 1343 4266 ipsum
1364 4188 1455 4248 etiarn

249 4262 464 4341 Paganismum,
479 4265 511 4323 in
524 4285 582 4343 quo
595 4275 695 4327 notum
709 4277 754 4328 est
766 4268 864 4346 plures
877 4267 941 4326 dies
953 4266 1043 4326 festos
1065 4267 1154 4326 fuisse
1168 4266 1321 4327 distinctos
1343 4286 1362 4325 a
1385 4287 1454 4345 pro·

248 4343 344 4420 sestis3
369 4350 450 4402 tanta
470 4344 609 4405 festorum
629 4348 705 4407 mole
720 4345 970 4407 Christianismum
994 4345 1156 4422 obruentes,
1180 4354 1214 4408 ut
1234 4366 1294 4406 non
1314 4345 1456 4424 exiguam

249 4422 317 4482 anni
330 4421 442 4502 partem
456 4423 690 4503 complectantur.

290 4502 332 4560 II.
355 4503 422 4562 Non
435 4504 581 4581 quaeritur,
597 4505 647 4564 An
660 4505 865 4566 beneficiorum
880 4505 937 4564 Dei
949 4503 981 4563 in
994 4523 1057 4580 nos,
1079 4512 1110 4564 et
1122 4503 1326 4582 mysteriomm
1341 4503 1453 4564 Olrristi

252 4580 290 4638 ad
303 4581 425 4640 salutern
438 4583 523 4643 nobis
536 4585 740 4662 acquirendam
754 4591 931 4661 patratorum
944 4584 1084 4644 memoria
1096 4583 1127 4642 in
1141 4583 1369 4644 animisnostris
1389 4605 1455 4662 per·

251 4666 338 4734 petua
352 4677 415 4720 esse
429 4661 542 4741 debeat,
564 4673 594 4724 et
607 4685 624 4723 a
638 4665 721 4724 nobis
744 4662 881 4734 continuo
894 4662 1047 4724 recolenda
1068 4663 1115 4724 sit
1157 4663 1226 4723 Hoc
1241 4663 1317 4723 enirn
1338 4662 1371 4722 in
1385 4683 1458 4724 cona
