3146 5210
269 361 327 422 432
672 383 763 425 nocua
778 371 906 425 orciuos
921 381 1065 434 sumnus.
1260 359 1389 441 [cuasa
1406 377 1475 422 xvu.

268 519 443 596 Lagidarum
459 521 621 582 Alexandri
635 543 832 584 successorum
847 523 990 601 Regnum,
1007 523 1043 582 do
1057 543 1114 600 quo
1128 520 1268 580 intereos
1283 540 1345 579 non
1359 530 1476 580 constat

269 599 383 658 Dicitur
396 619 466 658 vero
480 621 538 660 non
552 603 751 680 dissipandum
765 605 795 662 in
809 611 958 678 aeternum,
974 605 1105 681 opposite
1129 601 1166 658 ad
1191 601 1297 678 Regna
1323 601 1475 669 mundans,

268 698 333 755 quae
348 680 546 758 cujuscunque
561 683 618 741 sint
632 693 741 742 naturae
755 684 804 742 vel
818 683 978 760 dignitatis,
994 703 1059 759 quae
1067 702 1119 760 per
1130 699 1241 756 aurum,
1251 689 1421 757 argentum,
1432 701 1475 753 aa

268 767 297 817 et
311 757 425 835 ferrum,
442 760 480 818 id.
491 763 608 820 metalla
621 763 729 822 diversi
743 763 828 840 pretii
841 770 871 820 et
885 763 992 820 valoris
1003 761 1219 834 adumbrantur,
1230 761 1396 819 cremanda
1407 773 1475 836 sunt

268 837 331 896 sive
345 839 375 895 vi
390 849 519 917 externa,
535 843 597 901 sive
610 843 756 902 intestinis
770 841 898 902 dissidiis
912 850 942 901 ot
956 843 1072 920 propria
1085 840 1250 918 fragilitate,
1266 859 1328 916 qua
1342 849 1477 916 negatum

268 924 313 975 est
326 918 412 980 rebus
426 922 547 980 terrenis
562 931 637 980 stare
651 922 702 981 diu
717 945 725 982 ε
767 922 826 981 Sed
839 921 894 980 hoc
908 922 1033 996 inlucet,
1048 929 1081 980 ut
1094 941 1147 979 nec
1172 921 1209 978 ab
1234 920 1415 993 extrinseco,
1430 939 1476 978 nec

267 997 304 1055 ab
319 997 473 1057 intrinseco
487 1001 597 1060 destrui
611 1003 712 1078 possit,
727 1009 826 1079 utpote
840 1001 977 1059 tedam
991 1011 1020 1061 ct
1033 1002 1193 1075 immotum,
1207 999 1285 1057 Heb.
1297 1000 1353 1058 xii.
1369 1001 1421 1058 28.

412 1139 417 1150 ,
454 1139 458 1150 ,
568 1082 640 1140 VII.
663 1082 769 1156 Tertio,
786 1082 861 1156 Quia
874 1082 962 1140 varim
976 1081 1138 1140 functiones
1153 1078 1323 1137 Mediatorii
1348 1079 1477 1138 Muneris

266 1133 507 1239 &Effifflfffflm
530 1169 676 1239 perpetuas
691 1168 759 1219 sunt
771 1160 890 1220 futura:
907 1165 933 1219 1.
949 1161 1051 1235 Quoad
1064 1159 1260 1236 Prophetiam,
1272 1159 1346 1235 quia
1355 1159 1388 1216 in
1400 1168 1477 1218 reter-

531 1260 599 1299 num
614 1241 720 1299 dicitur
729 1241 830 1299 beatos
843 1240 1064 1316 illuminaturus,
1081 1240 1191 1298 Civitas
1205 1257 1265 1296 non
1287 1239 1393 1315 egebit
1417 1239 1478 1296 Sole

267 1325 295 1375 et
311 1318 401 1392 Luna,
417 1320 486 1396 quia
498 1323 515 1352 “
528 1319 663 1397 splendor
678 1319 796 1378 Domini
810 1319 984 1378 illuminabit
998 1339 1070 1394 eam,
1085 1327 1115 1378 et
1139 1319 1245 1396 Agnus
1259 1318 1317 1378 erit
1331 1319 1400 1394 ejus
1415 1339 1478 1376 can-

266 1396 362 1472 dola,’'
379 1399 472 1475 Apoc.
488 1401 549 1458 xxi.
564 1405 612 1474 22,
628 1403 676 1474 23,
692 1409 721 1458 et
735 1400 841 1476 Agnus
852 1408 987 1475 pasturus
1000 1398 1107 1457 dicitur
1120 1418 1169 1457 cos
1191 1405 1222 1456 et
1244 1396 1432 1457 deducturus
1445 1398 1479 1456 cd

265 1477 351 1535 vivos
365 1476 459 1536 fontes
473 1499 620 1556 aquarum,
633 1481 725 1556 Apoc.
741 1479 791 1537 vii.
810 1483 855 1536 17.
879 1483 907 1536 2.
924 1477 1026 1553 Quoad
1039 1477 1235 1537 Sacerdotium
1248 1497 1303 1553 per
1313 1477 1424 1554 jugem
1438 1499 1477 1536 re-

264 1559 514 1632 presentationem
531 1559 670 1619 Sacrificii
685 1559 738 1634 sui,
759 1579 811 1617 ceu
835 1557 1014 1617 fundamenti
1039 1558 1139 1634 gloriae
1158 1577 1214 1634 qus
1237 1557 1398 1633 potiemur,
1422 1577 1477 1616 non

264 1644 377 1695 tantum
391 1639 599 1716 comparandas,
616 1639 667 1704 sed
681 1639 767 1697 etiam
781 1639 812 1695 in
826 1647 964 1696 aetemum
988 1636 1202 1709 conservandae,
1217 1637 1289 1712 quia
1310 1656 1361 1698 res
1376 1638 1480 1696 iisdem

264 1716 367 1775 mediis
381 1725 411 1776 et
425 1718 584 1777 rationibus
598 1727 812 1793 conservantur,
828 1718 934 1795 quibus
948 1717 1143 1794 acquiruntur.
1187 1715 1274 1775 Unde
1285 1725 1417 1776 vocatur
1431 1719 1479 1776 Sa·
1551 1770 1552 1775 ,

264 1796 424 1856 cordotium
437 1795 610 1878 trepidare,
628 1798 704 1856 Hob.
714 1798 764 1855 vii.
777 1801 825 1855 24.
854 1801 882 1856 3.
898 1797 1000 1871 Quoad
1011 1799 1149 1873 chnum,
1161 1797 1230 1872 quia
1239 1805 1425 1872 regnaturus
1439 1808 1480 1855 est
1550 1818 1552 1831 ‘

264 1895 377 1952 semper
385 1877 415 1933 in
427 1877 588 1936 Ecclesiam
609 1885 746 1954 tanquam
762 1877 856 1954 Caput
876 1886 905 1935 et
928 1878 1058 1952 Sponsus
1079 1876 1143 1953 ejus
1163 1895 1215 1952 per
1236 1875 1391 1934 Unionem
1406 1875 1478 1935 a'iu'·

263 1969 344 2030 λνην,
361 1977 418 2014 non
434 1958 532 2034 utique
547 1977 605 2034 qua
617 1957 700 2015 Deus
715 1965 835 2031 tantum,
852 1956 903 2014 sed
918 1957 1004 2015 etiam
1028 1975 1087 2032 que
1107 1955 1259 2014 Mediator.
1304 1954 1398 2014 Unde
1423 1958 1480 2015 dis

263 2035 352 2094 tincte
366 2039 496 2112 Ecquam
510 2039 569 2095 Dei
581 2048 608 2095 ct
622 2037 729 2097 Christi
741 2036 917 2114 proponitur,
934 2035 1028 2112 Apoc.
1043 2035 1084 2092 xi.
1098 2037 1144 2109 15,
1169 2041 1198 2092 et
1213 2033 1263 2091 xii.
1282 2036 1330 2110 10,
1354 2043 1387 2093 et
1412 2057 1479 2094 con-

262 2116 415 2173 summatio
429 2117 603 2176 matrimonii
617 2117 786 2194 proponitur
799 2116 829 2172 iu
844 2114 952 2192 nuptiis
964 2114 1045 2190 Agni
1059 2134 1125 2173 cum
1140 2113 1280 2188 Ecclesia,
1297 2111 1400 2191 Apoc.
1417 2118 1479 2175 xix.

262 2196 289 2268 t,
299 2195 377 2270 quod
387 2215 452 2252 cum
464 2195 568 2254 debeat
582 2217 645 2256 esse
659 2204 796 2254 aeternum
807 2204 836 2254 et
850 2193 1059 2268 indissolubile,
1072 2194 1259 2252 atemitatem
1271 2194 1362 2252 etiam
1372 2213 1476 2271 opera·

261 2273 349 2330 tionis
371 2283 401 2331 et
422 2275 569 2333 relationis
584 2275 692 2334 Christi
707 2275 886 2350 uisitator-is,
901 2281 934 2332 nt
950 2274 1055 2351 Sponsi
1069 2293 1138 2350 erga
1153 2272 1315 2331 Ecclesiam
1329 2281 1366 2332 ut
1381 2274 1478 2351 Spon-

261 2369 321 2408 sam
337 2353 483 2427 supponit.

259 2455 329 2501 hEx
340 2456 436 2499 viuculo
445 2470 500 2501 nos-
561 2433 651 2492 VIII.
675 2435 792 2509 Quarto,
825 2434 900 2509 Quia
930 2433 1063 2502 Christus
1087 2441 1131 2493 est
1152 2433 1302 2492 vinculum
1323 2443 1477 2510 perpetua

289 2513 498 2560 ereuutontssum
520 2520 626 2571 nostrae
640 2514 849 2572 communionis
863 2533 929 2573 cum
944 2515 1016 2572 Deo.
1039 2514 1111 2572 Cum
1126 2513 1202 2572 enim
1215 2531 1330 2589 necper
1342 2531 1375 2570 se
1387 2513 1476 2572 Crea-

287 2571 346 2616 Deo.
520 2601 585 2650 tura
599 2591 637 2650 ad
646 2593 740 2651 Deum
752 2593 888 2652 accedere
903 2594 1003 2671 possit,
1014 2593 1103 2652 necin
1118 2593 1182 2670 ejus
1192 2591 1399 2650 communione
1411 2613 1476 2670 per·

259 2679 353 2747 stare;
378 2669 502 2730 Necesse
518 2679 570 2747 est,
585 2680 618 2731 ut
631 2672 873 2750 quemadmodum
888 2693 939 2749 per
953 2673 1099 2732 Christum
1114 2671 1202 2730 semel
1216 2671 1254 2728 ad
1266 2671 1365 2730 Deum
1375 2691 1476 2732 accas-

259 2752 316 2826 sit;
339 2751 386 2809 Ita
399 2770 451 2827 per
465 2751 587 2811 eundem
603 2753 723 2830 ejusque
739 2753 769 2810 vi
783 2760 812 2811 et
822 2752 949 2810 efficacia
963 2753 1006 2809 illi
1020 2752 1050 2810 in
1065 2759 1203 2810 aternum
1218 2750 1375 2809 adhereat
1411 2753 1475 2811 Nec

258 2831 375 2889 aliunde
389 2832 517 2890 membra
532 2833 666 2910 Corporis
681 2832 788 2891 Christi
802 2830 918 2908 mystici
932 2832 1022 2890 vitam
1037 2840 1066 2890 et
1080 2831 1202 2907 gloriam
1212 2829 1474 2907 hamirepossunt,

259 2930 346 2981 quam
360 2911 397 2968 ab
411 2910 525 2971 influxu
540 2913 657 2990 Capitis,
674 2913 720 2970 cui
734 2912 765 2969 iu
779 2919 916 2970 aeternum
931 2911 1013 2969 unita
1027 2911 1134 2969 debent
1147 2928 1271 2968 manere.
1294 2909 1358 2968 Nec
1373 2911 1474 2971 obstat

258 2989 335 3067 quod
351 2989 668 3070 diciturffiDcusfisturus
682 2993 776 3050 omnia
791 2993 819 3049 in
833 2991 967 3065 omurbsn,
982 2995 997 3047 1
1009 2991 1073 3048 Cor.
1089 3010 1139 3048 xv.
1154 2991 1202 3065 28,
1215 2989 1351 3065 quiahoc
1362 2991 1472 3049 intelli·

258 3070 384 3147 gendum
399 3081 532 3148 respectu
546 3072 706 3132 mediorum
720 3079 912 3145 externorum,
929 3089 993 3147 quae
1017 3070 1048 3127 in
1071 3070 1126 3127 hac
1148 3069 1210 3127 vita
1230 3068 1373 3144 obtinent,
1398 3081 1472 3146 puta

259 3149 358 3222 Verbi,
377 3151 634 3228 Sacramentomm,
651 3160 680 3210 et
694 3151 779 3210 simil.
794 3150 899 3227 quibus
913 3149 955 3223 fit,
970 3157 1003 3207 ut
1018 3149 1112 3207 Deum
1127 3149 1158 3206 in
1172 3148 1289 3224 speculo
1311 3157 1429 3208 tantum
1444 3159 1472 3209 et

259 3229 412 3305 aenigmate
428 3229 588 3307 videamus,
604 3232 705 3308 illique
726 3249 777 3307 per
800 3228 887 3287 fidem
912 3228 1128 3302 adhcermun
1150 3236 1184 3286 ut
1207 3227 1346 3286 innuatur
1371 3228 1470 3288 Deum

258 3306 422 3366 immediate
437 3317 466 3368 et
480 3329 531 3386 per
545 3330 576 3369 se
591 3331 643 3368 nos
657 3309 845 3368 beatitudinis
860 3328 919 3367 suae
943 3307 1097 3386 participes
1121 3307 1206 3383 plene
1230 3305 1394 3383 facturum
1419 3309 1471 3367 sed

257 3405 316 3521 pon
330 3385 478 3446 exclusivo
492 3388 529 3446 ad
545 3390 689 3448 Christum
705 3389 798 3466 Caput
813 3388 960 3464 Ecclesiae,
983 3407 1000 3445 a
1022 3406 1080 3464 quo
1104 3387 1200 3444 oninia
1220 3385 1251 3448 iu
1272 3385 1367 3462 ipsam
1392 3387 1471 3448 bona

279 3464 435 3522 erivantur.

560 3547 619 3605 IX.
642 3546 737 3620 Quum
753 3547 885 3607 Christus
899 3547 1004 3607 dicitur
1018 3565 1150 3606 sessurus
1163 3545 1202 3604 ad
1215 3544 1348 3603 dextram
1361 3545 1470 3621 Patris,

288 3599 477 3703 Ffflufflu‘
519 3624 610 3684 donec
621 3627 709 3684 Peter
719 3627 987 3702 posueritinimicos
1001 3627 1031 3684 in
1045 3625 1203 3685 scabellum
1217 3623 1324 3702 pedum
1338 3645 1470 3704 morum,

520 3703 596 3762 Psal.
612 3725 658 3763 cx.
676 3709 701 3780 l,
717 3705 874 3765 affirmatur
887 3706 1004 3783 quidam
1018 3705 1177 3764 dominium
1191 3704 1300 3763 Christi
1321 3713 1385 3764 toto
1398 3705 1471 3766 vite

257 3784 344 3863 hujus
358 3791 494 3861 tompore,
507 3802 564 3859 quo
578 3803 699 3861 regnare
713 3785 800 3845 debet
817 3786 892 3844 inter
901 3786 1017 3860 hostes;
1039 3785 1091 3844 sed
1111 3803 1169 3842 non
1183 3791 1307 3861 negatur
1320 3785 1471 3845 eternitas

256 3865 339 3943 regni
354 3864 416 3942 ejus
430 3863 460 3922 in
475 3863 572 3922 seculo
581 3864 686 3924 futuro.
731 3866 779 3925 Sic
794 3885 869 3943 saepe
883 3865 913 3924 in
930 3865 1078 3942 Scriptura
1087 3864 1234 3942 particulae
1246 3863 1308 3921 istae
1323 3889 1348 3926 u
1363 3890 1405 3940 ns,
1414 3870 1470 3942 ἀχ-

257 3941 380 4027 ςιςοῦνεί
390 3941 431 4010 ἰὐς
440 3941 469 4004 οὗ
481 3946 575 4019 donec,
582 3965 667 4022 usquc
678 3948 752 4020 dum,
760 3945 1035 4021 adstruuntquidem
1040 3952 1153 4020 tempus
1161 3962 1296 4020 presens,
1303 3951 1355 4002 aut
1362 3955 1469 4020 prsete-

256 4028 352 4100 ritum,
369 4024 404 4083 de
419 4045 476 4102 quo
491 4032 603 4100 poterat
617 4025 685 4083 oriri
695 4024 837 4084 dubitatio
849 4047 856 4101 ;
867 4025 986 4083 sednon
999 4033 1108 4100 negant
1118 4031 1147 4082 et
1157 4021 1317 4081 excludunt
1326 4021 1467 4083 futurum.

259 4105 316 4179 Sic,
333 4105 437 4163 Matth.
450 4103 553 4162 xxviii.
568 4107 616 4180 20,
631 4104 737 4163 dicitur
748 4104 880 4163 Christus
891 4104 1003 4163 futurus
1009 4123 1074 4162 cum
1080 4102 1229 4179 discipulis
1237 4121 1331 4178 usque
1346 4102 1385 4160 ad
1395 4123 1466 4162 con·

256 4184 476 4243 summationem
491 4183 660 4258 seculorum,
676 4193 709 4243 ut
722 4203 772 4242 eos
786 4191 879 4242 certos
893 4183 996 4242 reddat
1009 4183 1045 4242 de
1060 4181 1213 4258 presentia
1230 4200 1282 4240 sua
1306 4182 1338 4239 in
1361 4183 1468 4242 mediis

256 4263 391 4342 periculis
405 4271 434 4322 ct
448 4262 660 4340 certaminibus,
677 4263 727 4322 sed
741 4282 799 4321 non
813 4262 851 4320 ad
865 4262 1076 4322 excludendam
1090 4261 1320 4320 communionem
1345 4263 1411 4339 ejus
1437 4264 1467 4320 in

256 4353 403 4403 aternum.
426 4341 508 4399 Idem
523 4350 567 4400 est
581 4361 692 4419 sensus,
709 4343 782 4402 Gen.
798 4342 901 4400 xxviii.
920 4345 965 4417 lt,
981 4351 1011 4402 et
1036 4341 1113 4399 Psal.
1138 4340 1238 4399 cxxiii.
1254 4345 1281 4399 2.
1305 4338 1382 4414 Quia
1395 4361 1468 4420 ergo

255 4423 375 4482 dubium
403 4421 525 4479 suboriri
553 4429 673 4498 poterat,
709 4421 853 4499 quomodo
883 4421 1015 4479 Christus
1050 4439 1171 4497 reguum
1203 4419 1334 4479 obtinere
1366 4431 1468 4498 posset

254 4505 329 4562 inter
342 4509 386 4559 tot
399 4500 525 4558 hostium
540 4500 704 4576 molimina;
739 4499 862 4576 Spiritus
879 4501 908 4558 S.
923 4499 1009 4558 fidem
1034 4509 1163 4560 nostram
1186 4500 1241 4558 hac
1255 4499 1285 4557 in
1298 4507 1383 4576 parte
1398 4521 1467 4560 con·

255 4584 367 4640 firmare
382 4579 482 4654 voluit,
498 4599 555 4637 non
567 4589 672 4656 negata
685 4589 781 4638 tamur
795 4579 877 4654 regni
891 4579 955 4655 ejus
968 4579 1000 4636 in
1014 4587 1151 4638 aeternum
1166 4578 1326 4638 duratione.

294 4661 336 4718 X.
358 4661 495 4734 Reynum,
512 4658 589 4734 quod
606 4660 731 4718 Christro
742 4656 846 4716 dicitur
861 4659 1017 4719 traditurus
1031 4661 1095 4718 Deo
1109 4669 1136 4718 et
1148 4658 1240 4732 Patri,
1266 4657 1297 4715 id
1321 4666 1375 4734 cst,
1402 4659 1467 4718 Deo
