3186 5210
234 341 291 399 552
634 352 725 392 Locus
741 353 869 392 nectutis
884 353 1019 400 curatus.
1218 333 1346 415 [QUAEST.
1363 357 1436 397 xvn.

237 499 323 558 tinror
352 497 473 570 servilis,
491 495 577 553 Alius
597 494 703 552 filialis.
744 494 798 552 llle
826 494 943 571 respicit
968 495 1058 554 solam
1072 515 1195 572 poenam,
1212 496 1259 554 vel
1286 507 1436 573 peccatum

235 587 352 657 propter
365 596 488 655 poenam,
504 575 554 652 qui
576 575 712 632 convenit
736 574 836 648 servis,
852 575 902 650 qui
916 574 999 634 unice
1024 577 1168 652 proprium
1193 577 1377 634 commodum
1391 579 1437 637 vel

236 657 448 716 incommodum
464 655 625 714 attendunt.
660 653 718 711 Sed
728 653 782 712 iste
797 655 914 730 respicit
923 655 971 714 vel
983 655 1075 714 solum
1086 665 1244 732 peccatum,
1260 657 1309 714 vel
1322 677 1436 735 poenam

235 747 352 815 propter
372 745 531 813 peccatum,
557 734 607 809 qui
628 733 763 791 convenit
789 733 858 790 filiis
879 745 908 793 et
927 735 1082 814 respondet
1103 736 1272 794 reverentia
1296 746 1327 794 ct
1346 739 1436 796 amori

238 818 362 876 filiorum
385 836 455 892 erga
479 823 583 892 patres.
627 812 682 869 Ille
702 821 746 870 est
759 820 891 874 aetra-m
912 835 977 873 cum
1001 815 1181 889 certitudine,
1197 824 1226 874 et
1241 816 1366 874 charitas
1380 818 1434 875 hoc

236 918 323 956 sensu
337 897 443 955 dicitur
469 892 612 970 expellere
634 893 774 967 timorem,
804 895 818 950 1
845 893 915 952 Joh.
939 895 977 953 iv.
995 897 1040 969 18,
1056 903 1085 953 et
1103 894 1204 954 fideles
1228 895 1363 954 dicuntur
1377 917 1434 954 non

234 978 379 1055 accepisse
403 975 539 1051 Spiritum
561 971 708 1029 servitutis
729 971 766 1029 ad
787 981 904 1048 metum,
928 975 1011 1034 Rom.
1026 975 1087 1032 viii.
1104 979 1150 1050 15,
1173 975 1223 1033 sed
1248 976 1302 1034 iste
1324 985 1434 1034 tantum

237 1058 318 1116 abest
342 1064 375 1114 ut
389 1055 426 1113 sit
451 1051 674 1127 incompatibilia
699 1070 764 1110 cum
787 1053 968 1129 certitudine,
983 1064 1016 1114 ut
1030 1055 1067 1112 sit
1091 1055 1216 1114 medium
1237 1075 1289 1132 per
1312 1056 1391 1132 quod
1405 1057 1433 1114 in

235 1137 319 1195 nobis
342 1143 496 1212 generatur
519 1141 548 1191 et
570 1131 763 1189 confirmatur.
806 1133 877 1192 Cum
900 1135 975 1192 enim
997 1134 1138 1193 certitudo
1159 1135 1259 1212 gratie
1274 1135 1358 1192 nobis
1372 1156 1435 1194 csse

234 1236 292 1274 non
306 1215 396 1292 possit
411 1233 476 1272 cum
495 1211 641 1290 proposito
655 1212 793 1287 peccandi
808 1221 837 1270 et
857 1222 940 1272 extra
959 1235 1044 1272 usum
1068 1214 1236 1287 mediorum,
1259 1215 1358 1272 Timor
1378 1215 1433 1275 istc

234 1296 282 1372 qui
293 1315 350 1353 non
361 1295 418 1352 alio
430 1293 553 1370 respicit,
565 1311 651 1368 quarn
662 1290 700 1347 ad
710 1302 859 1368 peccatum
870 1292 1037 1370 fugandum,
1050 1301 1079 1352 et
1090 1294 1250 1353 sanctitatIs
1261 1294 1387 1352 studium
1402 1296 1432 1354 in

235 1375 317 1434 nobis
342 1373 577 1452 promovendum,
608 1390 666 1428 non
688 1379 783 1447 potest
802 1373 1003 1432 certitudinem
1024 1372 1143 1448 tollere;
1180 1373 1315 1432 sedeam
1338 1376 1434 1452 potius

234 1455 334 1532 ponit;
357 1455 430 1513 Cum
445 1453 585 1512 certitudo
600 1449 672 1508 fines
697 1471 755 1509 nou
777 1452 921 1525 excludat,
938 1453 989 1512 sed
1004 1463 1146 1531 supponat
1159 1453 1359 1513 necessitatem
1374 1475 1432 1514 mc·

234 1535 356 1594 diorum.
400 1534 431 1594 si
446 1553 515 1610 crgo
540 1531 625 1590 timor
645 1529 729 1588 nobis
753 1533 977 1607 commendatur,
1002 1553 1061 1590 non
1075 1543 1120 1593 est
1141 1531 1263 1608 servilis,
1289 1533 1340 1610 qui
1361 1533 1434 1592 diffi-

224 1615 360 1686 dentiam
394 1623 423 1673 ct
457 1611 665 1672 dubitationem
701 1629 797 1668 secum
832 1613 928 1686 trehit,
965 1612 1016 1671 sed
1050 1613 1155 1688 filialis,
1190 1613 1241 1690 qui
1275 1613 1305 1670 in
1339 1613 1433 1673 tribus

232 1696 414 1772 potissimum
438 1701 588 1751 versatur:
613 1692 638 1747 1.
654 1691 690 1746 In
703 1689 793 1768 filiali
807 1693 963 1750 reuerentia
985 1701 1012 1751 et
1033 1694 1186 1751 humilitate
1210 1701 1342 1771 respectu
1366 1694 1431 1768 Dei,

231 1776 366 1852 opposita
393 1772 534 1850 superbies
561 1777 591 1828 et
616 1770 832 1846 presumptioni
861 1771 1080 1830 Pharisaecrum.
1137 1777 1165 1830 2.
1181 1775 1218 1831 In
1240 1774 1431 1848 sollicitudine,

233 1857 361 1914 coctione
375 1864 402 1912 et
421 1851 568 1929 vr'pitontia
589 1858 722 1924 respectu
747 1851 872 1926 Diaboli,
901 1851 939 1910 ad
962 1851 1115 1928 fugiendas
1138 1872 1237 1910 omnes
1257 1853 1433 1913 tentationes

231 1935 351 2011 peccati,
381 1943 410 1993 et
430 1931 594 1992 adhibenda
622 1929 718 1986 omnia
742 1931 836 1990 media
863 1930 900 1990 ad
925 1933 1107 1991 sanctitatem
1131 1933 1273 2004 ducentia,
1300 1934 1433 2009 oppositu

232 2014 379 2073 securitati
407 2013 515 2071 carnali
543 2009 759 2086 Epicureorum.
812 2014 839 2070 3.
868 2013 904 2069 In
923 2013 1062 2070 constanti
1080 2017 1226 2088 proposito
1251 2014 1315 2070 Deo
1342 2015 1434 2090 magis

230 2095 372 2170 magisque
386 2092 558 2166 adhaerendi,
574 2096 603 2148 ct
617 2088 673 2146 viis
685 2088 796 2147 domini
810 2091 962 2150 insistendi
975 2091 1062 2169 longe
1077 2093 1161 2150 aviis
1172 2091 1266 2150 carnis
1279 2101 1308 2150 et
1322 2095 1432 2168 mundi,

230 2175 362 2251 opposito
389 2172 513 2232 licentiae
541 2179 569 2229 et
590 2167 703 2226 levitati
717 2169 908 2246 profanorum.
951 2171 1040 2231 Tollit
1062 2191 1131 2249 crgo
1146 2172 1232 2230 timor
1252 2173 1306 2230 istc
1328 2171 1434 2232 falsum

206 2251 210 2263 '
229 2253 409 2311 certitudinis
430 2251 555 2323 modum,
571 2248 622 2325 qui
645 2245 710 2307 fluit
723 2269 740 2306 a
755 2251 906 2309 securitate
929 2251 1036 2309 carnali
1051 2260 1080 2310 ct
1100 2250 1219 2328 profana
1238 2252 1363 2325 licentia,
1380 2253 1432 2311 sed

227 2351 328 2389 verum
340 2331 489 2390 confirmat
513 2337 542 2387 et
564 2333 659 2402 auget,
674 2335 703 2385 et
717 2349 774 2405 quo
789 2332 882 2407 magis
895 2329 990 2389 fidelis
1003 2331 1059 2389 hoc
1073 2331 1159 2389 modo
1169 2351 1221 2408 per
1233 2333 1309 2408 piam
1325 2332 1432 2391 sollici-

230 2409 359 2468 tudinem
375 2417 467 2482 cavet,
483 2427 519 2466 ne
541 2405 685 2465 exorbitet
699 2426 716 2464 a
729 2409 778 2466 ria
790 2410 962 2484 sanctitatis,
978 2420 1009 2468 et
1028 2411 1121 2487 magis
1135 2411 1285 2488 magisque
1301 2411 1364 2469 Deo
1379 2432 1432 2471 suo

227 2509 279 2566 per
293 2497 427 2548 constans
442 2487 611 2564 obsequium
626 2482 762 2562 adhaeret,
779 2507 813 2546 eo
827 2489 921 2566 magis
941 2489 1029 2548 etiam
1042 2489 1231 2568 persuadetur
1244 2490 1280 2549 de
1295 2492 1389 2568 gratia
1403 2501 1433 2551 et

227 2589 324 2628 amore
339 2569 395 2628 Dei
416 2577 445 2626 et
459 2567 494 2625 dc
506 2567 598 2626 salute
613 2581 673 2620 sua.

269 2649 399 2708 XXIX.
422 2648 542 2724 Quoties
558 2655 629 2715 ottus
640 2660 671 2710 et
682 2655 762 2720 velpa
777 2647 806 2704 in
828 2647 976 2726 Scriptura
993 2650 1166 2727 junguntur,
1182 2657 1215 2709 ut
1241 2653 1254 2708 1
1273 2650 1338 2709 Cor.
1353 2651 1383 2709 ii.
1399 2655 1426 2729 3,

227 2737 256 2788 et
277 2735 294 2788 2
311 2731 375 2789 Cor.
391 2729 441 2787 vii.
455 2731 501 2804 15,
526 2728 601 2806 Eph.
616 2731 655 2788 vi.
671 2731 699 2804 5,
721 2727 886 2787 seruitii.
904 2732 949 2803 12,
974 2749 1033 2788 non
1058 2731 1193 2807 ingerunt
1206 2729 1294 2788 ullam
1314 2731 1429 2790 dubita-

225 2810 343 2886 tionem,
359 2809 407 2868 vcl
421 2808 662 2886 incertitudinem,
686 2817 716 2868 et
739 2807 946 2884 diffidentiam
969 2810 1021 2868 sed
1038 2810 1234 2871 humilitatam
1254 2819 1377 2884 tanturn,
1400 2821 1429 2871 et

226 2907 368 2948 summam
382 2889 470 2948 animi
493 2888 695 2948 demissionem
719 2895 834 2964 notant;
865 2889 944 2966 quod
967 2890 1015 2947 vel
1042 2909 1080 2948 cx
1093 2897 1238 2966 postremo
1261 2890 1324 2948 loco
1352 2891 1429 2950 clare

226 2969 380 3046 colligitur,
396 2970 426 3027 in
441 2989 498 3046 quo
508 2969 593 3046 jubet
608 2969 716 3028 Paulus
730 2969 855 3026 Salutem
871 2969 989 3045 operari
1001 2989 1063 3026 cam
1074 2969 1172 3027 umore
1186 2978 1213 3026 et
1225 2979 1353 3044 tremore,
1369 2991 1428 3030 non

223 3049 324 3126 utique
338 3049 504 3107 diffidentia
519 3057 548 3107 et
568 3048 764 3121 dubitationis,
786 3048 927 3124 siquidem
948 3049 1045 3106 statim
1060 3047 1141 3108 addit
1163 3049 1255 3106 Deum
1268 3051 1387 3125 operari
1398 3052 1427 3108 ia

223 3130 301 3188 mbo
314 3133 382 3189 uelle
406 3138 433 3188 et
449 3133 595 3205 perficere,
611 3129 689 3206 quod
713 3147 778 3186 curn
793 3127 829 3186 de
843 3128 937 3204 gratis
951 3137 1060 3187 certum
1082 3127 1197 3186 omnino
1212 3128 1358 3204 reddebat,
1375 3131 1427 3189 sed

222 3210 391 3268 reverentis
402 3216 431 3268 et
442 3209 653 3283 sollicitudinis,
666 3227 814 3286 perquam
825 3208 918 3284 gretia
933 3207 989 3265 Dei
1003 3207 1125 3266 salutern
1139 3215 1267 3266 nostram
1281 3217 1424 3287 operatur.

225 3287 304 3346 Hinc
318 3289 359 3362 fit,
374 3299 407 3348 ut
430 3287 515 3346 timor
529 3308 594 3346 cum
615 3288 786 3348 certitudine
809 3294 838 3345 ct
862 3287 968 3363 gaudio
983 3307 1041 3344 non
1056 3287 1145 3346 semel
1161 3287 1311 3364 jungetur.
1353 3289 1426 3364 Quis

224 3365 316 3425 Paulo
331 3369 436 3427 certior
449 3367 485 3425 dc
500 3368 594 3444 gratia
609 3369 665 3426 Dei
676 3375 705 3427 et
715 3367 751 3425 de
766 3365 858 3425 salute
873 3385 933 3440 sua,
949 3367 979 3424 in
994 3387 1052 3443 qua
1065 3368 1185 3441 exultat,
1202 3367 1286 3426 Rom.
1299 3369 1359 3427 viii.
1375 3371 1422 3444 38,

222 3449 241 3502 2
253 3445 327 3502 Tim.
337 3446 376 3503 iv.
389 3449 416 3520 6,
431 3449 457 3520 7,
470 3449 514 3504 8?
535 3445 606 3520 Quis
618 3456 714 3506 tamen
728 3465 762 3505 eo
777 3445 870 3522 magis
885 3447 1026 3506 sollicitus
1040 3447 1095 3505 fuit
1108 3447 1138 3504 in
1153 3447 1290 3506 cavendis
1298 3451 1424 3525 peccatis

222 3532 252 3582 et
266 3523 463 3600 promovenda
477 3525 710 3601 sanctificatione,
738 3525 834 3584 ICcr.
849 3526 890 3584 ix.
915 3531 963 3602 27,
986 3524 1062 3584 Phil.
1077 3526 1118 3584 iii.
1135 3529 1181 3600 13,
1196 3530 1241 3586 14.
1286 3529 1422 3587 SicPsal.

221 3603 250 3660 ii.
268 3605 314 3674 11,
339 3605 356 3636 ‘¹
367 3603 482 3661 Servirc
503 3604 566 3662 Deo
590 3605 621 3660 in
635 3605 736 3663 timore
757 3605 902 3682 jubemur,
924 3615 953 3665 et
977 3607 1107 3665 exultare
1129 3607 1160 3664 in
1173 3609 1326 3683 tremorc,’'
1349 3609 1423 3683 Quia

222 3681 368 3742 Gaudium
378 3681 440 3740 sine
451 3682 552 3740 timore
565 3685 706 3760 superbia,
718 3684 818 3742 Timor
832 3685 893 3743 sinc
904 3685 1010 3762 gaudio
1018 3685 1183 3763 desperatio
1194 3695 1246 3762 est,
1261 3687 1422 3764 Utrumque

217 3761 341 3839 junctim
357 3770 463 3822 certam
478 3761 612 3821 fiduciam
627 3783 692 3822 curu
706 3763 848 3841 profunda
861 3763 1022 3825 humilitate
1036 3767 1132 3824 animo
1146 3765 1235 3824 addit.
1269 3767 1315 3825 Ita
1328 3767 1421 3826 fidelis

219 3842 302 3902 timet
317 3843 355 3902 ob
368 3851 494 3921 peccata,
518 3843 625 3920 gaudet
640 3843 677 3901 ob
701 3843 833 3920 gratiam,
856 3843 939 3903 timet
952 3845 990 3903 oh
1015 3845 1209 3904 infirmitatem
1225 3848 1378 3924 propriam,
1394 3856 1423 3906 ct

219 3923 347 3999 pericula
371 3923 542 4000 ingruentia,
559 3931 588 3982 et
613 3923 734 3982 sollicite
757 3922 853 3982 media
867 3925 963 3982 omnia
976 3924 1102 4000 adhibet,
1125 3945 1161 3983 nc
1188 3925 1219 3982 iu
1240 3927 1421 3986 securitatem

220 4002 364 4060 carnalem
378 4005 502 4079 labatur,
518 4003 627 4082 gaudet
648 4012 744 4063 tamen
758 4002 864 4063 fiducia
878 4004 980 4063 auxilii
994 4003 1087 4062 divini
1109 4005 1164 4063 sibi
1178 4006 1320 4082 promissi,
1341 4027 1377 4065 ne
1392 4007 1421 4064 in

218 4081 447 4158 desperationem
462 4092 535 4144 ruat.
579 4084 617 4143 Et
632 4084 656 4143 si
670 4105 735 4161 quaa
748 4084 814 4142 loca
836 4084 872 4142 ad
895 4084 1028 4142 timorem
1042 4091 1071 4142 et
1085 4093 1193 4144 metum
1214 4085 1374 4162 hortantur,
1390 4095 1422 4146 ut

219 4159 306 4220 Prov.
332 4163 436 4222 xxviii.
454 4167 500 4238 14,
525 4163 617 4223 cht.
633 4164 652 4221 i.
670 4169 716 4239 17,
739 4172 769 4223 et
783 4164 855 4239 sim,
872 4163 1018 4222 inculcant
1038 4163 1135 4240 potius
1147 4164 1370 4226 sollicitudinem
1384 4167 1420 4226 dc

217 4239 333 4317 mediis,
350 4262 437 4319 quam
463 4242 671 4302 dubitationem
697 4244 734 4302 dc
758 4243 838 4318 fiue3
862 4243 900 4300 Et
921 4243 988 4301 tabe
1001 4243 1088 4302 timor
1101 4263 1160 4302 non
1174 4245 1363 4322 opponendus
1376 4255 1421 4305 est

217 4319 330 4379 dduciae
360 4341 430 4398 erga
458 4323 599 4398 promissa
628 4323 743 4398 Christi,
774 4323 826 4382 scd
859 4323 1077 4401 presumptioni
1111 4325 1219 4383 carnali
1240 4323 1276 4383 dc
1310 4325 1422 4385 viribus

236 4419 268 4457 ro
289 4420 347 4458 nrs.

216 4419 236 4476 P
257 4419 368 4537 XXX.
392 4479 474 4538 Licet
497 4478 564 4539 fidei
589 4481 696 4540 veritas
716 4480 841 4558 pendeat
865 4501 882 4538 a
903 4480 1067 4541 conditione
1091 4483 1186 4542 cordis
1214 4484 1328 4562 integri,
1352 4483 1419 4544 Act.

215 4555 276 4613 viii.
293 4561 340 4633 37,
367 4557 451 4618 Rom.
467 4579 497 4616 x.
521 4561 547 4634 9,
566 4562 611 4634 10,
627 4579 686 4619 non
700 4561 795 4619 minus
816 4568 989 4636 potestesse
1008 4571 1094 4638 certa,
1111 4565 1179 4640 quia
1200 4565 1288 4638 Deus,
1311 4565 1361 4642 qui
1376 4585 1419 4623 rc-

214 4632 302 4705 quiiit
316 4635 402 4696 fidem
417 4657 455 4696 cx
469 4637 582 4714 integro
593 4639 687 4715 corde,
703 4638 733 4697 id
747 4647 799 4715 est,
812 4639 924 4699 sincero
937 4649 968 4700 et
981 4641 1098 4700 minime
1112 4642 1216 4720 fucato,
1235 4647 1250 4702 l
1266 4643 1341 4704 uim.
1355 4645 1375 4703 i.
1390 4647 1417 4720 5,
