3186 5210
271 349 330 409 514
650 364 742 408 uoces
757 365 886 408 necinus
901 361 1036 414 ausurus.
1272 343 1389 428 [suasu.
1403 362 1455 406 ris.

274 509 472 588 promissionis
491 507 559 568 filiis
573 515 635 567 reta
645 517 699 583 est,
714 527 773 566 ver.
790 509 817 566 8.
853 505 962 583 Agitur
983 526 1053 584 ergo
1066 506 1114 566 hic
1134 505 1280 566 indefinite
1301 508 1336 566 dc
1349 508 1460 585 cujusvis

275 591 385 649 ordinis
398 609 432 647 ac
446 589 619 648 conditionis
638 587 804 660 infantibus,
820 586 870 662 qui
895 586 932 644 ad
958 587 1137 646 Electionem
1160 587 1217 646 Dei
1230 587 1376 664 pertinent,
1399 607 1460 664 quos

277 671 438 729 discernere
449 689 507 728 non
518 677 563 727 est
575 669 694 726 humani
704 665 816 744 judieii.
916 683 927 704 ·

580 748 639 806 III.
664 747 841 805 Sententiam
855 753 983 804 nostram
1004 745 1117 806 duabus
1137 746 1380 824 Propositionibus
1398 766 1460 804 com·

277 829 389 875 Infantes
407 841 455 874 non
474 827 515 873 ha
535 825 695 904 plectimur.
738 823 836 884 Prima
850 825 1004 904 opponitur
1018 827 1210 886 Lutheranis:
1232 829 1270 886 Ia
1288 829 1405 902 Infantes
1416 847 1460 884 nea

302 886 516 932 berefidomactu-
542 907 618 966 cadit
629 908 705 985 fides
724 907 852 965 aemath.
894 905 1033 966 Rationes
1055 915 1139 966 sunt:
1162 907 1269 980 Primo,
1292 907 1362 981 Quia
1378 906 1404 962 in
1422 925 1462 964 eos

307 945 522 998 alem,oontrahn·
606 987 613 998 ,
697 985 704 1000 ,
831 986 838 1000 ,
921 985 951 999 ,,
1041 987 1047 1000 ,
1204 987 1210 999 ,

308 1005 424 1050 rhamnos
467 1017 522 1061 pro
542 987 650 1045 nullius
664 1005 706 1044 rer
733 987 855 1044 actualis
869 993 972 1044 notitia
986 987 1071 1058 eadit,
1091 986 1168 1046 unde
1182 987 1317 1045 ducuntur
1333 1005 1387 1044 nou
1406 1007 1460 1062 eog-

279 1127 290 1166 1
308 1065 396 1170 uaeque:
459 1119 485 1163 11·
538 1085 655 1125 noscere
671 1065 778 1124 bonum
792 1075 843 1124 aut
856 1065 973 1142 malum,
989 1086 1041 1126 uec
1052 1066 1214 1126 discernere
1230 1087 1313 1142 posse
1324 1067 1393 1124 inter
1404 1066 1461 1123 dex·

294 1132 521 1224 '„,‡¹,¹‡¹„1¹};¹„¹,¹,¹f
541 1155 614 1206 tram
628 1155 658 1204 at
672 1145 825 1220 sinistram,
843 1143 929 1204 Dent.
944 1145 964 1204 i.
979 1149 1027 1221 39,
1057 1147 1114 1206 Isa.
1140 1147 1189 1206 vii.
1217 1149 1262 1223 16,
1285 1147 1353 1206 Jon.
1376 1147 1411 1204 lv.
1425 1149 1461 1202 ll.

308 1239 373 1282 siaiu
379 1239 445 1295 ipsos
452 1237 524 1290 cadis
545 1225 606 1286 Nec
620 1226 716 1304 excipi
727 1225 822 1299 debet,
839 1230 865 1282 l.
877 1225 990 1284 “Nasci
1003 1235 1100 1286 tamen
1113 1227 1266 1286 nobiscum
1276 1227 1419 1285 mrdtarum
1428 1245 1462 1282 re·

540 1325 603 1366 rum
617 1305 762 1364 notitias.'’
788 1305 863 1379 Quia
886 1305 966 1364 aliud
990 1315 1034 1366 est
1057 1307 1163 1366 habere
1177 1305 1319 1384 principia
1331 1315 1359 1365 et
1372 1305 1463 1364 semina

280 1389 446 1449 notitiarum
460 1388 490 1446 in
518 1385 718 1445 communibus
745 1385 911 1444 notionibus
938 1385 1022 1444 nobis
1050 1387 1152 1459 insitis,
1181 1386 1261 1464 quod
1282 1385 1463 1446 concedimus:

281 1471 373 1529 Aliud
387 1469 492 1528 habere
507 1467 648 1526 actualem
657 1465 798 1538 notitiam,
813 1465 891 1541 quod
902 1485 1051 1541 negemus.
1073 1471 1102 1524 2.
1111 1466 1237 1524 “Fidem
1248 1486 1305 1525 non
1314 1465 1425 1543 pendere
1434 1464 1464 1520 ab

280 1571 336 1610 usu
349 1549 477 1622 rationis,
493 1549 552 1605 imo
563 1545 669 1604 debere
680 1543 836 1622 subjugare
846 1544 876 1602 in
887 1545 932 1602 sui
944 1545 1113 1623 obsequium
1124 1546 1296 1623 rationem,''
1309 1551 1326 1604 2
1338 1545 1396 1604 Cor.
1407 1565 1432 1602 x.
1440 1547 1462 1601 5.

281 1631 356 1705 Quia
365 1629 445 1688 aliud
456 1637 500 1688 est
513 1627 600 1686 fidem
613 1625 738 1703 pendere
749 1625 786 1683 ab
800 1643 856 1683 usu
876 1625 996 1684 rationis
1010 1635 1147 1704 tanquam
1168 1625 1351 1704 aprincipio:
1389 1623 1465 1682 Aliud

280 1712 366 1770 fidem
379 1727 538 1787 supponere
552 1707 691 1766 rationem
703 1714 840 1781 tanquam
851 1703 1021 1781 subjectum.
1064 1705 1149 1764 Prius
1158 1725 1301 1782 negamus
1309 1725 1370 1764 eum
1380 1704 1464 1778 Paulo,
1542 1733 1543 1736 ¹

281 1792 332 1870 qui
352 1791 418 1849 ideo
432 1789 496 1847 vult
507 1785 647 1864 captivari
666 1785 806 1844 rationem
817 1785 847 1842 in
862 1783 1032 1862 obsequium
1045 1785 1122 1845 fidei.
1158 1785 1309 1846 Posterius
1332 1785 1466 1844 statuimus

282 1891 348 1931 cum
362 1871 472 1942 eodem,
487 1868 538 1944 qui
560 1866 624 1925 vult
645 1865 754 1924 cultum
778 1872 907 1923 nostrum
923 1865 1099 1942 spiritualem
1127 1885 1190 1924 esse
1206 1877 1307 1935 aequato,
1333 1865 1409 1923 Rom.
1422 1862 1464 1920 xii.

285 1955 310 2010 l.
333 1951 393 2010 Ubi
407 1969 477 2026 ergo
501 1967 559 2005 non
587 1945 672 2005 detur
698 1963 768 2004 usus
782 1944 910 2020 rationis,
935 1945 976 2002 ibi
997 1965 1050 2004 nec
1073 1965 1144 2004 usus
1158 1965 1211 2004 seu
1225 1945 1390 2005 exercitium
1410 1942 1466 2002 fidei

284 2031 347 2090 dari
361 2036 465 2108 potest.
876 2102 883 2116 ·

283 2149 304 2195 ²·
313 2145 524 2253 ruerem
545 2103 1467 2260 attereretur.haematitarum

312 2267 391 2318 duum
543 2285 597 2324 nec
619 2285 762 2338 assensus,
785 2264 835 2340 qui
855 2263 942 2322 debet
961 2263 1029 2322 ferri
1048 2264 1080 2322 in
1101 2265 1248 2342 objectum
1263 2265 1412 2342 cognitum,
1425 2277 1469 2317 net

280 2349 403 2425 fiducia,
419 2367 483 2425 quae
498 2352 630 2403 versatur
643 2345 673 2400 iu
690 2343 807 2422 speciali
829 2343 1020 2421 applicatione
1044 2345 1243 2421 promissionis
1265 2345 1382 2422 gratiae:
1402 2341 1469 2415 Ergo

283 2450 336 2489 nee
350 2428 428 2502 fidei,
438 2446 502 2503 quae
511 2422 603 2482 tribus
618 2423 681 2481 istis
695 2423 808 2482 actibus
822 2431 944 2482 constat.
966 2425 1030 2482 Imo
1044 2432 1176 2480 tricem
1189 2432 1234 2484 est
1243 2425 1308 2484 dari
1321 2433 1421 2484 motum
1434 2420 1469 2476 in·

282 2509 424 2582 tellectus,
439 2506 488 2564 vel
501 2501 659 2562 voluntatis
674 2503 735 2560 sine
757 2502 929 2578 cognitione,
945 2523 1010 2580 qua
1024 2504 1060 2561 ad
1070 2505 1136 2563 illos
1150 2524 1265 2581 semper
1279 2502 1444 2582 supponitur.

585 2581 622 2640 V.
644 2581 751 2656 Tertio,
775 2582 849 2656 Quia
864 2603 922 2640 non
938 2593 1005 2642 sunt
1019 2603 1138 2661 capaces
1152 2583 1310 2644 auditionis
1324 2593 1352 2642 et
1364 2581 1468 2641 medita-

545 2661 632 2721 tionis
649 2661 749 2736 Verbi,
771 2681 809 2720 ex
833 2681 890 2738 quo
909 2663 982 2722 fides
1004 2663 1173 2741 coneipitur,
1188 2667 1277 2724 Fides
1299 2665 1368 2723 caim
1387 2670 1422 2720 eat
1439 2677 1470 2716 ae

545 2743 653 2816 audita,
676 2741 760 2799 Rom.
782 2763 812 2800 x.
836 2745 882 2800 17.
935 2743 996 2800 Nec
1020 2742 1174 2802 dicendum
1196 2763 1263 2802 eum
1285 2743 1469 2804 Broehmauno
1541 2813 1542 2818 ἵ

285 2829 380 2886 Deum
394 2824 554 2885 destinasse
569 2823 758 2898 Baptismum,
773 2831 806 2880 ut
814 2823 962 2880 lavacrum
970 2841 1052 2900 aquae
1067 2824 1096 2880 in
1112 2823 1210 2882 Verbo
1224 2821 1422 2902 regenerandis
1433 2819 1469 2876 in·

284 2907 420 2983 sentibus,
444 2913 477 2964 ut
498 2923 549 2981 pro
573 2902 693 2961 Adultis
715 2901 872 2962 destinavit
894 2901 1069 2961 auditionem
1092 2903 1193 2963 Verbi.
1245 2903 1329 2979 Quia,
1353 2897 1469 2980 quamvis

286 2987 453 3064 Baptismus
468 2986 505 3043 sit
527 2982 643 3058 sig'num
665 2989 816 3041 externum
838 2982 938 3059 gratia
961 2983 1194 3059 regenerationis,
1209 2983 1247 3041 ad
1263 2985 1346 3060 cujus
1363 2995 1470 3059 prasen-

284 3069 354 3127 tiam
371 3068 450 3125 Deus
464 3063 621 3122 infantibus
636 3081 699 3121 eam
713 3069 808 3139 potest
822 3062 891 3120 dare
910 3081 962 3140 per
976 3062 1108 3140 spiritum
1123 3063 1184 3122 sine
1198 3063 1282 3122 verbi
1296 3062 1401 3135 auditu,
1415 3057 1469 3116 Non

284 3156 380 3227 potest
394 3155 490 3206 tamen
505 3141 562 3202 dici
575 3141 634 3202 illis
647 3141 710 3200 dari
730 3141 816 3200 fidem
837 3142 987 3215 actualem,
1002 3161 1067 3220 quae
1081 3142 1148 3202 talis
1162 3163 1226 3202 esse
1240 3163 1300 3202 non
1314 3150 1411 3222 potest,
1425 3135 1470 3195 nisi

285 3235 428 3306 quatenus
441 3233 508 3284 actu
522 3242 553 3282 se
567 3222 661 3281 exerit
674 3221 750 3282 circa
763 3221 893 3281 auditum
907 3221 1007 3280 Verbi.

590 3302 646 3360 VI.
669 3301 796 3376 Parvuli,
808 3301 959 3378 dequibus
973 3301 1070 3379 egitur
1081 3302 1187 3362 Matth.
1196 3302 1279 3363 xviii.
1291 3305 1318 3378 6,
1328 3302 1375 3380 qui
1384 3299 1469 3358 dicun

548 3381 640 3440 turin
654 3381 800 3440 Christum
810 3381 933 3456 credere,
944 3400 1002 3440 non
1017 3389 1084 3440 sunt
1094 3383 1219 3442 infantes
1232 3383 1263 3440 in
1277 3383 1381 3442 tenella
1391 3384 1470 3448 aetate,

550 3460 601 3520 sed
614 3461 704 3537 pueri,
720 3461 769 3537 qui
784 3461 908 3538 aliquem
923 3461 1042 3520 rationis
1055 3481 1140 3522 usum
1151 3463 1213 3539 jam
1223 3463 1348 3538 habant,
1369 3455 1470 3537 quiade
1538 3465 1539 3472 ³

285 3540 321 3599 iis
335 3539 439 3615 agitur,
455 3540 505 3616 qui
527 3547 647 3618 possunt
670 3541 768 3598 vocari
787 3548 817 3599 at
836 3541 1034 3614 maadahbari,
1049 3541 1128 3618 quod
1144 3542 1173 3600 in
1188 3541 1313 3602 infantes
1327 3561 1383 3600 non
1396 3535 1468 3605 cadit,

286 3619 367 3678 nulle
389 3618 458 3676 dum
477 3619 545 3676 boui
560 3619 607 3677 vel
621 3618 689 3677 mali
710 3619 813 3678 notitia
832 3620 978 3697 praeditos.
1020 3621 1082 3680 Nec
1098 3622 1193 3682 obstat
1208 3621 1257 3680 vel
1269 3640 1373 3681 nomen
1386 3621 1470 3686 «atta,

286 3697 365 3778 quod
378 3697 437 3756 illis
451 3697 593 3772 tribuitur,
609 3698 677 3774 quia
698 3700 832 3776 generale
853 3709 905 3775 est,
920 3720 979 3758 non
993 3701 1088 3760 minus
1102 3700 1252 3762 adultioris
1266 3701 1358 3762 atatis
1371 3711 1468 3777 puerei,

284 3799 371 3860 quam
386 3777 509 3836 infantes
524 3777 698 3854 significans.
720 3779 779 3836 Vel
786 3798 846 3836 vox
855 3789 953 3855 eptem,
969 3781 1164 3858 qusehabetnr
1173 3781 1244 3840 Luc.
1254 3782 1336 3839 xviii.
1348 3783 1391 3854 15,
1405 3773 1468 3852 quia

286 3855 562 3940 praeterquamquod
577 3877 636 3916 non
644 3858 769 3917 occurrit
778 3859 883 3918 Matth.
895 3861 987 3934 xviii,
999 3860 1049 3920 ubi
1060 3861 1156 3939 agitur
1164 3861 1200 3920 da
1209 3861 1338 3938 parvulis
1346 3852 1468 3920 credenti·

285 3942 349 4016 bus,
364 3947 460 4018 potest
474 3937 559 3997 etiam
579 3937 617 3996 ad
639 3947 752 3998 aetatem
775 3958 909 4016 capacem
926 3941 1115 4001 institutionis
1129 3941 1256 4017 extendi,
1272 3950 1304 4000 ut
1318 3937 1469 4000 Timotheus
1537 3967 1538 4041 p

286 4021 392 4081 dieitur
406 4027 453 4076 eet
464 4026 554 4092 βρίφινι
569 4019 695 4078 didicisse
708 4019 815 4078 Sacrae
835 4021 956 4096 Literna,
971 4025 990 4080 2
1004 4021 1082 4080 Tim.
1094 4021 1134 4080 iii.
1151 4023 1197 4081 15.
1240 4021 1326 4081 Adde
1341 4017 1469 4079 Christum

285 4101 333 4160 hic
347 4119 399 4177 par
413 4104 501 4174 cautla,
517 4118 581 4175 quae
596 4098 625 4156 iu
640 4099 733 4176 ipsum
748 4099 877 4175 credunt,
893 4120 977 4176 posse
998 4101 1160 4179 intelligere
1176 4101 1299 4177 adultos,
1321 4099 1370 4178 qni
1389 4091 1468 4155 humi·
1536 4095 1537 4148 i

286 4181 376 4255 litate,
392 4179 564 4254 innocentia,
581 4186 609 4238 et
623 4178 765 4240 modestia
778 4199 861 4257 pares
876 4187 943 4238 sunt
963 4179 1129 4241 infantibus.
1171 4181 1233 4240 Nee
1247 4179 1378 4240 concludi
1390 4175 1470 4254 potest

286 4261 411 4320 infantes
425 4265 454 4316 et
468 4277 572 4334 pueros
584 4259 726 4336 spirituali
734 4259 926 4337 intelligentia
935 4279 1019 4336 pares
1030 4279 1102 4336 ease,
1113 4281 1178 4321 cum
1190 4269 1259 4320 atas
1274 4261 1345 4320 nihil
1358 4255 1469 4318 content

286 4341 325 4399 ad
337 4338 433 4397 fidem.
476 4337 550 4412 Quia
563 4338 631 4397 licet
645 4347 716 4398 aetas
737 4339 810 4396 nihil
834 4337 962 4397 conferat
982 4339 1019 4398 ed
1039 4339 1135 4416 fidem,
1151 4349 1183 4400 ut
1197 4359 1284 4400 causa
1297 4339 1416 4398 efficiens
1427 4345 1468 4408 per

288 4440 328 4495 se,
344 4415 498 4494 requiritur
517 4425 615 4476 tamen
635 4419 673 4476 ad
693 4438 765 4492 eam,
781 4425 813 4476 ut
834 4417 995 4495 subjectum
1016 4420 1166 4498 recipiens,
1181 4422 1250 4497 qnia
1263 4411 1468 4493 unumquodque

287 4498 423 4576 recipitur
436 4495 473 4554 ad
487 4495 604 4554 modum
618 4498 791 4576 recipientis.
1535 4545 1536 4560 2

327 4577 400 4636 VII.
423 4575 517 4649 Quum
541 4575 702 4651 Apostolus
725 4579 774 4650 ait,
792 4575 880 4634 “sine
902 4575 958 4635 fide
981 4576 1158 4655 impossibile
1180 4598 1242 4638 esse
1265 4579 1375 4656 placare
1389 4563 1468 4640 Μ’
1535 4563 1536 4627 i

288 4657 366 4716 Hsb.
380 4655 421 4712 xi.
437 4654 919 4731 a,10quiturdeAdulus,quorum
932 4657 1065 4734 exempla
1073 4659 1155 4717 varia
1166 4659 1273 4719 ibidem
1283 4652 1469 4720 commemortll
1534 4729 1535 4750 Χ

284 2649 306 2696 3.
317 2649 382 2700 Quia
398 2661 445 2692 non
465 2650 524 2691 sunt

312 2721 411 2767 capaces
421 2705 504 2750 Verbi.

314 3365 407 3409 Fontes
423 3364 493 3409 Solu-

354 3423 458 3466 tlonum.
