<?xml version="1.0" encoding="UTF-8"?>
<!DOCTYPE html PUBLIC "-//W3C//DTD XHTML 1.0 Transitional//EN"
    "http://www.w3.org/TR/xhtml1/DTD/xhtml1-transitional.dtd">
<html xmlns="http://www.w3.org/1999/xhtml" xml:lang="en" lang="en">
 <head>
  <title>
</title>
<meta http-equiv="Content-Type" content="text/html;charset=utf-8" />
  <meta name='ocr-system' content='tesseract 3.04.00' />
  <meta name='ocr-capabilities' content='ocr_page ocr_carea ocr_par ocr_line ocrx_word'/>
</head>
<body>
  <div class='ocr_page' id='page_1' title='image "./francisciturret00pictgoog_0499.png"; bbox 0 0 3146 5210; ppageno 0'>
   <div class='ocr_carea' id='block_1_1' title="bbox 240 347 1445 429">
    <p class='ocr_par' dir='ltr' id='par_1_1' title="bbox 240 347 1445 429">
     <span class='ocr_line' id='line_1_1' title="bbox 240 347 1445 429; baseline 0 -23"><span class='ocrx_word' id='word_1_1' title='bbox 240 353 298 409; x_wconf 81' lang='grc'><strong>168</strong></span> <span class='ocrx_word' id='word_1_2' title='bbox 653 366 744 406; x_wconf 80' lang='lat' dir='ltr'><strong>rocus</strong></span> <span class='ocrx_word' id='word_1_3' title='bbox 759 365 888 407; x_wconf 83' lang='lat' dir='ltr'><strong>nucrucs</strong></span> <span class='ocrx_word' id='word_1_4' title='bbox 903 365 1038 414; x_wconf 81' lang='lat' dir='ltr'><strong>cururus.</strong></span> <span class='ocrx_word' id='word_1_5' title='bbox 1266 347 1393 429; x_wconf 71' lang='grc'>[111111.</span> <span class='ocrx_word' id='word_1_6' title='bbox 1407 365 1445 408; x_wconf 72' lang='lat' dir='ltr'><strong>rr.</strong></span> 
     </span>
    </p>
   </div>
   <div class='ocr_carea' id='block_1_2' title="bbox 161 505 1461 3062">
    <p class='ocr_par' dir='ltr' id='par_1_2' title="bbox 161 505 1461 3062">
     <span class='ocr_line' id='line_1_2' title="bbox 241 505 1449 587; baseline -0.002 -19"><span class='ocrx_word' id='word_1_7' title='bbox 241 517 408 586; x_wconf 88' lang='lat' dir='ltr'><strong>contemptu</strong></span> <span class='ocrx_word' id='word_1_8' title='bbox 422 517 451 568; x_wconf 91' lang='lat' dir='ltr'><strong>et</strong></span> <span class='ocrx_word' id='word_1_9' title='bbox 463 509 644 566; x_wconf 81' lang='lat' dir='ltr'><strong>aversatione</strong></span> <span class='ocrx_word' id='word_1_10' title='bbox 656 508 803 566; x_wconf 86' lang='lat' dir='ltr'><strong>hominurn</strong></span> <span class='ocrx_word' id='word_1_11' title='bbox 819 507 1027 585; x_wconf 82' lang='lat' dir='ltr'><strong>dignissimam.</strong></span> <span class='ocrx_word' id='word_1_12' title='bbox 1073 505 1105 564; x_wconf 90' lang='lat' dir='ltr'><strong>Si</strong></span> <span class='ocrx_word' id='word_1_13' title='bbox 1119 528 1188 568; x_wconf 82' lang='lat' dir='ltr'><strong>vero</strong></span> <span class='ocrx_word' id='word_1_14' title='bbox 1199 508 1272 568; x_wconf 84' lang='lat' dir='ltr'><strong>talia</strong></span> <span class='ocrx_word' id='word_1_15' title='bbox 1287 510 1449 587; x_wconf 79' lang='lat' dir='ltr'><strong>praejudicia</strong></span> 
     </span>
     <span class='ocr_line' id='line_1_3' title="bbox 236 587 1450 666; baseline -0.001 -17"><span class='ocrx_word' id='word_1_16' title='bbox 236 611 278 649; x_wconf 86' lang='lat' dir='ltr'><strong>cx</strong></span> <span class='ocrx_word' id='word_1_17' title='bbox 293 591 384 648; x_wconf 82' lang='lat' dir='ltr'><strong>Verbi</strong></span> <span class='ocrx_word' id='word_1_18' title='bbox 406 589 610 666; x_wconf 72' lang='lat' dir='ltr'><strong>praedicatione</strong></span> <span class='ocrx_word' id='word_1_19' title='bbox 626 595 784 646; x_wconf 88' lang='lat' dir='ltr'><strong>nascuntur</strong></span> <span class='ocrx_word' id='word_1_20' title='bbox 799 597 827 646; x_wconf 92' lang='lat' dir='ltr'><strong>et</strong></span> <span class='ocrx_word' id='word_1_21' title='bbox 842 587 1062 661; x_wconf 84' lang='lat' dir='ltr'><strong>confirmantur;</strong></span> <span class='ocrx_word' id='word_1_22' title='bbox 1086 587 1142 661; x_wconf 92' lang='lat' dir='ltr'><strong>Qui</strong></span> <span class='ocrx_word' id='word_1_23' title='bbox 1156 589 1220 646; x_wconf 86' lang='lat' dir='ltr'><strong>fieri</strong></span> <span class='ocrx_word' id='word_1_24' title='bbox 1245 599 1344 666; x_wconf 87' lang='lat' dir='ltr'><strong>potest</strong></span> <span class='ocrx_word' id='word_1_25' title='bbox 1358 604 1390 648; x_wconf 87' lang='grc'><strong>111</strong></span> <span class='ocrx_word' id='word_1_26' title='bbox 1403 609 1450 666; x_wconf 81' lang='lat' dir='ltr'><strong>per</strong></span> 
     </span>
     <span class='ocr_line' id='line_1_4' title="bbox 241 667 1447 747; baseline -0.001 -19"><span class='ocrx_word' id='word_1_27' title='bbox 241 690 303 728; x_wconf 89' lang='lat' dir='ltr'><strong>cam</strong></span> <span class='ocrx_word' id='word_1_28' title='bbox 329 671 498 747; x_wconf 87' lang='lat' dir='ltr'><strong>simpliciter</strong></span> <span class='ocrx_word' id='word_1_29' title='bbox 522 669 687 728; x_wconf 84' lang='lat' dir='ltr'><strong>tollantur?</strong></span> <span class='ocrx_word' id='word_1_30' title='bbox 729 667 805 742; x_wconf 85' lang='lat' dir='ltr'><strong>Quid</strong></span> <span class='ocrx_word' id='word_1_31' title='bbox 830 667 908 744; x_wconf 88' lang='lat' dir='ltr'><strong>quod</strong></span> <span class='ocrx_word' id='word_1_32' title='bbox 930 667 1077 744; x_wconf 72' lang='lat' dir='ltr'><strong>Scriptum</strong></span> <span class='ocrx_word' id='word_1_33' title='bbox 1102 669 1173 725; x_wconf 87' lang='lat' dir='ltr'><strong>satis</strong></span> <span class='ocrx_word' id='word_1_34' title='bbox 1194 678 1321 728; x_wconf 87' lang='lat' dir='ltr'><strong>testatur</strong></span> <span class='ocrx_word' id='word_1_35' title='bbox 1336 690 1447 746; x_wconf 78' lang='lat' dir='ltr'><strong>corrup</strong></span> 
     </span>
     <span class='ocr_line' id='line_1_5' title="bbox 240 746 1449 826; baseline -0.002 -18"><span class='ocrx_word' id='word_1_36' title='bbox 240 751 349 808; x_wconf 89' lang='lat' dir='ltr'><strong>tionem</strong></span> <span class='ocrx_word' id='word_1_37' title='bbox 363 759 490 809; x_wconf 86' lang='lat' dir='ltr'><strong>nostram</strong></span> <span class='ocrx_word' id='word_1_38' title='bbox 505 748 683 826; x_wconf 79' lang='lat' dir='ltr'><strong>originalem,</strong></span> <span class='ocrx_word' id='word_1_39' title='bbox 699 767 757 805; x_wconf 89' lang='lat' dir='ltr'><strong>nou</strong></span> <span class='ocrx_word' id='word_1_40' title='bbox 778 748 809 804; x_wconf 90' lang='lat' dir='ltr'><strong>in</strong></span> <span class='ocrx_word' id='word_1_41' title='bbox 829 748 916 805; x_wconf 89' lang='lat' dir='ltr'><strong>meris</strong></span> <span class='ocrx_word' id='word_1_42' title='bbox 939 746 1114 824; x_wconf 75' lang='lat' dir='ltr'><strong>praejudiciis</strong></span> <span class='ocrx_word' id='word_1_43' title='bbox 1137 758 1166 806; x_wconf 90' lang='lat' dir='ltr'><strong>et</strong></span> <span class='ocrx_word' id='word_1_44' title='bbox 1190 748 1274 806; x_wconf 85' lang='lat' dir='ltr'><strong>falsis</strong></span> <span class='ocrx_word' id='word_1_45' title='bbox 1299 749 1449 807; x_wconf 81' lang='grc'>1111111111-</span> 
     </span>
     <span class='ocr_line' id='line_1_6' title="bbox 241 827 1449 905; baseline -0.002 -17"><span class='ocrx_word' id='word_1_46' title='bbox 241 830 350 905; x_wconf 87' lang='lat' dir='ltr'><strong>sistere,</strong></span> <span class='ocrx_word' id='word_1_47' title='bbox 367 830 438 888; x_wconf 89' lang='lat' dir='ltr'><strong>alias</strong></span> <span class='ocrx_word' id='word_1_48' title='bbox 453 830 576 887; x_wconf 79' lang='lat' dir='ltr'><strong>infantes</strong></span> <span class='ocrx_word' id='word_1_49' title='bbox 597 829 626 885; x_wconf 93' lang='lat' dir='ltr'><strong>in</strong></span> <span class='ocrx_word' id='word_1_50' title='bbox 641 848 713 904; x_wconf 88' lang='lat' dir='ltr'><strong>quos</strong></span> <span class='ocrx_word' id='word_1_51' title='bbox 728 847 785 885; x_wconf 92' lang='lat' dir='ltr'><strong>non</strong></span> <span class='ocrx_word' id='word_1_52' title='bbox 800 827 915 900; x_wconf 86' lang='lat' dir='ltr'><strong>cadunt,</strong></span> <span class='ocrx_word' id='word_1_53' title='bbox 931 827 967 884; x_wconf 90' lang='lat' dir='ltr'><strong>ab</strong></span> <span class='ocrx_word' id='word_1_54' title='bbox 978 829 1034 885; x_wconf 88' lang='lat' dir='ltr'><strong>isto</strong></span> <span class='ocrx_word' id='word_1_55' title='bbox 1048 836 1167 903; x_wconf 89' lang='lat' dir='ltr'><strong>peceato</strong></span> <span class='ocrx_word' id='word_1_56' title='bbox 1178 837 1279 887; x_wconf 84' lang='lat' dir='ltr'><strong>essent</strong></span> <span class='ocrx_word' id='word_1_57' title='bbox 1293 829 1449 894; x_wconf 71' lang='lat' dir='ltr'><strong>immunes:</strong></span> 
     </span>
     <span class='ocr_line' id='line_1_7' title="bbox 243 907 1451 988; baseline -0.002 -19"><span class='ocrx_word' id='word_1_58' title='bbox 243 911 301 969; x_wconf 89' lang='lat' dir='ltr'><strong>Sed</strong></span> <span class='ocrx_word' id='word_1_59' title='bbox 315 911 346 967; x_wconf 94' lang='lat' dir='ltr'><strong>in</strong></span> <span class='ocrx_word' id='word_1_60' title='bbox 360 911 459 988; x_wconf 91' lang='lat' dir='ltr'><strong>pravis</strong></span> <span class='ocrx_word' id='word_1_61' title='bbox 472 908 628 982; x_wconf 87' lang='lat' dir='ltr'><strong>habitibus,</strong></span> <span class='ocrx_word' id='word_1_62' title='bbox 651 917 680 966; x_wconf 92' lang='lat' dir='ltr'><strong>et</strong></span> <span class='ocrx_word' id='word_1_63' title='bbox 695 907 821 984; x_wconf 87' lang='lat' dir='ltr'><strong>generali</strong></span> <span class='ocrx_word' id='word_1_64' title='bbox 846 907 1013 966; x_wconf 77' lang='lat' dir='ltr'><strong>facultatum</strong></span> <span class='ocrx_word' id='word_1_65' title='bbox 1027 915 1191 965; x_wconf 88' lang='lat' dir='ltr'><strong>nostrarum</strong></span> <span class='ocrx_word' id='word_1_66' title='bbox 1205 917 1305 978; x_wconf 51' lang='grc'>111111,</span> <span class='ocrx_word' id='word_1_67' title='bbox 1317 919 1348 967; x_wconf 87' lang='lat' dir='ltr'><strong>et</strong></span> <span class='ocrx_word' id='word_1_68' title='bbox 1358 909 1451 966; x_wconf 83' lang='lat' dir='ltr'><strong>innata</strong></span> 
     </span>
     <span class='ocr_line' id='line_1_8' title="bbox 242 987 1450 1064; baseline -0.001 -16"><span class='ocrx_word' id='word_1_69' title='bbox 242 991 412 1050; x_wconf 82' lang='lat' dir='ltr'><strong>mortalibus</strong></span> <span class='ocrx_word' id='word_1_70' title='bbox 434 989 567 1048; x_wconf 90' lang='lat' dir='ltr'><strong>omnibus</strong></span> <span class='ocrx_word' id='word_1_71' title='bbox 590 988 627 1044; x_wconf 90' lang='lat' dir='ltr'><strong>ad</strong></span> <span class='ocrx_word' id='word_1_72' title='bbox 652 989 759 1046; x_wconf 86' lang='lat' dir='ltr'><strong>malum</strong></span> <span class='ocrx_word' id='word_1_73' title='bbox 773 987 856 1045; x_wconf 85' lang='lat' dir='ltr'><strong>totali</strong></span> <span class='ocrx_word' id='word_1_74' title='bbox 880 1008 913 1045; x_wconf 89' lang='lat' dir='ltr'><strong>ac</strong></span> <span class='ocrx_word' id='word_1_75' title='bbox 929 1006 1039 1044; x_wconf 89' lang='lat' dir='ltr'><strong>summa</strong></span> <span class='ocrx_word' id='word_1_76' title='bbox 1053 987 1141 1044; x_wconf 89' lang='lat' dir='ltr'><strong>animi</strong></span> <span class='ocrx_word' id='word_1_77' title='bbox 1156 989 1363 1064; x_wconf 75' lang='lat' dir='ltr'><strong>propensione,</strong></span> <span class='ocrx_word' id='word_1_78' title='bbox 1380 991 1450 1047; x_wconf 84' lang='lat' dir='ltr'><strong>uude</strong></span> 
     </span>
     <span class='ocr_line' id='line_1_9' title="bbox 243 1066 1449 1145; baseline -0.002 -16"><span class='ocrx_word' id='word_1_79' title='bbox 243 1079 337 1129; x_wconf 89' lang='lat' dir='ltr'><strong>ortum</strong></span> <span class='ocrx_word' id='word_1_80' title='bbox 351 1071 460 1127; x_wconf 81' lang='lat' dir='ltr'><strong>duxere</strong></span> <span class='ocrx_word' id='word_1_81' title='bbox 475 1067 661 1144; x_wconf 86' lang='lat' dir='ltr'><strong>praejudicia;</strong></span> <span class='ocrx_word' id='word_1_82' title='bbox 684 1087 770 1143; x_wconf 91' lang='lat' dir='ltr'><strong>quam</strong></span> <span class='ocrx_word' id='word_1_83' title='bbox 785 1067 924 1142; x_wconf 86' lang='lat' dir='ltr'><strong>Verbum,</strong></span> <span class='ocrx_word' id='word_1_84' title='bbox 940 1066 1094 1142; x_wconf 86' lang='lat' dir='ltr'><strong>quantavis</strong></span> <span class='ocrx_word' id='word_1_85' title='bbox 1103 1067 1449 1145; x_wconf 87' lang='lat' dir='ltr'><strong>evidentiapropositum,</strong></span> 
     </span>
     <span class='ocr_line' id='line_1_10' title="bbox 241 1146 1452 1226; baseline 0 -19"><span class='ocrx_word' id='word_1_86' title='bbox 241 1169 389 1226; x_wconf 89' lang='lat' dir='ltr'><strong>nunquam</strong></span> <span class='ocrx_word' id='word_1_87' title='bbox 403 1157 514 1206; x_wconf 86' lang='lat' dir='ltr'><strong>mutare</strong></span> <span class='ocrx_word' id='word_1_88' title='bbox 528 1156 626 1223; x_wconf 87' lang='lat' dir='ltr'><strong>posset</strong></span> <span class='ocrx_word' id='word_1_89' title='bbox 640 1147 696 1205; x_wconf 87' lang='lat' dir='ltr'><strong>uisi</strong></span> <span class='ocrx_word' id='word_1_90' title='bbox 718 1147 866 1205; x_wconf 85' lang='lat' dir='ltr'><strong>accederet</strong></span> <span class='ocrx_word' id='word_1_91' title='bbox 885 1148 930 1204; x_wconf 86' lang='lat' dir='ltr'><strong>vis</strong></span> <span class='ocrx_word' id='word_1_92' title='bbox 944 1146 1119 1204; x_wconf 85' lang='lat' dir='ltr'><strong>vorticordia</strong></span> <span class='ocrx_word' id='word_1_93' title='bbox 1136 1147 1271 1222; x_wconf 80' lang='lat' dir='ltr'><strong>Spiritus,</strong></span> <span class='ocrx_word' id='word_1_94' title='bbox 1289 1150 1343 1225; x_wconf 88' lang='lat' dir='ltr'><strong>qui</strong></span> <span class='ocrx_word' id='word_1_95' title='bbox 1358 1170 1408 1208; x_wconf 89' lang='lat' dir='ltr'><strong>eor</strong></span> <span class='ocrx_word' id='word_1_96' title='bbox 1420 1151 1452 1207; x_wconf 82' lang='lat' dir='ltr'><strong>de</strong></span> 
     </span>
     <span class='ocr_line' id='line_1_11' title="bbox 242 1225 1453 1304; baseline 0.001 -18"><span class='ocrx_word' id='word_1_97' title='bbox 242 1249 319 1286; x_wconf 91' lang='lat' dir='ltr'><strong>novo</strong></span> <span class='ocrx_word' id='word_1_98' title='bbox 341 1233 418 1286; x_wconf 87' lang='lat' dir='ltr'><strong>creet</strong></span> <span class='ocrx_word' id='word_1_99' title='bbox 433 1237 461 1286; x_wconf 90' lang='lat' dir='ltr'><strong>et</strong></span> <span class='ocrx_word' id='word_1_100' title='bbox 475 1227 606 1303; x_wconf 85' lang='lat' dir='ltr'><strong>refingat,</strong></span> <span class='ocrx_word' id='word_1_101' title='bbox 623 1237 652 1285; x_wconf 92' lang='grc'><strong>11</strong></span> <span class='ocrx_word' id='word_1_102' title='bbox 665 1227 804 1285; x_wconf 87' lang='lat' dir='ltr'><strong>rationem</strong></span> <span class='ocrx_word' id='word_1_103' title='bbox 820 1225 1137 1304; x_wconf 88' lang='lat' dir='ltr'><strong>captivandoflectatin</strong></span> <span class='ocrx_word' id='word_1_104' title='bbox 1148 1227 1324 1303; x_wconf 89' lang='lat' dir='ltr'><strong>obsequium</strong></span> <span class='ocrx_word' id='word_1_105' title='bbox 1337 1231 1453 1287; x_wconf 72' lang='lat' dir='ltr'><strong>Christi.</strong></span> 
     </span>
     <span class='ocr_line' id='line_1_12' title="bbox 283 1306 1454 1386; baseline 0.002 -21"><span class='ocrx_word' id='word_1_106' title='bbox 283 1307 432 1366; x_wconf 86' lang='lat' dir='ltr'>XXXII.</span> <span class='ocrx_word' id='word_1_107' title='bbox 456 1307 521 1365; x_wconf 90' lang='lat' dir='ltr'><strong>Hoc</strong></span> <span class='ocrx_word' id='word_1_108' title='bbox 543 1309 637 1384; x_wconf 90' lang='lat' dir='ltr'><strong>ipsum</strong></span> <span class='ocrx_word' id='word_1_109' title='bbox 660 1327 729 1365; x_wconf 87' lang='lat' dir='ltr'><strong>vcro</strong></span> <span class='ocrx_word' id='word_1_110' title='bbox 750 1307 856 1364; x_wconf 89' lang='lat' dir='ltr'><strong>clarius</strong></span> <span class='ocrx_word' id='word_1_111' title='bbox 876 1306 970 1364; x_wconf 87' lang='lat' dir='ltr'><strong>adhuc</strong></span> <span class='ocrx_word' id='word_1_112' title='bbox 995 1306 1181 1365; x_wconf 88' lang='lat' dir='ltr'><strong>confirmatur</strong></span> <span class='ocrx_word' id='word_1_113' title='bbox 1205 1327 1243 1364; x_wconf 85' lang='lat' dir='ltr'><strong>ex</strong></span> <span class='ocrx_word' id='word_1_114' title='bbox 1269 1309 1454 1386; x_wconf 83' lang='lat' dir='ltr'><strong>corruptione</strong></span> 
     </span>
     <span class='ocr_line' id='line_1_13' title="bbox 243 1385 1455 1466; baseline 0.001 -19"><span class='ocrx_word' id='word_1_115' title='bbox 243 1389 377 1466; x_wconf 85' lang='lat' dir='ltr'><strong>originali</strong></span> <span class='ocrx_word' id='word_1_116' title='bbox 392 1387 555 1446; x_wconf 81' lang='lat' dir='ltr'><strong>Infantibus</strong></span> <span class='ocrx_word' id='word_1_117' title='bbox 567 1387 729 1462; x_wconf 82' lang='lat' dir='ltr'><strong>congenita.</strong></span> <span class='ocrx_word' id='word_1_118' title='bbox 766 1387 839 1443; x_wconf 90' lang='lat' dir='ltr'><strong>Nam</strong></span> <span class='ocrx_word' id='word_1_119' title='bbox 852 1387 875 1442; x_wconf 91' lang='lat' dir='ltr'><strong>si</strong></span> <span class='ocrx_word' id='word_1_120' title='bbox 885 1393 1006 1454; x_wconf 84' lang='lat' dir='ltr'><strong>constat,</strong></span> <span class='ocrx_word' id='word_1_121' title='bbox 1016 1394 1049 1443; x_wconf 89' lang='grc'><strong>111</strong></span> <span class='ocrx_word' id='word_1_122' title='bbox 1062 1385 1209 1462; x_wconf 88' lang='lat' dir='ltr'><strong>Scriptura</strong></span> <span class='ocrx_word' id='word_1_123' title='bbox 1220 1388 1312 1446; x_wconf 88' lang='lat' dir='ltr'><strong>toties</strong></span> <span class='ocrx_word' id='word_1_124' title='bbox 1323 1399 1455 1458; x_wconf 83' lang='lat' dir='ltr'><strong>testatur,</strong></span> 
     </span>
     <span class='ocr_line' id='line_1_14' title="bbox 243 1466 1454 1547; baseline 0 -20"><span class='ocrx_word' id='word_1_125' title='bbox 243 1489 293 1528; x_wconf 90' lang='lat' dir='ltr'><strong>cos</strong></span> <span class='ocrx_word' id='word_1_126' title='bbox 305 1469 384 1547; x_wconf 83' lang='lat' dir='ltr'><strong>filios</strong></span> <span class='ocrx_word' id='word_1_127' title='bbox 398 1488 455 1526; x_wconf 84' lang='lat' dir='ltr'><strong>esse</strong></span> <span class='ocrx_word' id='word_1_128' title='bbox 469 1469 528 1541; x_wconf 85' lang='lat' dir='ltr'><strong>iroe,</strong></span> <span class='ocrx_word' id='word_1_129' title='bbox 544 1487 602 1524; x_wconf 93' lang='lat' dir='ltr'><strong>non</strong></span> <span class='ocrx_word' id='word_1_130' title='bbox 624 1485 706 1524; x_wconf 88' lang='lat' dir='ltr'><strong>secus</strong></span> <span class='ocrx_word' id='word_1_131' title='bbox 721 1487 754 1524; x_wconf 90' lang='lat' dir='ltr'><strong>ac</strong></span> <span class='ocrx_word' id='word_1_132' title='bbox 774 1475 901 1540; x_wconf 80' lang='lat' dir='ltr'><strong>caeterea,</strong></span> <span class='ocrx_word' id='word_1_133' title='bbox 917 1475 1041 1524; x_wconf 76' lang='lat' dir='ltr'><strong>morawa</strong></span> <span class='ocrx_word' id='word_1_134' title='bbox 1054 1466 1225 1541; x_wconf 85' lang='lat' dir='ltr'><strong>inpeccatis,</strong></span> <span class='ocrx_word' id='word_1_135' title='bbox 1244 1467 1323 1543; x_wconf 88' lang='lat' dir='ltr'><strong>Eph.</strong></span> <span class='ocrx_word' id='word_1_136' title='bbox 1339 1469 1372 1527; x_wconf 89' lang='lat' dir='ltr'><strong>ii.</strong></span> <span class='ocrx_word' id='word_1_137' title='bbox 1387 1472 1412 1540; x_wconf 88' lang='lat'><strong>1,</strong></span> <span class='ocrx_word' id='word_1_138' title='bbox 1428 1475 1454 1544; x_wconf 76' lang='grc'><strong>’2,</strong></span> 
     </span>
     <span class='ocr_line' id='line_1_15' title="bbox 247 1547 1455 1625; baseline 0.003 -18"><span class='ocrx_word' id='word_1_139' title='bbox 247 1558 276 1608; x_wconf 86' lang='grc'><strong>11</strong></span> <span class='ocrx_word' id='word_1_140' title='bbox 287 1559 431 1625; x_wconf 82' lang='lat' dir='ltr'><strong>conceptos</strong></span> <span class='ocrx_word' id='word_1_141' title='bbox 446 1549 474 1606; x_wconf 88' lang='lat' dir='ltr'><strong>in</strong></span> <span class='ocrx_word' id='word_1_142' title='bbox 489 1547 641 1624; x_wconf 79' lang='lat' dir='ltr'><strong>iniquitate,</strong></span> <span class='ocrx_word' id='word_1_143' title='bbox 654 1547 730 1604; x_wconf 90' lang='lat' dir='ltr'><strong>Psal.</strong></span> <span class='ocrx_word' id='word_1_144' title='bbox 745 1547 785 1619; x_wconf 78' lang='lat' dir='ltr'><strong>li,</strong></span> <span class='ocrx_word' id='word_1_145' title='bbox 798 1547 954 1604; x_wconf 84' lang='lat' dir='ltr'><strong>immundos</strong></span> <span class='ocrx_word' id='word_1_146' title='bbox 968 1555 995 1603; x_wconf 91' lang='lat' dir='ltr'><strong>et</strong></span> <span class='ocrx_word' id='word_1_147' title='bbox 1004 1565 1040 1602; x_wconf 81' lang='lat' dir='ltr'><strong>cac</strong></span> <span class='ocrx_word' id='word_1_148' title='bbox 1053 1565 1139 1603; x_wconf 84' lang='lat' dir='ltr'><strong>carue</strong></span> <span class='ocrx_word' id='word_1_149' title='bbox 1153 1556 1243 1622; x_wconf 84' lang='lat' dir='ltr'><strong>natos,</strong></span> <span class='ocrx_word' id='word_1_150' title='bbox 1260 1548 1280 1606; x_wconf 89' lang='lat' dir='ltr'>J</span> <span class='ocrx_word' id='word_1_151' title='bbox 1283 1548 1336 1607; x_wconf 90' lang='lat' dir='ltr'><strong>ob.</strong></span> <span class='ocrx_word' id='word_1_152' title='bbox 1351 1549 1415 1608; x_wconf 73' lang='lat' dir='ltr'><strong>xiv.</strong></span> <span class='ocrx_word' id='word_1_153' title='bbox 1430 1557 1455 1612; x_wconf 80' lang='lat'><strong>4.</strong></span> 
     </span>
     <span class='ocr_line' id='line_1_16' title="bbox 243 1625 1458 1707; baseline 0.001 -19"><span class='ocrx_word' id='word_1_154' title='bbox 243 1630 263 1688; x_wconf 85' lang='lat' dir='ltr'>J</span> <span class='ocrx_word' id='word_1_155' title='bbox 267 1631 313 1688; x_wconf 92' lang='lat' dir='ltr'><strong>oh.</strong></span> <span class='ocrx_word' id='word_1_156' title='bbox 329 1631 369 1688; x_wconf 93' lang='lat' dir='ltr'><strong>iii.</strong></span> <span class='ocrx_word' id='word_1_157' title='bbox 395 1633 422 1704; x_wconf 88' lang='grc'><strong>6,</strong></span> <span class='ocrx_word' id='word_1_158' title='bbox 439 1628 489 1705; x_wconf 91' lang='lat' dir='ltr'><strong>qui</strong></span> <span class='ocrx_word' id='word_1_159' title='bbox 503 1648 554 1704; x_wconf 89' lang='lat' dir='ltr'><strong>par</strong></span> <span class='ocrx_word' id='word_1_160' title='bbox 578 1647 757 1702; x_wconf 87' lang='lat' dir='ltr'><strong>consequens</strong></span> <span class='ocrx_word' id='word_1_161' title='bbox 781 1627 811 1683; x_wconf 93' lang='lat' dir='ltr'><strong>in</strong></span> <span class='ocrx_word' id='word_1_162' title='bbox 827 1627 961 1701; x_wconf 86' lang='lat' dir='ltr'><strong>Regnum</strong></span> <span class='ocrx_word' id='word_1_163' title='bbox 976 1625 1113 1683; x_wconf 85' lang='lat' dir='ltr'><strong>coelorum</strong></span> <span class='ocrx_word' id='word_1_164' title='bbox 1127 1645 1185 1683; x_wconf 92' lang='lat' dir='ltr'><strong>non</strong></span> <span class='ocrx_word' id='word_1_165' title='bbox 1199 1637 1328 1703; x_wconf 89' lang='lat' dir='ltr'><strong>possunt</strong></span> <span class='ocrx_word' id='word_1_166' title='bbox 1343 1629 1458 1707; x_wconf 87' lang='lat' dir='ltr'><strong>ingredi</strong></span> 
     </span>
     <span class='ocr_line' id='line_1_17' title="bbox 242 1705 1458 1788; baseline 0.001 -22"><span class='ocrx_word' id='word_1_167' title='bbox 242 1710 298 1767; x_wconf 91' lang='lat' dir='ltr'><strong>nisi</strong></span> <span class='ocrx_word' id='word_1_168' title='bbox 313 1711 392 1787; x_wconf 89' lang='lat' dir='ltr'><strong>prius</strong></span> <span class='ocrx_word' id='word_1_169' title='bbox 414 1717 625 1785; x_wconf 86' lang='lat' dir='ltr'><strong>regenerentur,</strong></span> <span class='ocrx_word' id='word_1_170' title='bbox 642 1707 711 1766; x_wconf 83' lang='lat' dir='ltr'><strong>Joh.</strong></span> <span class='ocrx_word' id='word_1_171' title='bbox 728 1706 767 1762; x_wconf 93' lang='lat' dir='ltr'><strong>iii.</strong></span> <span class='ocrx_word' id='word_1_172' title='bbox 790 1709 817 1779; x_wconf 87' lang='lat'><strong>5,</strong></span> <span class='ocrx_word' id='word_1_173' title='bbox 840 1705 933 1782; x_wconf 87' lang='lat' dir='ltr'><strong>Apoc.</strong></span> <span class='ocrx_word' id='word_1_174' title='bbox 956 1706 1016 1763; x_wconf 85' lang='lat' dir='ltr'><strong>xxi.</strong></span> <span class='ocrx_word' id='word_1_175' title='bbox 1029 1709 1066 1762; x_wconf 77' lang='lat'><strong>27</strong></span> <span class='ocrx_word' id='word_1_176' title='bbox 1083 1727 1090 1780; x_wconf 77' lang='lat'><em>3</em></span> <span class='ocrx_word' id='word_1_177' title='bbox 1134 1705 1288 1779; x_wconf 90' lang='lat' dir='ltr'><strong>Quomodo</strong></span> <span class='ocrx_word' id='word_1_178' title='bbox 1304 1713 1458 1788; x_wconf 83' lang='lat' dir='ltr'><strong>repurgari</strong></span> 
     </span>
     <span class='ocr_line' id='line_1_18' title="bbox 161 1781 1459 1866; baseline -0.004 -18"><span class='ocrx_word' id='word_1_179' title='bbox 161 1781 166 1792; x_wconf 58' lang='lat'>⁸</span> <span class='ocrx_word' id='word_1_180' title='bbox 243 1799 364 1866; x_wconf 87' lang='lat' dir='ltr'><strong>possunt</strong></span> <span class='ocrx_word' id='word_1_181' title='bbox 378 1810 396 1847; x_wconf 93' lang='lat' dir='ltr'><strong>a</strong></span> <span class='ocrx_word' id='word_1_182' title='bbox 409 1789 542 1847; x_wconf 90' lang='lat' dir='ltr'><strong>sordibus</strong></span> <span class='ocrx_word' id='word_1_183' title='bbox 558 1788 625 1861; x_wconf 88' lang='lat' dir='ltr'><strong>suis,</strong></span> <span class='ocrx_word' id='word_1_184' title='bbox 643 1796 671 1844; x_wconf 90' lang='lat' dir='ltr'><strong>et</strong></span> <span class='ocrx_word' id='word_1_185' title='bbox 685 1786 764 1844; x_wconf 90' lang='lat' dir='ltr'><strong>nasci</strong></span> <span class='ocrx_word' id='word_1_186' title='bbox 780 1806 817 1843; x_wconf 72' lang='lat' dir='ltr'><strong>esc</strong></span> <span class='ocrx_word' id='word_1_187' title='bbox 839 1806 917 1861; x_wconf 86' lang='lat' dir='ltr'><strong>apua</strong></span> <span class='ocrx_word' id='word_1_188' title='bbox 939 1794 965 1842; x_wconf 90' lang='lat' dir='ltr'><strong>et</strong></span> <span class='ocrx_word' id='word_1_189' title='bbox 984 1786 1101 1861; x_wconf 83' lang='lat' dir='ltr'><strong>Spiritu,</strong></span> <span class='ocrx_word' id='word_1_190' title='bbox 1119 1785 1158 1843; x_wconf 89' lang='lat' dir='ltr'><strong>id.</strong></span> <span class='ocrx_word' id='word_1_191' title='bbox 1173 1807 1212 1844; x_wconf 84' lang='lat' dir='ltr'><strong>ex</strong></span> <span class='ocrx_word' id='word_1_192' title='bbox 1225 1806 1314 1862; x_wconf 88' lang='lat' dir='ltr'><strong>aqua,</strong></span> <span class='ocrx_word' id='word_1_193' title='bbox 1330 1809 1402 1865; x_wconf 77' lang='lat' dir='ltr'><strong>quae</strong></span> <span class='ocrx_word' id='word_1_194' title='bbox 1417 1803 1459 1850; x_wconf 76' lang='grc'><strong>111</strong></span> 
     </span>
     <span class='ocr_line' id='line_1_19' title="bbox 246 1865 1460 1947; baseline 0.002 -20"><span class='ocrx_word' id='word_1_195' title='bbox 246 1870 378 1947; x_wconf 88' lang='lat' dir='ltr'><strong>Spiritus,</strong></span> <span class='ocrx_word' id='word_1_196' title='bbox 391 1870 438 1927; x_wconf 86' lang='lat' dir='ltr'><strong>vel</strong></span> <span class='ocrx_word' id='word_1_197' title='bbox 453 1889 491 1926; x_wconf 94' lang='lat' dir='ltr'><strong>ex</strong></span> <span class='ocrx_word' id='word_1_198' title='bbox 508 1868 615 1944; x_wconf 88' lang='lat' dir='ltr'><strong>Spiritu</strong></span> <span class='ocrx_word' id='word_1_199' title='bbox 643 1867 749 1924; x_wconf 87' lang='lat' dir='ltr'><strong>Sancto</strong></span> <span class='ocrx_word' id='word_1_200' title='bbox 764 1874 900 1923; x_wconf 80' lang='lat' dir='ltr'><strong>exerente</strong></span> <span class='ocrx_word' id='word_1_201' title='bbox 914 1865 974 1922; x_wconf 86' lang='lat' dir='ltr'><strong>vim</strong></span> <span class='ocrx_word' id='word_1_202' title='bbox 989 1885 1079 1941; x_wconf 84' lang='lat' dir='ltr'><strong>aquae,</strong></span> <span class='ocrx_word' id='word_1_203' title='bbox 1092 1872 1125 1922; x_wconf 93' lang='lat' dir='ltr'><strong>ut</strong></span> <span class='ocrx_word' id='word_1_204' title='bbox 1139 1866 1209 1923; x_wconf 93' lang='lat' dir='ltr'><strong>alibi</strong></span> <span class='ocrx_word' id='word_1_205' title='bbox 1231 1867 1372 1928; x_wconf 87' lang='lat' dir='ltr'><strong>Christus</strong></span> <span class='ocrx_word' id='word_1_206' title='bbox 1389 1871 1460 1929; x_wconf 88' lang='lat' dir='ltr'><strong>dici·</strong></span> 
     </span>
     <span class='ocr_line' id='line_1_20' title="bbox 243 1945 1461 2025; baseline 0.002 -18"><span class='ocrx_word' id='word_1_207' title='bbox 243 1957 291 2007; x_wconf 87' lang='lat' dir='ltr'><strong>tur</strong></span> <span class='ocrx_word' id='word_1_208' title='bbox 304 1951 496 2025; x_wconf 74' lang='lat' dir='ltr'><strong>baptizaturus</strong></span> <span class='ocrx_word' id='word_1_209' title='bbox 510 1949 619 2024; x_wconf 78' lang='lat' dir='ltr'><strong>Spiritu</strong></span> <span class='ocrx_word' id='word_1_210' title='bbox 634 1957 659 2004; x_wconf 88' lang='lat' dir='ltr'><strong>et</strong></span> <span class='ocrx_word' id='word_1_211' title='bbox 668 1948 738 2022; x_wconf 78' lang='lat' dir='ltr'><strong>ipae,</strong></span> <span class='ocrx_word' id='word_1_212' title='bbox 754 1945 851 2021; x_wconf 88' lang='lat' dir='ltr'><strong>idest,</strong></span> <span class='ocrx_word' id='word_1_213' title='bbox 866 1945 974 2022; x_wconf 84' lang='lat' dir='ltr'><strong>Spiritu</strong></span> <span class='ocrx_word' id='word_1_214' title='bbox 984 1946 1078 2022; x_wconf 87' lang='lat' dir='ltr'><strong>igneo,</strong></span> <span class='ocrx_word' id='word_1_215' title='bbox 1092 1945 1198 2004; x_wconf 86' lang='lat' dir='ltr'><strong>Matth.</strong></span> <span class='ocrx_word' id='word_1_216' title='bbox 1210 1947 1252 2004; x_wconf 89' lang='lat' dir='ltr'><strong>iii.</strong></span> <span class='ocrx_word' id='word_1_217' title='bbox 1269 1949 1319 2024; x_wconf 92' lang='lat' dir='ltr'><strong>ll,</strong></span> <span class='ocrx_word' id='word_1_218' title='bbox 1336 1951 1363 2008; x_wconf 89' lang='lat' dir='ltr'><strong>si</strong></span> <span class='ocrx_word' id='word_1_219' title='bbox 1379 1952 1461 2009; x_wconf 84' lang='grc'>11111111</span> 
     </span>
     <span class='ocr_line' id='line_1_21' title="bbox 243 2025 1459 2106; baseline 0.003 -21"><span class='ocrx_word' id='word_1_220' title='bbox 243 2029 329 2088; x_wconf 91' lang='lat' dir='ltr'><strong>datur</strong></span> <span class='ocrx_word' id='word_1_221' title='bbox 342 2030 399 2088; x_wconf 88' lang='lat' dir='ltr'><strong>alia</strong></span> <span class='ocrx_word' id='word_1_222' title='bbox 413 2029 507 2106; x_wconf 82' lang='lat' dir='ltr'><strong>gratia</strong></span> <span class='ocrx_word' id='word_1_223' title='bbox 522 2047 607 2104; x_wconf 91' lang='lat' dir='ltr'><strong>quam</strong></span> <span class='ocrx_word' id='word_1_224' title='bbox 622 2027 769 2103; x_wconf 88' lang='lat' dir='ltr'><strong>objectiva</strong></span> <span class='ocrx_word' id='word_1_225' title='bbox 788 2044 840 2101; x_wconf 89' lang='lat' dir='ltr'><strong>per</strong></span> <span class='ocrx_word' id='word_1_226' title='bbox 854 2025 1049 2101; x_wconf 87' lang='lat' dir='ltr'><strong>cognitionem</strong></span> <span class='ocrx_word' id='word_1_227' title='bbox 1064 2026 1204 2100; x_wconf 69' lang='lat' dir='ltr'><strong>veritatis</strong></span> <span class='ocrx_word' id='word_1_228' title='bbox 1231 2027 1318 2103; x_wconf 88' lang='lat' dir='ltr'><strong>eujus</strong></span> <span class='ocrx_word' id='word_1_229' title='bbox 1345 2039 1459 2089; x_wconf 82' lang='lat' dir='ltr'><strong>certum</strong></span> 
     </span>
     <span class='ocr_line' id='line_1_22' title="bbox 242 2104 1460 2184; baseline 0.002 -17"><span class='ocrx_word' id='word_1_230' title='bbox 242 2117 286 2167; x_wconf 89' lang='lat' dir='ltr'><strong>est</strong></span> <span class='ocrx_word' id='word_1_231' title='bbox 301 2129 350 2167; x_wconf 89' lang='lat' dir='ltr'><strong>eos</strong></span> <span class='ocrx_word' id='word_1_232' title='bbox 364 2129 422 2166; x_wconf 89' lang='lat' dir='ltr'><strong>nou</strong></span> <span class='ocrx_word' id='word_1_233' title='bbox 443 2129 506 2166; x_wconf 88' lang='lat' dir='ltr'><strong>esse</strong></span> <span class='ocrx_word' id='word_1_234' title='bbox 528 2110 671 2184; x_wconf 83' lang='lat' dir='ltr'><strong>capaces?</strong></span> <span class='ocrx_word' id='word_1_235' title='bbox 708 2106 782 2164; x_wconf 88' lang='lat' dir='ltr'><strong>Sane</strong></span> <span class='ocrx_word' id='word_1_236' title='bbox 803 2105 852 2162; x_wconf 84' lang='lat' dir='ltr'><strong>vel</strong></span> <span class='ocrx_word' id='word_1_237' title='bbox 879 2104 1044 2181; x_wconf 87' lang='lat' dir='ltr'><strong>negandum</strong></span> <span class='ocrx_word' id='word_1_238' title='bbox 1070 2105 1224 2163; x_wconf 85' lang='lat' dir='ltr'><strong>Peccatum</strong></span> <span class='ocrx_word' id='word_1_239' title='bbox 1253 2108 1405 2184; x_wconf 87' lang='lat' dir='ltr'><strong>originale</strong></span> <span class='ocrx_word' id='word_1_240' title='bbox 1429 2113 1460 2168; x_wconf 89' lang='lat' dir='ltr'><strong>in</strong></span> 
     </span>
     <span class='ocr_line' id='line_1_23' title="bbox 243 2185 1459 2264; baseline 0.005 -20"><span class='ocrx_word' id='word_1_241' title='bbox 243 2187 415 2262; x_wconf 86' lang='lat' dir='ltr'><strong>Infantibus,</strong></span> <span class='ocrx_word' id='word_1_242' title='bbox 431 2189 480 2245; x_wconf 91' lang='lat' dir='ltr'><strong>vel</strong></span> <span class='ocrx_word' id='word_1_243' title='bbox 502 2187 685 2246; x_wconf 87' lang='lat' dir='ltr'><strong>statuendum</strong></span> <span class='ocrx_word' id='word_1_244' title='bbox 697 2205 747 2243; x_wconf 88' lang='lat' dir='ltr'><strong>eos</strong></span> <span class='ocrx_word' id='word_1_245' title='bbox 771 2185 864 2261; x_wconf 91' lang='lat' dir='ltr'><strong>gratia</strong></span> <span class='ocrx_word' id='word_1_246' title='bbox 882 2185 1049 2243; x_wconf 88' lang='lat' dir='ltr'><strong>immediata</strong></span> <span class='ocrx_word' id='word_1_247' title='bbox 1072 2193 1101 2242; x_wconf 92' lang='lat' dir='ltr'><strong>et</strong></span> <span class='ocrx_word' id='word_1_248' title='bbox 1123 2185 1194 2242; x_wconf 84' lang='lat' dir='ltr'><strong>reali</strong></span> <span class='ocrx_word' id='word_1_249' title='bbox 1219 2187 1412 2264; x_wconf 87' lang='lat' dir='ltr'><strong>sanctificari,</strong></span> <span class='ocrx_word' id='word_1_250' title='bbox 1428 2201 1459 2250; x_wconf 87' lang='lat' dir='ltr'><strong>ut</strong></span> 
     </span>
     <span class='ocr_line' id='line_1_24' title="bbox 241 2265 1457 2347; baseline 0.002 -23"><span class='ocrx_word' id='word_1_251' title='bbox 241 2268 416 2343; x_wconf 85' lang='lat' dir='ltr'><strong>recipiantur</strong></span> <span class='ocrx_word' id='word_1_252' title='bbox 430 2268 459 2323; x_wconf 94' lang='lat' dir='ltr'><strong>in</strong></span> <span class='ocrx_word' id='word_1_253' title='bbox 473 2288 594 2343; x_wconf 84' lang='lat' dir='ltr'><strong>regnum</strong></span> <span class='ocrx_word' id='word_1_254' title='bbox 611 2267 674 2338; x_wconf 89' lang='lat' dir='ltr'><strong>Dei,</strong></span> <span class='ocrx_word' id='word_1_255' title='bbox 691 2266 773 2343; x_wconf 90' lang='lat' dir='ltr'><strong>eujus</strong></span> <span class='ocrx_word' id='word_1_256' title='bbox 787 2265 951 2342; x_wconf 86' lang='lat' dir='ltr'><strong>exemplum</strong></span> <span class='ocrx_word' id='word_1_257' title='bbox 972 2284 1030 2323; x_wconf 90' lang='lat' dir='ltr'><strong>non</strong></span> <span class='ocrx_word' id='word_1_258' title='bbox 1045 2265 1134 2322; x_wconf 88' lang='lat' dir='ltr'><strong>semel</strong></span> <span class='ocrx_word' id='word_1_259' title='bbox 1154 2265 1250 2324; x_wconf 86' lang='lat' dir='ltr'><strong>visum</strong></span> <span class='ocrx_word' id='word_1_260' title='bbox 1266 2265 1296 2323; x_wconf 91' lang='lat' dir='ltr'><strong>in</strong></span> <span class='ocrx_word' id='word_1_261' title='bbox 1312 2268 1457 2347; x_wconf 86' lang='lat' dir='ltr'><strong>Jeremia,</strong></span> 
     </span>
     <span class='ocr_line' id='line_1_25' title="bbox 241 2345 1457 2422; baseline 0.004 -18"><span class='ocrx_word' id='word_1_262' title='bbox 241 2347 376 2405; x_wconf 86' lang='lat' dir='ltr'><strong>Johannc</strong></span> <span class='ocrx_word' id='word_1_263' title='bbox 393 2347 533 2421; x_wconf 86' lang='lat' dir='ltr'><strong>Baptista,</strong></span> <span class='ocrx_word' id='word_1_264' title='bbox 549 2357 577 2403; x_wconf 89' lang='grc'><strong>11</strong></span> <span class='ocrx_word' id='word_1_265' title='bbox 592 2347 656 2403; x_wconf 83' lang='grc'>11111</span> <span class='ocrx_word' id='word_1_266' title='bbox 673 2346 781 2422; x_wconf 84' lang='lat' dir='ltr'><strong>Spiritu</strong></span> <span class='ocrx_word' id='word_1_267' title='bbox 794 2345 900 2404; x_wconf 89' lang='lat' dir='ltr'><strong>Sancto</strong></span> <span class='ocrx_word' id='word_1_268' title='bbox 914 2345 1000 2402; x_wconf 91' lang='lat' dir='ltr'><strong>etiam</strong></span> <span class='ocrx_word' id='word_1_269' title='bbox 1010 2353 1076 2404; x_wconf 86' lang='lat' dir='ltr'><strong>ante</strong></span> <span class='ocrx_word' id='word_1_270' title='bbox 1091 2363 1174 2402; x_wconf 87' lang='lat' dir='ltr'><strong>usum</strong></span> <span class='ocrx_word' id='word_1_271' title='bbox 1188 2346 1311 2404; x_wconf 89' lang='lat' dir='ltr'><strong>rationis</strong></span> <span class='ocrx_word' id='word_1_272' title='bbox 1327 2348 1457 2408; x_wconf 86' lang='lat' dir='ltr'><strong>donatis.</strong></span> 
     </span>
     <span class='ocr_line' id='line_1_26' title="bbox 243 2424 1457 2505; baseline 0.006 -23"><span class='ocrx_word' id='word_1_273' title='bbox 243 2425 286 2482; x_wconf 86' lang='lat' dir='ltr'><strong>At</strong></span> <span class='ocrx_word' id='word_1_274' title='bbox 307 2425 331 2482; x_wconf 90' lang='lat' dir='ltr'><strong>si</strong></span> <span class='ocrx_word' id='word_1_275' title='bbox 356 2425 422 2482; x_wconf 89' lang='lat' dir='ltr'><strong>talis</strong></span> <span class='ocrx_word' id='word_1_276' title='bbox 437 2425 530 2499; x_wconf 88' lang='lat' dir='ltr'><strong>gratia</strong></span> <span class='ocrx_word' id='word_1_277' title='bbox 544 2425 614 2500; x_wconf 89' lang='lat' dir='ltr'><strong>ipsis</strong></span> <span class='ocrx_word' id='word_1_278' title='bbox 638 2425 807 2500; x_wconf 86' lang='lat' dir='ltr'><strong>infunditur,</strong></span> <span class='ocrx_word' id='word_1_279' title='bbox 831 2445 895 2502; x_wconf 85' lang='lat' dir='ltr'><strong>quae</strong></span> <span class='ocrx_word' id='word_1_280' title='bbox 918 2424 1164 2501; x_wconf 83' lang='lat' dir='ltr'><strong>regenerationem</strong></span> <span class='ocrx_word' id='word_1_281' title='bbox 1185 2444 1285 2484; x_wconf 89' lang='lat' dir='ltr'><strong>eorum</strong></span> <span class='ocrx_word' id='word_1_282' title='bbox 1307 2439 1457 2505; x_wconf 83' lang='lat' dir='ltr'><strong>operetur,</strong></span> 
     </span>
     <span class='ocr_line' id='line_1_27' title="bbox 242 2503 1456 2583; baseline 0.002 -21"><span class='ocrx_word' id='word_1_283' title='bbox 242 2503 342 2582; x_wconf 91' lang='lat' dir='ltr'><strong>quidni</strong></span> <span class='ocrx_word' id='word_1_284' title='bbox 354 2513 383 2562; x_wconf 91' lang='lat' dir='ltr'><strong>et</strong></span> <span class='ocrx_word' id='word_1_285' title='bbox 398 2504 501 2580; x_wconf 89' lang='lat' dir='ltr'><strong>poterit</strong></span> <span class='ocrx_word' id='word_1_286' title='bbox 516 2504 623 2561; x_wconf 89' lang='lat' dir='ltr'><strong>adultis</strong></span> <span class='ocrx_word' id='word_1_287' title='bbox 637 2504 841 2561; x_wconf 91' lang='lat' dir='ltr'><strong>communicari</strong></span> <span class='ocrx_word' id='word_1_288' title='bbox 852 2505 889 2562; x_wconf 92' lang='lat' dir='ltr'><strong>ad</strong></span> <span class='ocrx_word' id='word_1_289' title='bbox 903 2505 978 2561; x_wconf 89' lang='lat' dir='ltr'><strong>idem</strong></span> <span class='ocrx_word' id='word_1_290' title='bbox 995 2524 1067 2580; x_wconf 91' lang='lat' dir='ltr'><strong>opus</strong></span> <span class='ocrx_word' id='word_1_291' title='bbox 1080 2503 1323 2581; x_wconf 87' lang='lat' dir='ltr'><strong>producendum?</strong></span> <span class='ocrx_word' id='word_1_292' title='bbox 1347 2510 1456 2583; x_wconf 81' lang='lat' dir='ltr'><strong>Quem-</strong></span> 
     </span>
     <span class='ocr_line' id='line_1_28' title="bbox 241 2583 1456 2660; baseline 0.006 -19"><span class='ocrx_word' id='word_1_293' title='bbox 241 2585 287 2643; x_wconf 85' lang='lat' dir='ltr'><strong>vis</strong></span> <span class='ocrx_word' id='word_1_294' title='bbox 302 2584 377 2642; x_wconf 89' lang='lat' dir='ltr'><strong>enim</strong></span> <span class='ocrx_word' id='word_1_295' title='bbox 402 2583 525 2660; x_wconf 85' lang='lat' dir='ltr'><strong>Spiritus</strong></span> <span class='ocrx_word' id='word_1_296' title='bbox 546 2604 603 2641; x_wconf 93' lang='lat' dir='ltr'><strong>non</strong></span> <span class='ocrx_word' id='word_1_297' title='bbox 626 2591 760 2660; x_wconf 89' lang='lat' dir='ltr'><strong>operetur</strong></span> <span class='ocrx_word' id='word_1_298' title='bbox 774 2584 803 2640; x_wconf 91' lang='lat' dir='ltr'><strong>in</strong></span> <span class='ocrx_word' id='word_1_299' title='bbox 818 2585 924 2643; x_wconf 91' lang='lat' dir='ltr'><strong>adultis</strong></span> <span class='ocrx_word' id='word_1_300' title='bbox 939 2584 1000 2642; x_wconf 90' lang='lat' dir='ltr'><strong>sine</strong></span> <span class='ocrx_word' id='word_1_301' title='bbox 1023 2584 1129 2658; x_wconf 80' lang='lat' dir='ltr'><strong>Verbo,</strong></span> <span class='ocrx_word' id='word_1_302' title='bbox 1152 2585 1226 2642; x_wconf 92' lang='lat' dir='ltr'><strong>nihil</strong></span> <span class='ocrx_word' id='word_1_303' title='bbox 1241 2587 1342 2646; x_wconf 87' lang='lat' dir='ltr'><strong>obstat</strong></span> <span class='ocrx_word' id='word_1_304' title='bbox 1356 2597 1456 2648; x_wconf 82' lang='lat' dir='ltr'><strong>tamen</strong></span> 
     </span>
     <span class='ocr_line' id='line_1_29' title="bbox 245 2663 1455 2742; baseline 0.002 -18"><span class='ocrx_word' id='word_1_305' title='bbox 245 2664 383 2742; x_wconf 89' lang='lat' dir='ltr'><strong>Spiritum</strong></span> <span class='ocrx_word' id='word_1_306' title='bbox 398 2663 533 2723; x_wconf 87' lang='lat' dir='ltr'><strong>distinete</strong></span> <span class='ocrx_word' id='word_1_307' title='bbox 557 2685 574 2721; x_wconf 91' lang='lat' dir='ltr'><strong>a</strong></span> <span class='ocrx_word' id='word_1_308' title='bbox 597 2663 696 2722; x_wconf 85' lang='lat' dir='ltr'><strong>Verbo</strong></span> <span class='ocrx_word' id='word_1_309' title='bbox 708 2663 737 2721; x_wconf 92' lang='lat' dir='ltr'><strong>in</strong></span> <span class='ocrx_word' id='word_1_310' title='bbox 752 2663 822 2740; x_wconf 85' lang='lat' dir='ltr'><strong>ipsis</strong></span> <span class='ocrx_word' id='word_1_311' title='bbox 837 2664 957 2740; x_wconf 88' lang='lat' dir='ltr'><strong>operari,</strong></span> <span class='ocrx_word' id='word_1_312' title='bbox 972 2673 1006 2722; x_wconf 96' lang='lat' dir='ltr'><strong>ut</strong></span> <span class='ocrx_word' id='word_1_313' title='bbox 1021 2664 1082 2722; x_wconf 88' lang='lat' dir='ltr'><strong>sine</strong></span> <span class='ocrx_word' id='word_1_314' title='bbox 1097 2665 1186 2723; x_wconf 88' lang='lat' dir='ltr'><strong>verbo</strong></span> <span class='ocrx_word' id='word_1_315' title='bbox 1211 2677 1352 2742; x_wconf 87' lang='lat' dir='ltr'><strong>operatur</strong></span> <span class='ocrx_word' id='word_1_316' title='bbox 1365 2669 1398 2726; x_wconf 89' lang='lat' dir='ltr'><strong>in</strong></span> <span class='ocrx_word' id='word_1_317' title='bbox 1413 2672 1455 2727; x_wconf 89' lang='lat' dir='ltr'><strong>in-</strong></span> 
     </span>
     <span class='ocr_line' id='line_1_30' title="bbox 241 2743 1455 2826; baseline 0.004 -23"><span class='ocrx_word' id='word_1_318' title='bbox 241 2745 369 2805; x_wconf 88' lang='lat' dir='ltr'><strong>fantibus</strong></span> <span class='ocrx_word' id='word_1_319' title='bbox 393 2745 590 2804; x_wconf 84' lang='lat' dir='ltr'><strong>efficacissima</strong></span> <span class='ocrx_word' id='word_1_320' title='bbox 613 2743 729 2818; x_wconf 86' lang='lat' dir='ltr'><strong>virtute,</strong></span> <span class='ocrx_word' id='word_1_321' title='bbox 756 2764 820 2820; x_wconf 80' lang='lat' dir='ltr'><strong>qure</strong></span> <span class='ocrx_word' id='word_1_322' title='bbox 843 2745 887 2801; x_wconf 92' lang='lat' dir='ltr'><strong>illi</strong></span> <span class='ocrx_word' id='word_1_323' title='bbox 900 2752 960 2803; x_wconf 87' lang='lat' dir='ltr'><strong>tarn</strong></span> <span class='ocrx_word' id='word_1_324' title='bbox 981 2744 1074 2802; x_wconf 80' lang='lat' dir='ltr'><strong>facilis</strong></span> <span class='ocrx_word' id='word_1_325' title='bbox 1096 2753 1125 2802; x_wconf 91' lang='lat' dir='ltr'><strong>et</strong></span> <span class='ocrx_word' id='word_1_326' title='bbox 1149 2755 1283 2822; x_wconf 90' lang='lat' dir='ltr'><strong>prompta</strong></span> <span class='ocrx_word' id='word_1_327' title='bbox 1296 2758 1352 2822; x_wconf 84' lang='lat' dir='ltr'><strong>eat,</strong></span> <span class='ocrx_word' id='word_1_328' title='bbox 1366 2769 1455 2826; x_wconf 87' lang='lat' dir='ltr'><strong>quam</strong></span> 
     </span>
     <span class='ocr_line' id='line_1_31' title="bbox 241 2824 1452 2903; baseline 0.002 -19"><span class='ocrx_word' id='word_1_329' title='bbox 241 2827 325 2885; x_wconf 91' lang='lat' dir='ltr'><strong>nobis</strong></span> <span class='ocrx_word' id='word_1_330' title='bbox 353 2827 591 2903; x_wconf 88' lang='lat' dir='ltr'><strong>incomprehensa</strong></span> <span class='ocrx_word' id='word_1_331' title='bbox 625 2833 654 2883; x_wconf 93' lang='lat' dir='ltr'><strong>et</strong></span> <span class='ocrx_word' id='word_1_332' title='bbox 678 2824 863 2901; x_wconf 88' lang='lat' dir='ltr'><strong>admirabilis,</strong></span> <span class='ocrx_word' id='word_1_333' title='bbox 893 2831 926 2882; x_wconf 90' lang='lat' dir='ltr'><strong>ut</strong></span> <span class='ocrx_word' id='word_1_334' title='bbox 953 2824 1059 2901; x_wconf 90' lang='lat' dir='ltr'><strong>optime</strong></span> <span class='ocrx_word' id='word_1_335' title='bbox 1086 2833 1169 2884; x_wconf 88' lang='lat' dir='ltr'><strong>notat</strong></span> <span class='ocrx_word' id='word_1_336' title='bbox 1197 2825 1348 2902; x_wconf 84' lang='lat' dir='ltr'><strong>Calvinus,</strong></span> <span class='ocrx_word' id='word_1_337' title='bbox 1366 2829 1452 2890; x_wconf 88' lang='lat' dir='ltr'><strong>Iusti.</strong></span> 
     </span>
     <span class='ocr_line' id='line_1_32' title="bbox 245 2907 560 2981; baseline 0.003 -18"><span class='ocrx_word' id='word_1_338' title='bbox 245 2907 297 2966; x_wconf 91' lang='lat' dir='ltr'><strong>lib.</strong></span> <span class='ocrx_word' id='word_1_339' title='bbox 310 2908 349 2966; x_wconf 89' lang='lat' dir='ltr'><strong>iv.</strong></span> <span class='ocrx_word' id='word_1_340' title='bbox 367 2928 394 2966; x_wconf 91' lang='lat' dir='ltr'><strong>c.</strong></span> <span class='ocrx_word' id='word_1_341' title='bbox 412 2910 457 2981; x_wconf 90' lang='grc'><strong>16,</strong></span> <span class='ocrx_word' id='word_1_342' title='bbox 475 2927 497 2966; x_wconf 87' lang='lat' dir='ltr'><strong>s.</strong></span> <span class='ocrx_word' id='word_1_343' title='bbox 515 2910 560 2964; x_wconf 84' lang='lat'><strong>18.</strong></span> 
     </span>
     <span class='ocr_line' id='line_1_33' title="bbox 544 2984 1453 3062; baseline 0.006 -18"><span class='ocrx_word' id='word_1_344' title='bbox 544 2985 709 3044; x_wconf 90' lang='lat' dir='ltr'>XXXIII.</span> <span class='ocrx_word' id='word_1_345' title='bbox 733 2984 875 3058; x_wconf 87' lang='lat' dir='ltr'><strong>Secunde,</strong></span> <span class='ocrx_word' id='word_1_346' title='bbox 892 2987 989 3043; x_wconf 81' lang='lat' dir='ltr'><strong>arodus</strong></span> <span class='ocrx_word' id='word_1_347' title='bbox 1003 2987 1173 3062; x_wconf 78' lang='lat' dir='ltr'><strong>operationis</strong></span> <span class='ocrx_word' id='word_1_348' title='bbox 1186 2987 1297 3047; x_wconf 72' lang='lat' dir='ltr'><strong>Gratiae</strong></span> <span class='ocrx_word' id='word_1_349' title='bbox 1306 2987 1337 3045; x_wconf 93' lang='lat' dir='ltr'><strong>in</strong></span> <span class='ocrx_word' id='word_1_350' title='bbox 1353 3000 1453 3048; x_wconf 88' lang='lat' dir='ltr'><strong>nostra</strong></span> 
     </span>
    </p>
   </div>
   <div class='ocr_carea' id='block_1_3' title="bbox 241 3045 1454 3144">
    <p class='ocr_par' dir='ltr' id='par_1_3' title="bbox 241 3045 1454 3144">
     <span class='ocr_line' id='line_1_34' title="bbox 241 3045 1454 3144; baseline 0.009 -27"><span class='ocrx_word' id='word_1_351' title='bbox 241 3045 262 3091; x_wconf 77' lang='lat'><strong>²·</strong></span> <span class='ocrx_word' id='word_1_352' title='bbox 282 3047 306 3092; x_wconf 61' lang='grc' dir='ltr'><strong>Α</strong></span> <span class='ocrx_word' id='word_1_353' title='bbox 317 3048 388 3092; x_wconf 69' lang='lat'><strong>&#39;‘¹⁰¹¹“</strong></span> <span class='ocrx_word' id='word_1_354' title='bbox 399 3061 482 3104; x_wconf 80' lang='lat' dir='ltr'><strong>opera-</strong></span> <span class='ocrx_word' id='word_1_355' title='bbox 503 3066 691 3126; x_wconf 86' lang='lat' dir='ltr'><strong>conversione</strong></span> <span class='ocrx_word' id='word_1_356' title='bbox 705 3065 760 3123; x_wconf 88' lang='lat' dir='ltr'><strong>hoe</strong></span> <span class='ocrx_word' id='word_1_357' title='bbox 780 3065 900 3123; x_wconf 87' lang='lat' dir='ltr'><strong>ulterius</strong></span> <span class='ocrx_word' id='word_1_358' title='bbox 923 3065 1030 3124; x_wconf 83' lang='lat' dir='ltr'><strong>invicte</strong></span> <span class='ocrx_word' id='word_1_359' title='bbox 1045 3066 1155 3142; x_wconf 87' lang='lat' dir='ltr'><strong>probat,</strong></span> <span class='ocrx_word' id='word_1_360' title='bbox 1171 3087 1260 3144; x_wconf 90' lang='lat' dir='ltr'><strong>quum</strong></span> <span class='ocrx_word' id='word_1_361' title='bbox 1275 3067 1454 3128; x_wconf 88' lang='lat' dir='ltr'><strong>describitur</strong></span> 
     </span>
    </p>
   </div>
   <div class='ocr_carea' id='block_1_4' title="bbox 272 3106 457 3164">
    <p class='ocr_par' dir='ltr' id='par_1_4' title="bbox 272 3106 457 3164">
     <span class='ocr_line' id='line_1_35' title="bbox 272 3106 457 3164; baseline 0 -14"><span class='ocrx_word' id='word_1_362' title='bbox 272 3106 347 3150; x_wconf 86' lang='grc'>1111111</span> <span class='ocrx_word' id='word_1_363' title='bbox 363 3107 457 3164; x_wconf 76' lang='lat' dir='ltr'><strong>gratiis.</strong></span> 
     </span>
    </p>
   </div>
   <div class='ocr_carea' id='block_1_5' title="bbox 234 3227 1453 4742">
    <p class='ocr_par' dir='ltr' id='par_1_5' title="bbox 234 3227 1453 4742">
     <span class='ocr_line' id='line_1_36' title="bbox 242 3227 1453 3306; baseline 0 -18"><span class='ocrx_word' id='word_1_364' title='bbox 242 3231 349 3306; x_wconf 72' lang='lat' dir='ltr'><strong>hrpidei</strong></span> <span class='ocrx_word' id='word_1_365' title='bbox 367 3231 542 3304; x_wconf 83' lang='lat' dir='ltr'><strong>ablationem,</strong></span> <span class='ocrx_word' id='word_1_366' title='bbox 565 3237 591 3286; x_wconf 86' lang='lat' dir='ltr'><strong>et</strong></span> <span class='ocrx_word' id='word_1_367' title='bbox 611 3227 709 3285; x_wconf 87' lang='lat' dir='ltr'><strong>carnei</strong></span> <span class='ocrx_word' id='word_1_368' title='bbox 728 3227 875 3300; x_wconf 82' lang='lat' dir='ltr'><strong>dationem,</strong></span> <span class='ocrx_word' id='word_1_369' title='bbox 902 3227 929 3282; x_wconf 80' lang='grc' dir='ltr'><em>Τ</em></span> <span class='ocrx_word' id='word_1_370' title='bbox 926 3227 1087 3300; x_wconf 82' lang='lat' dir='ltr'><strong>rectionem,</strong></span> <span class='ocrx_word' id='word_1_371' title='bbox 1103 3227 1226 3301; x_wconf 82' lang='lat' dir='ltr'><strong>Spiritus</strong></span> <span class='ocrx_word' id='word_1_372' title='bbox 1247 3229 1400 3302; x_wconf 65' lang='lat' dir='ltr'><strong>dadonem,</strong></span> <span class='ocrx_word' id='word_1_373' title='bbox 1425 3239 1453 3288; x_wconf 89' lang='grc'><strong>11</strong></span> 
     </span>
     <span class='ocr_line' id='line_1_37' title="bbox 241 3305 1452 3386; baseline 0 -19"><span class='ocrx_word' id='word_1_374' title='bbox 241 3310 313 3368; x_wconf 89' lang='lat' dir='ltr'><strong>alias</strong></span> <span class='ocrx_word' id='word_1_375' title='bbox 326 3310 357 3368; x_wconf 92' lang='lat' dir='ltr'><strong>id</strong></span> <span class='ocrx_word' id='word_1_376' title='bbox 372 3331 464 3386; x_wconf 90' lang='lat' dir='ltr'><strong>genus</strong></span> <span class='ocrx_word' id='word_1_377' title='bbox 478 3308 646 3381; x_wconf 89' lang='lat' dir='ltr'><strong>locutiones,</strong></span> <span class='ocrx_word' id='word_1_378' title='bbox 669 3326 733 3383; x_wconf 84' lang='lat' dir='ltr'><strong>quae</strong></span> <span class='ocrx_word' id='word_1_379' title='bbox 749 3325 888 3364; x_wconf 88' lang='lat' dir='ltr'><strong>summam</strong></span> <span class='ocrx_word' id='word_1_380' title='bbox 904 3313 933 3362; x_wconf 93' lang='grc'><strong>11</strong></span> <span class='ocrx_word' id='word_1_381' title='bbox 953 3305 1092 3364; x_wconf 89' lang='lat' dir='ltr'><strong>invictam</strong></span> <span class='ocrx_word' id='word_1_382' title='bbox 1106 3307 1261 3382; x_wconf 88' lang='lat' dir='ltr'><strong>important</strong></span> <span class='ocrx_word' id='word_1_383' title='bbox 1277 3307 1332 3365; x_wconf 89' lang='lat' dir='ltr'><strong>Dei</strong></span> <span class='ocrx_word' id='word_1_384' title='bbox 1349 3319 1452 3386; x_wconf 85' lang='lat' dir='ltr'><strong>poten·</strong></span> 
     </span>
     <span class='ocr_line' id='line_1_38' title="bbox 241 3385 1451 3465; baseline 0.001 -19"><span class='ocrx_word' id='word_1_385' title='bbox 241 3389 321 3446; x_wconf 88' lang='lat' dir='ltr'><strong>tiam.</strong></span> <span class='ocrx_word' id='word_1_386' title='bbox 364 3389 440 3446; x_wconf 88' lang='lat' dir='ltr'><strong>Nam</strong></span> <span class='ocrx_word' id='word_1_387' title='bbox 465 3389 490 3446; x_wconf 90' lang='lat' dir='ltr'><strong>si</strong></span> <span class='ocrx_word' id='word_1_388' title='bbox 508 3396 570 3446; x_wconf 87' lang='lat' dir='ltr'><strong>tota</strong></span> <span class='ocrx_word' id='word_1_389' title='bbox 585 3387 640 3444; x_wconf 89' lang='lat' dir='ltr'><strong>Dei</strong></span> <span class='ocrx_word' id='word_1_390' title='bbox 665 3385 741 3444; x_wconf 88' lang='lat' dir='ltr'><strong>aetio</strong></span> <span class='ocrx_word' id='word_1_391' title='bbox 766 3385 897 3444; x_wconf 87' lang='lat' dir='ltr'><strong>consistit</strong></span> <span class='ocrx_word' id='word_1_392' title='bbox 911 3385 941 3442; x_wconf 93' lang='lat' dir='ltr'><strong>in</strong></span> <span class='ocrx_word' id='word_1_393' title='bbox 966 3385 1044 3443; x_wconf 88' lang='lat' dir='ltr'><strong>clara</strong></span> <span class='ocrx_word' id='word_1_394' title='bbox 1072 3386 1227 3463; x_wconf 89' lang='lat' dir='ltr'><strong>Evangelii</strong></span> <span class='ocrx_word' id='word_1_395' title='bbox 1250 3389 1451 3465; x_wconf 86' lang='lat' dir='ltr'><strong>propositione</strong></span> 
     </span>
     <span class='ocr_line' id='line_1_39' title="bbox 239 3464 1449 3545; baseline 0.002 -21"><span class='ocrx_word' id='word_1_396' title='bbox 239 3473 398 3544; x_wconf 90' lang='lat' dir='ltr'><strong>opportune</strong></span> <span class='ocrx_word' id='word_1_397' title='bbox 413 3467 496 3542; x_wconf 84' lang='lat' dir='ltr'><strong>facta,</strong></span> <span class='ocrx_word' id='word_1_398' title='bbox 513 3468 571 3526; x_wconf 88' lang='lat' dir='ltr'><strong>Cur</strong></span> <span class='ocrx_word' id='word_1_399' title='bbox 590 3465 797 3540; x_wconf 90' lang='lat' dir='ltr'><strong>omnipotentia</strong></span> <span class='ocrx_word' id='word_1_400' title='bbox 810 3465 847 3521; x_wconf 93' lang='lat' dir='ltr'><strong>ad</strong></span> <span class='ocrx_word' id='word_1_401' title='bbox 861 3464 891 3521; x_wconf 92' lang='lat' dir='ltr'><strong>id</strong></span> <span class='ocrx_word' id='word_1_402' title='bbox 905 3465 1083 3541; x_wconf 79' lang='lat' dir='ltr'><strong>requiritur?</strong></span> <span class='ocrx_word' id='word_1_403' title='bbox 1125 3466 1201 3540; x_wconf 87' lang='lat' dir='ltr'><strong>Quid</strong></span> <span class='ocrx_word' id='word_1_404' title='bbox 1214 3467 1244 3524; x_wconf 93' lang='lat' dir='ltr'><strong>in</strong></span> <span class='ocrx_word' id='word_1_405' title='bbox 1259 3487 1294 3525; x_wconf 89' lang='lat' dir='ltr'><strong>eo</strong></span> <span class='ocrx_word' id='word_1_406' title='bbox 1309 3469 1449 3545; x_wconf 88' lang='lat' dir='ltr'><strong>estquod</strong></span> 
     </span>
     <span class='ocr_line' id='line_1_40' title="bbox 242 3544 1451 3622; baseline 0.002 -18"><span class='ocrx_word' id='word_1_407' title='bbox 242 3553 357 3622; x_wconf 85' lang='lat' dir='ltr'><strong>superet</strong></span> <span class='ocrx_word' id='word_1_408' title='bbox 370 3545 488 3603; x_wconf 89' lang='lat' dir='ltr'><strong>modum</strong></span> <span class='ocrx_word' id='word_1_409' title='bbox 502 3544 608 3621; x_wconf 88' lang='lat' dir='ltr'><strong>agendi</strong></span> <span class='ocrx_word' id='word_1_410' title='bbox 623 3544 799 3602; x_wconf 87' lang='lat' dir='ltr'><strong>ordinarium</strong></span> <span class='ocrx_word' id='word_1_411' title='bbox 822 3545 996 3603; x_wconf 86' lang='lat' dir='ltr'><strong>hominurn?</strong></span> <span class='ocrx_word' id='word_1_412' title='bbox 1037 3545 1146 3604; x_wconf 87' lang='lat' dir='ltr'><strong>Annon</strong></span> <span class='ocrx_word' id='word_1_413' title='bbox 1159 3547 1214 3605; x_wconf 89' lang='lat' dir='ltr'><strong>hoe</strong></span> <span class='ocrx_word' id='word_1_414' title='bbox 1238 3555 1283 3606; x_wconf 87' lang='lat' dir='ltr'><strong>est</strong></span> <span class='ocrx_word' id='word_1_415' title='bbox 1304 3548 1451 3607; x_wconf 87' lang='lat' dir='ltr'><strong>actionem</strong></span> 
     </span>
     <span class='ocr_line' id='line_1_41' title="bbox 241 3623 1448 3703; baseline 0.003 -21"><span class='ocrx_word' id='word_1_416' title='bbox 241 3624 465 3700; x_wconf 89' lang='lat' dir='ltr'><strong>omnipotentem</strong></span> <span class='ocrx_word' id='word_1_417' title='bbox 489 3624 543 3682; x_wconf 91' lang='lat' dir='ltr'><strong>Dei</strong></span> <span class='ocrx_word' id='word_1_418' title='bbox 571 3623 733 3698; x_wconf 86' lang='lat' dir='ltr'><strong>obscurare,</strong></span> <span class='ocrx_word' id='word_1_419' title='bbox 756 3623 829 3681; x_wconf 87' lang='grc'>11111</span> <span class='ocrx_word' id='word_1_420' title='bbox 850 3624 971 3683; x_wconf 90' lang='lat' dir='ltr'><strong>nihilum</strong></span> <span class='ocrx_word' id='word_1_421' title='bbox 993 3624 1082 3684; x_wconf 83' lang='lat' dir='ltr'><strong>ferme</strong></span> <span class='ocrx_word' id='word_1_422' title='bbox 1104 3626 1258 3703; x_wconf 85' lang='lat' dir='ltr'><strong>redigere?</strong></span> <span class='ocrx_word' id='word_1_423' title='bbox 1300 3627 1448 3701; x_wconf 87' lang='lat' dir='ltr'><strong>Quorsum</strong></span> 
     </span>
     <span class='ocr_line' id='line_1_42' title="bbox 241 3701 1449 3784; baseline 0.003 -22"><span class='ocrx_word' id='word_1_424' title='bbox 241 3723 311 3781; x_wconf 88' lang='lat' dir='ltr'><strong>ergo</strong></span> <span class='ocrx_word' id='word_1_425' title='bbox 325 3702 499 3760; x_wconf 88' lang='lat' dir='ltr'><strong>adhibentur</strong></span> <span class='ocrx_word' id='word_1_426' title='bbox 522 3722 539 3759; x_wconf 94' lang='lat' dir='ltr'><strong>a</strong></span> <span class='ocrx_word' id='word_1_427' title='bbox 563 3701 654 3759; x_wconf 92' lang='lat' dir='ltr'><strong>Paulo</strong></span> <span class='ocrx_word' id='word_1_428' title='bbox 669 3703 830 3778; x_wconf 74' lang='lat' dir='ltr'><strong>magnifica</strong></span> <span class='ocrx_word' id='word_1_429' title='bbox 854 3703 912 3762; x_wconf 86' lang='lat' dir='ltr'><strong>illac</strong></span> <span class='ocrx_word' id='word_1_430' title='bbox 935 3723 1022 3763; x_wconf 85' lang='lat' dir='ltr'><strong>voces</strong></span> <span class='ocrx_word' id='word_1_431' title='bbox 1047 3705 1085 3763; x_wconf 91' lang='lat' dir='ltr'><strong>ad</strong></span> <span class='ocrx_word' id='word_1_432' title='bbox 1108 3705 1336 3776; x_wconf 89' lang='lat' dir='ltr'><strong>describendam,</strong></span> <span class='ocrx_word' id='word_1_433' title='bbox 1361 3727 1449 3784; x_wconf 85' lang='lat' dir='ltr'><strong>quam</strong></span> 
     </span>
     <span class='ocr_line' id='line_1_43' title="bbox 242 3781 1450 3863; baseline 0.002 -19"><span class='ocrx_word' id='word_1_434' title='bbox 242 3783 335 3844; x_wconf 85' lang='lat' dir='ltr'><strong>exerit</strong></span> <span class='ocrx_word' id='word_1_435' title='bbox 350 3783 430 3841; x_wconf 89' lang='lat' dir='ltr'><strong>Deus</strong></span> <span class='ocrx_word' id='word_1_436' title='bbox 445 3782 475 3840; x_wconf 94' lang='lat' dir='ltr'><strong>in</strong></span> <span class='ocrx_word' id='word_1_437' title='bbox 489 3781 582 3855; x_wconf 87' lang='lat' dir='ltr'><strong>nobis,</strong></span> <span class='ocrx_word' id='word_1_438' title='bbox 608 3781 854 3858; x_wconf 89' lang='lat' dir='ltr'><strong>omnipotentiam,</strong></span> <span class='ocrx_word' id='word_1_439' title='bbox 870 3784 945 3861; x_wconf 91' lang='lat' dir='ltr'><strong>Eph.</strong></span> <span class='ocrx_word' id='word_1_440' title='bbox 961 3784 980 3842; x_wconf 91' lang='lat' dir='ltr'><strong>i.</strong></span> <span class='ocrx_word' id='word_1_441' title='bbox 997 3786 1043 3859; x_wconf 89' lang='lat'><strong>18,</strong></span> <span class='ocrx_word' id='word_1_442' title='bbox 1061 3787 1108 3860; x_wconf 82' lang='lat'><strong>19,</strong></span> <span class='ocrx_word' id='word_1_443' title='bbox 1123 3789 1171 3860; x_wconf 78' lang='lat'><strong>20,</strong></span> <span class='ocrx_word' id='word_1_444' title='bbox 1194 3807 1282 3863; x_wconf 89' lang='lat' dir='ltr'><strong>quum</strong></span> <span class='ocrx_word' id='word_1_445' title='bbox 1297 3786 1450 3846; x_wconf 79' lang='grc'>1111111111</span> 
     </span>
     <span class='ocr_line' id='line_1_44' title="bbox 242 3863 1450 3942; baseline 0.003 -22"><span class='ocrx_word' id='word_1_446' title='bbox 242 3873 388 3939; x_wconf 62' lang='grc'>1111111111</span> <span class='ocrx_word' id='word_1_447' title='bbox 410 3871 502 3932; x_wconf 62' lang='lat' dir='ltr'><strong>ptyra</strong></span> <span class='ocrx_word' id='word_1_448' title='bbox 526 3867 651 3930; x_wconf 63' lang='grc'>11111111,</span> <span class='ocrx_word' id='word_1_449' title='bbox 674 3863 851 3920; x_wconf 74' lang='lat' dir='ltr'><strong>excellentem</strong></span> <span class='ocrx_word' id='word_1_450' title='bbox 874 3865 1092 3941; x_wconf 66' lang='lat' dir='ltr'><strong>magnitudinem</strong></span> <span class='ocrx_word' id='word_1_451' title='bbox 1126 3867 1242 3941; x_wconf 82' lang='lat' dir='ltr'><strong>uirtutis,</strong></span> <span class='ocrx_word' id='word_1_452' title='bbox 1272 3874 1301 3924; x_wconf 91' lang='lat' dir='ltr'><strong>et</strong></span> <span class='ocrx_word' id='word_1_453' title='bbox 1329 3867 1450 3942; x_wconf 91' lang='lat' dir='ltr'><strong>quidem</strong></span> 
     </span>
     <span class='ocr_line' id='line_1_45' title="bbox 241 3945 1448 4018; baseline 0.004 -18"><span class='ocrx_word' id='word_1_454' title='bbox 241 3955 304 4000; x_wconf 67' lang='grc'>1111</span> <span class='ocrx_word' id='word_1_455' title='bbox 313 3955 352 4004; x_wconf 58' lang='lat' dir='ltr'><strong>aar</strong></span> <span class='ocrx_word' id='word_1_456' title='bbox 361 3952 467 4018; x_wconf 60' lang='lat' dir='ltr'><strong>trteyuar</strong></span> <span class='ocrx_word' id='word_1_457' title='bbox 477 3952 516 3999; x_wconf 69' lang='grc'><strong>111</strong></span> <span class='ocrx_word' id='word_1_458' title='bbox 527 3951 669 4016; x_wconf 58' lang='grc'>1111111111</span> <span class='ocrx_word' id='word_1_459' title='bbox 679 3949 758 4012; x_wconf 68' lang='grc' dir='ltr'><strong>ἰσχύοι</strong></span> <span class='ocrx_word' id='word_1_460' title='bbox 771 3951 847 4010; x_wconf 73' lang='grc' dir='ltr'><strong>αὐτοῦ,</strong></span> <span class='ocrx_word' id='word_1_461' title='bbox 874 3945 1030 4003; x_wconf 84' lang='lat' dir='ltr'><strong>Secundum</strong></span> <span class='ocrx_word' id='word_1_462' title='bbox 1052 3946 1203 4016; x_wconf 75' lang='lat' dir='ltr'><strong>efficaciam</strong></span> <span class='ocrx_word' id='word_1_463' title='bbox 1212 3948 1322 4005; x_wconf 70' lang='lat' dir='ltr'><strong>robora</strong></span> <span class='ocrx_word' id='word_1_464' title='bbox 1335 3948 1448 4005; x_wconf 66' lang='grc'>11111111</span> 
     </span>
     <span class='ocr_line' id='line_1_46' title="bbox 240 4023 1450 4102; baseline 0.001 -19"><span class='ocrx_word' id='word_1_465' title='bbox 240 4029 305 4101; x_wconf 82' lang='lat' dir='ltr'><strong>ejus,</strong></span> <span class='ocrx_word' id='word_1_466' title='bbox 318 4025 357 4082; x_wconf 92' lang='lat' dir='ltr'><strong>id.</strong></span> <span class='ocrx_word' id='word_1_467' title='bbox 373 4025 489 4084; x_wconf 85' lang='lat' dir='ltr'><strong>virtutis</strong></span> <span class='ocrx_word' id='word_1_468' title='bbox 503 4023 718 4102; x_wconf 77' lang='lat' dir='ltr'><strong>potentissima,</strong></span> <span class='ocrx_word' id='word_1_469' title='bbox 732 4044 817 4100; x_wconf 85' lang='lat' dir='ltr'><strong>quum</strong></span> <span class='ocrx_word' id='word_1_470' title='bbox 831 4026 941 4082; x_wconf 75' lang='lat' dir='ltr'><strong>exeruit</strong></span> <span class='ocrx_word' id='word_1_471' title='bbox 954 4025 982 4082; x_wconf 90' lang='lat' dir='ltr'><strong>in</strong></span> <span class='ocrx_word' id='word_1_472' title='bbox 999 4025 1117 4100; x_wconf 75' lang='lat' dir='ltr'><strong>Christo,</strong></span> <span class='ocrx_word' id='word_1_473' title='bbox 1133 4046 1218 4101; x_wconf 81' lang='lat' dir='ltr'><strong>quum</strong></span> <span class='ocrx_word' id='word_1_474' title='bbox 1232 4047 1293 4085; x_wconf 84' lang='lat' dir='ltr'><strong>eum</strong></span> <span class='ocrx_word' id='word_1_475' title='bbox 1304 4028 1450 4085; x_wconf 74' lang='lat' dir='ltr'><strong>suscitarit</strong></span> 
     </span>
     <span class='ocr_line' id='line_1_47' title="bbox 239 4104 1448 4184; baseline 0.001 -21"><span class='ocrx_word' id='word_1_476' title='bbox 239 4127 259 4163; x_wconf 90' lang='grc' dir='ltr'><em>α</em></span> <span class='ocrx_word' id='word_1_477' title='bbox 273 4105 397 4179; x_wconf 86' lang='lat' dir='ltr'><strong>mortuis,</strong></span> <span class='ocrx_word' id='word_1_478' title='bbox 422 4105 446 4163; x_wconf 87' lang='lat' dir='ltr'><strong>si</strong></span> <span class='ocrx_word' id='word_1_479' title='bbox 473 4125 532 4162; x_wconf 93' lang='lat' dir='ltr'><strong>non</strong></span> <span class='ocrx_word' id='word_1_480' title='bbox 553 4104 636 4162; x_wconf 88' lang='lat' dir='ltr'><strong>aliter</strong></span> <span class='ocrx_word' id='word_1_481' title='bbox 655 4104 716 4180; x_wconf 87' lang='lat' dir='ltr'><strong>agit</strong></span> <span class='ocrx_word' id='word_1_482' title='bbox 738 4104 826 4176; x_wconf 87' lang='lat' dir='ltr'><strong>Deus,</strong></span> <span class='ocrx_word' id='word_1_483' title='bbox 852 4125 937 4180; x_wconf 91' lang='lat' dir='ltr'><strong>quam</strong></span> <span class='ocrx_word' id='word_1_484' title='bbox 963 4105 1110 4162; x_wconf 88' lang='lat' dir='ltr'><strong>moraliter</strong></span> <span class='ocrx_word' id='word_1_485' title='bbox 1131 4115 1160 4164; x_wconf 87' lang='lat' dir='ltr'><strong>et</strong></span> <span class='ocrx_word' id='word_1_486' title='bbox 1185 4107 1336 4184; x_wconf 83' lang='lat' dir='ltr'><strong>objectiva,</strong></span> <span class='ocrx_word' id='word_1_487' title='bbox 1360 4117 1448 4183; x_wconf 88' lang='lat' dir='ltr'><strong>prout</strong></span> 
     </span>
     <span class='ocr_line' id='line_1_48' title="bbox 239 4183 1447 4262; baseline 0.002 -20"><span class='ocrx_word' id='word_1_488' title='bbox 239 4185 371 4242; x_wconf 89' lang='lat' dir='ltr'><strong>homines</strong></span> <span class='ocrx_word' id='word_1_489' title='bbox 396 4186 513 4244; x_wconf 83' lang='lat' dir='ltr'><strong>solent?</strong></span> <span class='ocrx_word' id='word_1_490' title='bbox 543 4184 592 4242; x_wconf 86' lang='lat' dir='ltr'><strong>An</strong></span> <span class='ocrx_word' id='word_1_491' title='bbox 607 4203 702 4242; x_wconf 90' lang='lat' dir='ltr'><strong>creare</strong></span> <span class='ocrx_word' id='word_1_492' title='bbox 723 4203 777 4242; x_wconf 89' lang='lat' dir='ltr'><strong>nos</strong></span> <span class='ocrx_word' id='word_1_493' title='bbox 805 4183 944 4242; x_wconf 90' lang='lat' dir='ltr'><strong>dicendus</strong></span> <span class='ocrx_word' id='word_1_494' title='bbox 958 4192 1043 4262; x_wconf 85' lang='lat' dir='ltr'><strong>essct,</strong></span> <span class='ocrx_word' id='word_1_495' title='bbox 1066 4185 1090 4242; x_wconf 90' lang='lat' dir='ltr'><strong>si</strong></span> <span class='ocrx_word' id='word_1_496' title='bbox 1104 4185 1177 4243; x_wconf 92' lang='lat' dir='ltr'><strong>nihil</strong></span> <span class='ocrx_word' id='word_1_497' title='bbox 1198 4187 1277 4245; x_wconf 86' lang='lat' dir='ltr'><strong>aliud</strong></span> <span class='ocrx_word' id='word_1_498' title='bbox 1301 4205 1372 4262; x_wconf 85' lang='lat' dir='ltr'><strong>erga</strong></span> <span class='ocrx_word' id='word_1_499' title='bbox 1392 4205 1447 4244; x_wconf 87' lang='lat' dir='ltr'><strong>nos</strong></span> 
     </span>
     <span class='ocr_line' id='line_1_49' title="bbox 240 4263 1446 4344; baseline 0.001 -22"><span class='ocrx_word' id='word_1_500' title='bbox 240 4271 358 4341; x_wconf 84' lang='lat' dir='ltr'><strong>praestat</strong></span> <span class='ocrx_word' id='word_1_501' title='bbox 380 4283 466 4340; x_wconf 88' lang='lat' dir='ltr'><strong>quarn</strong></span> <span class='ocrx_word' id='word_1_502' title='bbox 489 4264 591 4323; x_wconf 89' lang='lat' dir='ltr'><strong>docere</strong></span> <span class='ocrx_word' id='word_1_503' title='bbox 606 4273 635 4322; x_wconf 90' lang='lat' dir='ltr'><strong>et</strong></span> <span class='ocrx_word' id='word_1_504' title='bbox 659 4264 802 4323; x_wconf 87' lang='lat' dir='ltr'><strong>suadere?</strong></span> <span class='ocrx_word' id='word_1_505' title='bbox 844 4263 908 4322; x_wconf 92' lang='lat' dir='ltr'><strong>Non</strong></span> <span class='ocrx_word' id='word_1_506' title='bbox 929 4264 1038 4340; x_wconf 89' lang='lat' dir='ltr'><strong>patitur</strong></span> <span class='ocrx_word' id='word_1_507' title='bbox 1059 4284 1127 4324; x_wconf 86' lang='lat' dir='ltr'><strong>sanc</strong></span> <span class='ocrx_word' id='word_1_508' title='bbox 1143 4265 1198 4324; x_wconf 88' lang='lat' dir='ltr'><strong>Dei</strong></span> <span class='ocrx_word' id='word_1_509' title='bbox 1214 4266 1362 4344; x_wconf 87' lang='lat' dir='ltr'><strong>sapientia,</strong></span> <span class='ocrx_word' id='word_1_510' title='bbox 1380 4285 1446 4342; x_wconf 86' lang='lat' dir='ltr'><strong>quae</strong></span> 
     </span>
     <span class='ocr_line' id='line_1_50' title="bbox 239 4343 1446 4423; baseline 0.002 -22"><span class='ocrx_word' id='word_1_511' title='bbox 239 4365 285 4403; x_wconf 87' lang='lat' dir='ltr'><strong>res</strong></span> <span class='ocrx_word' id='word_1_512' title='bbox 300 4343 456 4421; x_wconf 86' lang='lat' dir='ltr'><strong>aptissimis</strong></span> <span class='ocrx_word' id='word_1_513' title='bbox 470 4345 568 4402; x_wconf 87' lang='lat' dir='ltr'><strong>verbis</strong></span> <span class='ocrx_word' id='word_1_514' title='bbox 583 4345 656 4402; x_wconf 88' lang='lat' dir='ltr'><strong>solet</strong></span> <span class='ocrx_word' id='word_1_515' title='bbox 667 4343 836 4419; x_wconf 85' lang='lat' dir='ltr'><strong>exprimere,</strong></span> <span class='ocrx_word' id='word_1_516' title='bbox 852 4351 885 4401; x_wconf 90' lang='lat' dir='ltr'><strong>ut</strong></span> <span class='ocrx_word' id='word_1_517' title='bbox 906 4344 1056 4403; x_wconf 89' lang='lat' dir='ltr'><strong>credamus</strong></span> <span class='ocrx_word' id='word_1_518' title='bbox 1071 4365 1136 4403; x_wconf 90' lang='lat' dir='ltr'><strong>eum</strong></span> <span class='ocrx_word' id='word_1_519' title='bbox 1150 4353 1210 4404; x_wconf 87' lang='lat' dir='ltr'><strong>tarn</strong></span> <span class='ocrx_word' id='word_1_520' title='bbox 1224 4346 1402 4423; x_wconf 86' lang='lat' dir='ltr'><strong>emphaticas</strong></span> <span class='ocrx_word' id='word_1_521' title='bbox 1415 4353 1446 4403; x_wconf 89' lang='lat' dir='ltr'><strong>ct</strong></span> 
     </span>
     <span class='ocr_line' id='line_1_51' title="bbox 239 4421 1445 4502; baseline 0 -20"><span class='ocrx_word' id='word_1_522' title='bbox 239 4423 369 4482; x_wconf 89' lang='lat' dir='ltr'><strong>efficaces</strong></span> <span class='ocrx_word' id='word_1_523' title='bbox 388 4421 550 4481; x_wconf 86' lang='lat' dir='ltr'><strong>locutiones</strong></span> <span class='ocrx_word' id='word_1_524' title='bbox 565 4432 622 4482; x_wconf 87' lang='lat' dir='ltr'><strong>tam</strong></span> <span class='ocrx_word' id='word_1_525' title='bbox 636 4422 764 4481; x_wconf 87' lang='lat' dir='ltr'><strong>remissae</strong></span> <span class='ocrx_word' id='word_1_526' title='bbox 779 4431 808 4480; x_wconf 92' lang='lat' dir='ltr'><strong>et</strong></span> <span class='ocrx_word' id='word_1_527' title='bbox 829 4422 887 4480; x_wconf 89' lang='lat' dir='ltr'><strong>leni</strong></span> <span class='ocrx_word' id='word_1_528' title='bbox 902 4423 1009 4481; x_wconf 87' lang='lat' dir='ltr'><strong>actioni</strong></span> <span class='ocrx_word' id='word_1_529' title='bbox 1023 4424 1219 4485; x_wconf 70' lang='lat' dir='ltr'><strong>describenda</strong></span> <span class='ocrx_word' id='word_1_530' title='bbox 1239 4445 1379 4502; x_wconf 84' lang='lat' dir='ltr'><strong>usurpare</strong></span> <span class='ocrx_word' id='word_1_531' title='bbox 1393 4445 1445 4482; x_wconf 78' lang='lat' dir='ltr'><strong>vo·</strong></span> 
     </span>
     <span class='ocr_line' id='line_1_52' title="bbox 238 4499 1445 4583; baseline 0.002 -23"><span class='ocrx_word' id='word_1_532' title='bbox 238 4505 327 4562; x_wconf 86' lang='lat' dir='ltr'><strong>luisse</strong></span> <span class='ocrx_word' id='word_1_533' title='bbox 341 4525 348 4562; x_wconf 92' lang='lat'>:</span> <span class='ocrx_word' id='word_1_534' title='bbox 376 4502 433 4560; x_wconf 88' lang='lat' dir='ltr'><strong>Sed</strong></span> <span class='ocrx_word' id='word_1_535' title='bbox 447 4503 576 4580; x_wconf 87' lang='lat' dir='ltr'><strong>postulat</strong></span> <span class='ocrx_word' id='word_1_536' title='bbox 589 4511 622 4560; x_wconf 91' lang='lat' dir='ltr'><strong>ut</strong></span> <span class='ocrx_word' id='word_1_537' title='bbox 642 4503 702 4559; x_wconf 90' lang='lat' dir='ltr'><strong>vim</strong></span> <span class='ocrx_word' id='word_1_538' title='bbox 717 4499 862 4578; x_wconf 88' lang='lat' dir='ltr'><strong>quandam</strong></span> <span class='ocrx_word' id='word_1_539' title='bbox 877 4500 1113 4578; x_wconf 86' lang='lat' dir='ltr'><strong>efficacissimam,</strong></span> <span class='ocrx_word' id='word_1_540' title='bbox 1126 4505 1151 4564; x_wconf 88' lang='lat' dir='ltr'><strong>si</strong></span> <span class='ocrx_word' id='word_1_541' title='bbox 1165 4525 1223 4564; x_wconf 90' lang='lat' dir='ltr'><strong>non</strong></span> <span class='ocrx_word' id='word_1_542' title='bbox 1237 4505 1397 4583; x_wconf 89' lang='lat' dir='ltr'><strong>physicam,</strong></span> <span class='ocrx_word' id='word_1_543' title='bbox 1413 4513 1445 4563; x_wconf 87' lang='lat' dir='ltr'><strong>at</strong></span> 
     </span>
     <span class='ocr_line' id='line_1_53' title="bbox 239 4581 1445 4661; baseline 0.002 -21"><span class='ocrx_word' id='word_1_544' title='bbox 239 4581 490 4660; x_wconf 86' lang='lat' dir='ltr'><strong>hyperphysicam,</strong></span> <span class='ocrx_word' id='word_1_545' title='bbox 517 4591 547 4641; x_wconf 91' lang='grc'><strong>11</strong></span> <span class='ocrx_word' id='word_1_546' title='bbox 569 4581 695 4638; x_wconf 85' lang='lat' dir='ltr'><strong>maxime</strong></span> <span class='ocrx_word' id='word_1_547' title='bbox 723 4581 829 4638; x_wconf 88' lang='lat' dir='ltr'><strong>realem</strong></span> <span class='ocrx_word' id='word_1_548' title='bbox 857 4581 951 4638; x_wconf 85' lang='lat' dir='ltr'><strong>notari</strong></span> <span class='ocrx_word' id='word_1_549' title='bbox 976 4582 1115 4643; x_wconf 86' lang='lat' dir='ltr'><strong>dicamus.</strong></span> <span class='ocrx_word' id='word_1_550' title='bbox 1158 4586 1219 4645; x_wconf 92' lang='lat' dir='ltr'><strong>Ncc</strong></span> <span class='ocrx_word' id='word_1_551' title='bbox 1244 4586 1270 4644; x_wconf 89' lang='lat' dir='ltr'><strong>si</strong></span> <span class='ocrx_word' id='word_1_552' title='bbox 1296 4585 1445 4661; x_wconf 86' lang='lat' dir='ltr'><strong>Scriptura</strong></span> 
     </span>
     <span class='ocr_line' id='line_1_54' title="bbox 234 4659 1447 4742; baseline 0.002 -23"><span class='ocrx_word' id='word_1_553' title='bbox 234 4661 319 4738; x_wconf 89' lang='lat' dir='ltr'><strong>jubet</strong></span> <span class='ocrx_word' id='word_1_554' title='bbox 333 4679 386 4720; x_wconf 87' lang='lat' dir='ltr'><strong>nos</strong></span> <span class='ocrx_word' id='word_1_555' title='bbox 399 4660 493 4722; x_wconf 86' lang='lat' dir='ltr'><strong>Iacere</strong></span> <span class='ocrx_word' id='word_1_556' title='bbox 507 4661 591 4722; x_wconf 87' lang='lat' dir='ltr'><strong>nobis</strong></span> <span class='ocrx_word' id='word_1_557' title='bbox 616 4681 665 4721; x_wconf 90' lang='lat' dir='ltr'><strong>cor</strong></span> <span class='ocrx_word' id='word_1_558' title='bbox 678 4679 795 4736; x_wconf 87' lang='lat' dir='ltr'><strong>novum,</strong></span> <span class='ocrx_word' id='word_1_559' title='bbox 812 4659 942 4738; x_wconf 87' lang='lat' dir='ltr'><strong>sequitur</strong></span> <span class='ocrx_word' id='word_1_560' title='bbox 955 4661 1010 4722; x_wconf 90' lang='lat' dir='ltr'><strong>hoc</strong></span> <span class='ocrx_word' id='word_1_561' title='bbox 1024 4664 1149 4742; x_wconf 85' lang='lat' dir='ltr'><strong>pendere</strong></span> <span class='ocrx_word' id='word_1_562' title='bbox 1164 4665 1201 4726; x_wconf 90' lang='lat' dir='ltr'><strong>ab</strong></span> <span class='ocrx_word' id='word_1_563' title='bbox 1214 4666 1339 4741; x_wconf 88' lang='lat' dir='ltr'><strong>homine,</strong></span> <span class='ocrx_word' id='word_1_564' title='bbox 1354 4683 1414 4723; x_wconf 88' lang='lat' dir='ltr'><strong>nou</strong></span> <span class='ocrx_word' id='word_1_565' title='bbox 1427 4683 1447 4722; x_wconf 85' lang='lat' dir='ltr'><strong>a</strong></span> 
     </span>
    </p>
   </div>
   <div class='ocr_carea' id='block_1_6' title="bbox 1534 1726 1545 1787">
    <p class='ocr_par' dir='ltr' id='par_1_6' title="bbox 1534 1726 1545 1787">
     <span class='ocr_line' id='line_1_55' title="bbox 1534 1726 1545 1787; baseline 0 0"><span class='ocrx_word' id='word_1_566' title='bbox 1534 1726 1545 1787; x_wconf 86' lang='grc'><strong>1</strong></span> 
     </span>
    </p>
   </div>
   <div class='ocr_carea' id='block_1_7' title="bbox 1532 1806 1542 1891">
    <p class='ocr_par' dir='ltr' id='par_1_7' title="bbox 1532 1806 1542 1891">
     <span class='ocr_line' id='line_1_56' title="bbox 1532 1806 1542 1891; baseline 0 0"><span class='ocrx_word' id='word_1_567' title='bbox 1532 1806 1542 1891; x_wconf 92' lang='grc'><strong>1</strong></span> 
     </span>
    </p>
   </div>
   <div class='ocr_carea' id='block_1_8' title="bbox 504 3146 1546 3226">
    <p class='ocr_par' dir='ltr' id='par_1_8' title="bbox 504 3146 1546 3226">
     <span class='ocr_line' id='line_1_57' title="bbox 504 3146 1546 3226; baseline 0.003 -20"><span class='ocrx_word' id='word_1_568' title='bbox 504 3168 555 3226; x_wconf 89' lang='lat' dir='ltr'><strong>per</strong></span> <span class='ocrx_word' id='word_1_569' title='bbox 579 3146 764 3218; x_wconf 81' lang='lat' dir='ltr'><strong>Oreatiouem,</strong></span> <span class='ocrx_word' id='word_1_570' title='bbox 789 3146 1040 3220; x_wconf 81' lang='lat' dir='ltr'><strong>Resurrectionem,</strong></span> <span class='ocrx_word' id='word_1_571' title='bbox 1069 3149 1328 3222; x_wconf 77' lang='lat' dir='ltr'><strong>Repeueratiouem,</strong></span> <span class='ocrx_word' id='word_1_572' title='bbox 1357 3152 1454 3208; x_wconf 80' lang='lat' dir='ltr'><strong>cordis</strong></span> <span class='ocrx_word' id='word_1_573' title='bbox 1545 3163 1546 3172; x_wconf 59' lang='lat'>¹</span> 
     </span>
    </p>
   </div>
   <div class='ocr_carea' id='block_1_9' title="bbox 0 0 1578 5207">
    <p class='ocr_par' dir='ltr' id='par_1_9' title="bbox 0 0 1578 5207">
     <span class='ocr_line' id='line_1_58' title="bbox 0 0 1578 5207; baseline 0 0"><span class='ocrx_word' id='word_1_574' title='bbox 0 0 1578 5207; x_wconf 95' lang='lat' dir='ltr'><strong> </strong></span> 
     </span>
    </p>
   </div>
  </div>
 </body>
</html>
