3202 5194
147 367 266 420 Quaen.
284 348 352 432 xx]
652 369 691 411 na
706 369 782 412 neon
797 370 857 411 nst.
1309 361 1366 420 115

149 511 267 572 ciosum
282 519 380 590 potest
400 510 472 587 dari,
488 511 566 591 quod
587 530 646 572 non
666 513 705 573 eit
724 511 916 572 inofficiosum
936 511 1096 590 mentienti,
1111 513 1218 593 quippe
1238 518 1318 594 quod
1339 527 1370 580 et

149 592 344 652 intrinsecam
359 591 508 651 formalem
521 596 627 665 ἀταξίαν
641 593 736 670 habet,
752 602 782 653 et
796 593 1011 652 difformitatem
1024 613 1043 652 a
1055 602 1202 655 naturast
1216 597 1296 674 Lege
1311 597 1369 660 Dei

151 673 291 732 alienam.
328 673 415 748 Quod
428 691 498 732 vero
512 693 563 750 per
577 693 608 733 se
622 682 652 733 et
665 673 820 734 intrinsece
834 675 951 751 vudum,
967 673 999 732 id
1011 675 1121 734 nullius
1134 675 1201 735 finis
1214 677 1302 736 etiam
1316 699 1368 757 op·

151 752 221 811 rimi
235 752 466 813 consideratione
479 753 589 813 bonum
603 754 685 812 reddi
699 762 812 832 potest:
827 754 995 813 bennonim
1008 755 1083 814 bene
1098 764 1166 815 sunt
1176 758 1366 836 procuranda,

152 843 187 891 et
200 833 267 892 finis
287 834 382 893 bonus
396 834 569 912 quarendus
589 835 674 894 bonis
695 835 807 912 mediis,
830 853 884 893 neo
904 835 973 894 ullae
994 835 1218 896 circumstantiae
1238 845 1369 900 externa

152 921 280 990 possunt
292 922 405 973 mutare
418 933 480 973 rem
493 934 545 992 per
559 933 590 974 se
603 915 718 974 melam.

199 993 256 1052 VI.
278 997 306 1054 3.
328 993 405 1070 Quia
425 995 451 1053 si
470 994 663 1072 perniciosum
684 993 865 1054 mendacium
885 1001 998 1054 tantum
1020 1002 1098 1055 esset
1121 1005 1280 1074 peccam,
1304 999 1369 1078 ejus

153 1075 248 1148 ὶιομιι
261 1083 407 1152 peteretur
419 1083 532 1133 tanturn
547 1075 654 1152 efine;
676 1074 882 1153 quodfalsum,
898 1075 966 1152 quia
984 1075 1016 1133 iu
1029 1075 1093 1152 ipse
1113 1077 1257 1137 mendacii
1271 1078 1367 1140 defor-

155 1155 259 1214 mitate
273 1164 302 1215 et
312 1154 416 1232 ὅτιξιιι,
432 1175 535 1234 nempe
549 1155 580 1213 in
593 1155 720 1215 diuortio
734 1155 839 1214 mentis
853 1163 882 1214 et
895 1155 1012 1233 lingue,
1028 1175 1093 1232 quas
1107 1159 1212 1217 mentis
1224 1157 1369 1238 interpres

156 1252 223 1292 esse
238 1234 332 1310 debet,
348 1235 481 1294 consistit
495 1237 559 1312 ejus
573 1238 671 1312 ιιιιμιι.
700 1239 729 1294 4.
754 1235 786 1295 Si
799 1234 981 1295 mendacium
994 1244 1094 1314 posset
1107 1236 1255 1297 honestari
1268 1259 1286 1297 a
1299 1239 1366 1318 fine,

156 1313 294 1374 nimirum
307 1316 467 1375 intentione
477 1315 602 1392 juvandi
615 1316 788 1394 proximum,
805 1315 847 1374 sio
867 1323 897 1375 et
909 1314 987 1376 furta
1006 1323 1126 1394 possent
1141 1317 1288 1378 honestari
1302 1340 1368 1398 quas

156 1403 257 1453 essent
277 1394 412 1470 officiosa,
434 1415 524 1472 quum
545 1396 650 1473 aliquis
670 1396 760 1456 vellet
780 1415 818 1454 ex
838 1394 916 1456 furto
936 1397 1069 1473 proximo
1086 1396 1264 1475 benefacere,
1287 1400 1368 1477 quod

157 1484 257 1533 minen
277 1494 362 1535 nemo
381 1475 496 1551 dixerit,
512 1476 582 1553 quia
601 1477 703 1554 regula
717 1475 854 1554 Apostoli
867 1475 915 1535 hic
935 1475 1066 1536 obtinere
1080 1476 1176 1555 debet,
1193 1480 1212 1511 “
1225 1499 1284 1538 nou
1299 1487 1368 1540 eunt

157 1554 292 1614 facienda
304 1556 389 1632 mala
405 1563 438 1615 ut
451 1555 588 1615 evenient
600 1556 707 1632 bone,''
724 1557 808 1615 Rom.
823 1556 864 1615 iii.
880 1557 909 1616 8.

201 1634 274 1693 VII.
296 1638 324 1694 5.
347 1635 532 1713 Augustinus
545 1637 655 1714 passim
668 1638 723 1695 hoc
737 1636 880 1695 inordcat:
903 1635 1020 1712 Euchir,
1037 1655 1062 1694 c.
1077 1635 1160 1695 xviii.
1177 1637 1367 1699 “Peccatum

157 1723 205 1774 est
219 1735 303 1774 omne
317 1715 509 1792 mendesium,
523 1716 660 1794 quamvis
679 1735 738 1774 uon
752 1724 865 1776 tantum
879 1724 987 1792 peccet,
1002 1715 1053 1792 qui
1074 1716 1253 1793 considendi,
1275 1738 1367 1795 quan-

158 1805 223 1854 tum
236 1795 262 1855 is
277 1797 327 1874 qui
346 1795 471 1856 nocendi
485 1797 636 1856 voluntate
650 1797 826 1872 mentitur;''
848 1795 927 1873 quod
940 1796 1053 1873 repetit,
1068 1815 1131 1873 cap.
1146 1795 1220 1856 xxii.
1242 1797 1290 1857 Ita
1303 1819 1367 1876 cap.

159 1895 212 1934 xv.
235 1877 341 1936 Contra
353 1876 485 1937 menda:
501 1879 520 1910 “
529 1877 625 1937 dicere
640 1877 737 1954 alique
750 1875 902 1935 mendacia
915 1895 978 1934 esse
995 1877 1083 1952 justa,
1099 1885 1145 1936 est
1158 1875 1254 1942 dicere
1269 1878 1369 1956 aliqua

159 1975 226 2015 esse
244 1957 325 2035 juste
337 1965 464 2034 peccata,
479 1965 510 2016 et
529 1978 581 2035 per
594 1957 650 2016 hoc
664 1957 761 2034 aliqua
777 1958 859 2034 justa
872 1975 936 2015 esse
950 1975 1016 2033 qua
1029 1957 1139 2034 injusta
1158 1965 1227 2016 sunt
1237 1957 1266 2033 ;’'
1288 1958 1368 2036 quod

158 2039 315 2114 exequitur
325 2037 418 2097 fusius
427 2037 510 2096 libris
521 2037 635 2096 duobus
645 2039 692 2096 De
702 2037 848 2096 mendacio
857 2045 884 2096 et
895 2035 1005 2096 Conna
1015 2036 1200 2096 mendacium.
1242 2037 1367 2116 Gregor.

159 2117 266 2177 Moral.
280 2118 300 2176 l
315 2117 398 2176 xviii.
413 2137 476 2196 cap.
491 2121 527 2177 4:
551 2120 569 2152 “
584 2117 676 2177 Omne
690 2117 872 2177 mendacium
887 2115 1085 2194 iniquitasest,
1096 2118 1165 2195 quia
1178 2115 1216 2176 ab
1231 2119 1368 2196 equitate

159 2195 314 2276 discrepet,
330 2197 468 2276 quiequid
481 2217 500 2256 a
512 2199 635 2257 veritate
649 2198 804 2258 discordat.
827 2197 889 2256 Nec
899 2197 961 2256 vita
974 2197 1131 2274 cujuslibet
1143 2217 1196 2276 per
1208 2198 1369 2258 mentiendi

158 2275 303 2336 fallaciam
314 2277 493 2355 defendetur,
505 2297 542 2338 ue
551 2298 611 2338 sue
620 2279 724 2338 animoe
737 2284 848 2356 noceat,
860 2278 911 2356 qui
920 2285 1057 2356 prestare
1067 2277 1169 2338 nititur
1182 2277 1274 2338 vitam
1288 2278 1369 2338 carui

159 2357 292 2418 aliene.''
727 2401 731 2413 ,

463 2438 554 2496 VIII.
577 2436 717 2513 Quemvis
732 2437 814 2498 Deus
826 2435 1011 2498 benedixerit
1030 2437 1236 2498 obstetricibus
1250 2438 1367 2518 AEgyp·

190 2503 368 2610 Foqmeqolu·
420 2515 478 2594 tiis,
489 2537 554 2596 quae
568 2519 696 2578 mentitas
711 2527 778 2578 sunt
793 2518 947 2593 Pharaoni,
964 2517 1103 2593 Exodi,
1119 2538 1177 2578 non
1191 2517 1258 2578 ideo
1272 2539 1368 2579 remu·

325 2593 332 2610 ⁸
421 2605 539 2658 neratus
552 2607 598 2657 est
607 2598 789 2658 mendacium
803 2598 939 2678 ipsarum,
952 2597 1004 2657 sed
1017 2597 1154 2675 pietatem
1168 2605 1198 2658 et
1208 2599 1368 2658 misericor-

161 2674 239 2734 diam
253 2696 324 2754 erge
337 2673 470 2754 infantes,
485 2678 564 2756 quod
577 2679 732 2738 maluerint
745 2697 776 2737 se
797 2695 941 2756 exponere
955 2677 1149 2754 indignationi
1164 2677 1264 2756 Regis,
1281 2697 1369 2757 quam

161 2755 226 2833 ejus
241 2755 350 2816 crudeli
364 2758 500 2817 mandato
514 2758 645 2835 obsequi.
688 2761 707 2793 ‘⁴
722 2757 789 2817 Non
803 2766 848 2817 est
867 2757 955 2817 ineis
975 2764 1158 2816 remunerata
1170 2757 1293 2834 fallacia,
1316 2757 1369 2820 sed

161 2835 377 2913 benevolentia3
392 2838 558 2916 benignitas
571 2837 686 2916 mentis,
701 2859 760 2898 nou
774 2837 911 2915 iniquitas
925 2837 1120 2912 mentientis,”
1135 2843 1169 2895 ut
1182 2837 1224 2897 ait
1237 2837 1369 2915 August.

161 2915 199 2975 de
210 2916 328 2976 Mende.
340 2937 366 2976 c.
377 2937 427 2978 xv.
444 2920 511 2978 Duo
525 2919 603 2978 eninr
616 2919 664 2978 bio
678 2926 761 2978 ectus
774 2917 973 2994 distinguendi
983 2916 1113 2989 veniunt,
1129 2916 1213 2992 elius,
1225 2935 1284 2992 quo
1299 2917 1369 2976 obe·

162 2995 299 3056 dleutiam
313 2997 408 3058 edicto
422 3000 573 3078 tyrannico
588 2997 680 3077 Regis
701 2998 906 3073 detrectarunt,
921 2996 972 3074 qui
985 2995 1119 3074 provenit
1133 3013 1171 3053 ex
1184 2995 1287 3055 timore
1302 2995 1368 3090 Dei,

162 3083 192 3136 st
205 3077 430 3152 commendetur,
445 3080 519 3139 alius
540 3078 766 3156 mendaciique
785 3095 817 3136 se
837 3082 1013 3138 excusarunt
1034 3083 1064 3134 et
1076 3074 1205 3134 mentitae
1226 3083 1302 3152 sunt,
1318 3095 1370 3154 qru

162 3159 295 3234 provenit
309 3159 406 3236 potius
420 3179 457 3218 ex
470 3159 707 3238 pusillanimitate
722 3165 751 3216 et
765 3165 844 3216 metu
858 3155 958 3216 servili
972 3155 1064 3233 Regis
1078 3174 1165 3232 quam
1178 3155 1282 3216 tiurore
1302 3156 1368 3234 Dei,

163 3237 214 3314 qui
227 3238 282 3298 fuit
295 3239 520 3315 peccaminosus.
557 3239 638 3299 Deus
652 3257 722 3316 ergo
736 3255 795 3315 qua
806 3235 862 3297 tuit
874 3235 1063 3314 benignitate,
1079 3244 1175 3296 sctum
1226 3237 1369 3297 coemine-

164 3335 228 3377 sum
249 3318 449 3394 condonando,
469 3328 566 3380 ectum
586 3321 695 3380 bonum
719 3317 896 3378 remunerari
915 3317 1019 3394 voluit,
1043 3324 1077 3377 ιιι
1096 3325 1178 3377 osten
1200 3325 1261 3378 eret
1282 3336 1370 3395 quam

164 3405 248 3474 grata
260 3398 304 3457 illi
318 3398 404 3458 fuerit
417 3401 510 3477 pietas
523 3401 651 3477 ipsarum
666 3409 695 3460 et
708 3397 915 3474 misericordie,
929 3398 999 3458 lieet
1012 3397 1104 3456 naris
1123 3397 1184 3456 suis
1197 3417 1256 3456 non
1270 3417 1370 3458 carue·

165 3478 210 3536 rit.
232 3478 334 3538 Potest
347 3480 435 3538 etiam
449 3479 507 3538 dici
524 3499 589 3539 oum
604 3479 787 3558 quibusdam,
803 3479 875 3538 istas
888 3477 1059 3538 obstetrices
1072 3497 1131 3536 non
1146 3497 1210 3538 esse
1223 3477 1369 3554 mentitas,

164 3559 232 3635 qnia
245 3577 347 3620 verum
368 3579 432 3618 esse
452 3559 547 3638 potuit
566 3561 646 3638 quod
665 3559 775 3634 dieunt,
792 3559 933 3618 Hebraeas
947 3559 1082 3618 mulieres
1096 3557 1186 3618 fuisse
1204 3557 1320 3618 vividas
1341 3565 1372 3616 et

163 3647 292 3716 vegetes,
308 3647 338 3699 et
351 3659 452 3717 parere
466 3649 621 3718 antequem
635 3640 672 3699 ad
685 3659 735 3699 eas
749 3639 882 3698 venirent
896 3638 1074 3698 obstetrices.

204 3719 265 3778 IX
287 3719 433 3797 Quicquid
446 3721 555 3780 eViris
570 3721 677 3780 senefia
691 3719 799 3779 factum
812 3715 928 3797 legitur,
944 3737 1003 3777 non
1017 3717 1116 3778 statim
1129 3717 1167 3777 ad
1181 3715 1371 3776 imitationem

165 3798 336 3858 trahendum
350 3800 434 3878 qussi
454 3801 575 3877 licitum,
590 3801 659 3878 quia
679 3798 814 3878 quamvis
835 3799 928 3859 sancti
942 3797 1057 3873 fuerint,
1072 3805 1186 3856 constat
1203 3803 1300 3855 tamen
1321 3811 1372 3853 eos

165 3897 222 3936 non
235 3879 347 3940 vixisse
368 3880 477 3959 absque
497 3889 625 3960 peccato.
667 3880 748 3939 Hine
767 3898 822 3938 nec
842 3879 1024 3939 mendacium
1038 3875 1152 3951 Jacobi,
1167 3894 1221 3934 nee
1241 3872 1371 3932 Rababre

164 3959 331 4035 meretricis,
346 3969 443 4038 potest
456 3961 576 4021 reddere
590 3960 773 4020 mendacium
787 3960 899 4019 licitum
911 3981 918 4036 ;
941 3959 1003 4017 Nec
1018 3958 1043 4018 si
1058 3957 1139 4015 Deus
1152 3952 1304 4014 benedixit
1317 3952 1339 4012 J
1340 3971 1372 4010 a·

165 4039 238 4097 cobo
252 4039 411 4116 mentienti,
428 4042 535 4101 Gerros.
550 4041 644 4100 xxvii,
659 4043 707 4117 20,
728 4041 859 4118 seqnitur
876 4037 1058 4098 mendacium
1075 4035 1140 4113 ejus
1158 4033 1247 4094 finisse
1267 4033 1372 4112 proba·

165 4127 235 4194 tum,
251 4119 321 4197 quia
339 4120 504 4182 benedictio
525 4129 625 4181 secuta
645 4129 690 4180 est
710 4120 806 4197 tidem,
828 4139 916 4198 qnam
936 4117 1071 4196 prestitit
1084 4113 1184 4174 Verbo
1205 4113 1271 4189 Dei,
1293 4111 1374 4206 quod

164 4199 257 4278 major
267 4200 427 4260 serviturus
442 4209 519 4261 esset
531 4200 645 4276 minori,
661 4202 736 4262 Gen.
751 4219 823 4259 xxv.
838 4203 887 4276 23,
902 4218 961 4258 uon
974 4216 1044 4256 vero
1058 4195 1127 4256 data
1140 4201 1185 4254 est
1198 4201 1315 4272 propter
1328 4213 1373 4252 vr·

166 4277 239 4337 tium
253 4287 283 4338 et
295 4299 412 4339 navum
425 4281 493 4342 fidei
509 4281 714 4341 adhaerentem.
755 4281 818 4340 Nee
831 4279 900 4339 fidei
912 4277 1050 4338 tribuitur
1068 4277 1105 4335 ab
1124 4273 1276 4352 Apostolo,
1294 4271 1373 4331 Heb.

167 4357 207 4418 xi.
223 4361 270 4436 31,
285 4360 468 4422 mendacium
483 4363 621 4438 Rababae,
638 4361 690 4421 sed
714 4361 791 4422 sobri
805 4359 934 4420 benefico
952 4364 983 4417 et
995 4358 1127 4430 honesto,
1143 4373 1201 4430 quo
1215 4349 1331 4427 excepit
1344 4357 1375 4412 et

166 4440 352 4500 conservavit
366 4441 572 4519 exploratores,
588 4443 657 4502 lieet
670 4437 777 4500 vitioso
791 4440 887 4500 madio
899 4457 954 4498 usa
967 4437 1006 4497 sit
1024 4436 1063 4496 ad
1076 4453 1127 4495 eos
1140 4429 1373 4523 conservapdos3

166 4516 340 4579 benefieium
354 4539 425 4597 ergo
439 4521 518 4598 quod
531 4542 549 4581 e
563 4524 627 4582 Deo
641 4529 797 4582 consecute
810 4527 863 4596 est,
878 4533 937 4577 non
950 4517 1007 4578 fuit
1026 4533 1136 4576 merces
1153 4508 1306 4584 mendaeu,
1322 4507 1376 4569 sed

167 4597 274 4658 amoris
288 4619 360 4677 erga
383 4602 520 4678 populum
537 4603 592 4662 Dei
613 4610 644 4661 et
655 4600 725 4660 fidei
745 4619 816 4678 erga
835 4598 966 4658 homines
980 4615 1055 4688 quos
1069 4591 1375 4690 hospitiqexceperat.

168 4677 216 4738 Ite
229 4677 260 4737 in
280 4679 426 4743 similibus
439 4679 522 4744 lectis
536 4679 743 4761 dutinwsnds
755 4699 868 4758 semper
884 4677 978 4738 Via-tas
997 4685 1122 4750 αοιιοιιιι,
1137 4694 1158 4734 o
1173 4680 1239 4732 urbo
1257 4677 1285 4730 et
1296 4689 1375 4732 aoevo.
