3150 5206
207 327 268 386 264
563 339 655 380 accus
669 337 798 380 uucruus
812 339 949 383 neurius.
1233 320 1359 402 [ounsr.
1374 341 1419 383 1u.

209 504 324 544 omnem
348 481 547 542 Idololatriam
569 481 752 541 severissime
766 481 902 560 damnat;
925 487 954 542 2.
975 503 1028 561 per
1040 503 1107 543 eum
1126 483 1213 542 etiam
1226 483 1312 560 plane
1327 483 1418 543 extir-

209 575 277 643 pata
288 573 332 624 est
346 565 376 623 in
391 563 521 623 Goetibus
543 561 686 636 omnibus,
711 561 762 639 qui
777 562 885 622 Christi
908 563 1067 623 doctrinam
1082 583 1151 623 vere
1174 562 1366 642 profitentur,
1387 567 1418 624 3.

209 646 278 724 quie
292 643 421 722 qnotidie
434 643 547 703 tollitur
560 643 590 700 in
604 642 712 701 mundo
733 662 785 720 per
799 643 954 722 Evangelii
968 643 1211 721 praedicationem,
1227 653 1256 703 et
1270 644 1295 703 si
1310 645 1360 722 qui
1374 643 1418 703 in·

209 735 254 787 ter
268 725 448 785 Christianos
462 723 556 782 adhuc
571 742 634 782 earn
648 723 774 782 retinent
786 723 836 782 vel
849 743 887 782 ex
901 733 962 784 toto
973 724 1021 783 vel
1035 743 1073 783 ex
1083 733 1173 802 parte,
1186 744 1221 783 eo
1235 724 1298 802 ipso
1314 745 1345 784 se
1359 745 1418 784 non

211 807 375 866 Ecclesiam
389 804 505 880 Christi,
532 803 583 862 sed
607 802 804 862 Anti-Christi
828 823 891 864 esse
916 804 1082 881 ostendunt,
1107 805 1187 882 quod
1200 805 1360 864 maximum
1374 815 1421 865 est

210 886 392 947 obstaculum
406 883 588 944 conversioni
601 883 623 942 J
625 882 782 942 udoeorum.

251 966 364 1026 XXX.
388 965 420 1025 Si
430 965 582 1024 Iohannes
597 963 831 1041 Baptista-misit
852 964 891 1023 ad
914 963 1019 1024 Jesum
1042 964 1241 1043 inquisiturus,
1268 963 1319 1024 An
1341 975 1420 1025 esset

212 1047 337 1106 Messias
347 1053 496 1120 venturus,
509 1043 615 1103 Metth.
624 1045 665 1102 xi.
680 1047 708 1119 2,
725 1045 752 1119 3,
767 1064 826 1103 noa
834 1045 890 1103 hoc
903 1043 969 1104 ideo
980 1044 1058 1122 facit,
1069 1046 1153 1122 quasi
1162 1044 1198 1104 de
1212 1065 1247 1105 eo
1261 1045 1417 1122 dubitaret,

211 1145 277 1186 cum
291 1125 396 1185 illustri
422 1124 509 1184 modo
522 1124 559 1184 de
582 1144 616 1183 eo
630 1124 735 1183 certior
762 1132 839 1184 esset
852 1123 954 1201 lactus,
978 1133 1080 1185 ettam
1102 1145 1271 1204 expressum
1289 1125 1420 1185 testimo·

211 1206 292 1265 nium
305 1205 350 1265 illi
362 1205 563 1284 perhibuisset,
579 1204 649 1264 Joh.
664 1203 682 1263 i.
699 1207 747 1280 29,
763 1207 811 1280 32,
827 1207 874 1281 33,
891 1208 938 1281 st,
962 1205 1013 1264 sed
1026 1214 1059 1265 ut
1072 1205 1230 1284 discipulos
1251 1226 1320 1265 suos
1333 1205 1370 1265 de
1384 1227 1421 1266 eo

211 1285 307 1346 adhuc
320 1305 379 1344 non
393 1285 464 1344 satis
477 1304 639 1362 persuasos,
655 1291 684 1343 et
698 1285 748 1361 qui
762 1293 914 1362 propterea
926 1286 1047 1345 nimium
1061 1284 1134 1345 forte
1146 1286 1290 1364 Magistro
1300 1306 1353 1346 suo
1367 1285 1419 1345 ad·

212 1365 283 1426 dieti
298 1374 387 1442 erant,
403 1365 497 1442 magis
511 1363 692 1423 confirmaret
705 1367 801 1442 ipsum
815 1365 943 1425 videndo
953 1375 982 1425 ct
996 1366 1151 1426 audiendo.

253 1445 383 1505 XXXI.
405 1445 531 1506 Tantum
541 1445 623 1504 abest
637 1453 669 1504 ut
680 1444 812 1505 Christus
823 1445 955 1506 debuerit
968 1467 986 1506 a
998 1447 1157 1525 Synegoga
1170 1446 1322 1525 approbari
1333 1455 1363 1506 et
1377 1468 1421 1506 re-

212 1527 279 1605 cipi,
293 1535 327 1587 ut
337 1528 401 1604 ejus
411 1526 530 1603 rejectio
549 1525 625 1584 clare
647 1524 785 1602 predicta
807 1524 902 1602 luerit,
929 1527 1007 1586 Peal.
1022 1527 1122 1586 cxviii.
1138 1533 1185 1604 22,
1203 1531 1221 1561 “
1230 1527 1319 1606 Lapis
1332 1548 1420 1606 quem

212 1607 387 1668 aedificantes
401 1606 592 1685 rejecerunt,”
608 1602 672 1681 ue,
696 1606 754 1665 lsa.
768 1605 821 1666 liii.
845 1608 870 1682 1,
894 1610 913 1641 “
922 1606 994 1682 Quis
1003 1607 1126 1667 credidit
1139 1607 1251 1668 auditui
1275 1617 1375 1668 nostro
1386 1610 1421 1668 ?”

213 1689 299 1749 Unde
313 1687 427 1748 Thalru.
442 1695 525 1747 tract.
542 1684 667 1761 Sanhed,
684 1690 702 1720 ‘⁵
714 1687 786 1746 Cum
796 1686 873 1746 lilius
885 1687 1008 1747 Davidis
1019 1687 1145 1764 veniet,”
1157 1688 1252 1767 inquit
1263 1688 1300 1746 R.
1311 1688 1424 1765 Judas,

213 1769 298 1828 “rari
312 1778 396 1828 erunt
412 1767 563 1846 Sapientes
577 1767 607 1825 in
628 1767 728 1842 Israel,
754 1776 783 1827 et
797 1767 938 1846 sapientie
958 1768 1067 1828 Scribee
1089 1777 1246 1846 putrescet,
1261 1777 1290 1828 et
1306 1769 1422 1830 Scholse

212 1849 427 1926 Theologorum
440 1847 590 1927 lupanaria
602 1849 716 1907 erunt.''

254 1929 403 1989 XXXII.
426 1928 458 1987 Si
472 1928 494 1988 J
495 1948 562 1989 esus
573 1928 682 2006 Legem
697 1928 925 1988 caeremonialem
939 1929 1112 2008 abrogavit;
1135 1929 1202 1988 Non
1213 1928 1343 2008 sequitur
1357 1929 1422 1990 vio-

212 2011 333 2070 latorem
347 2008 436 2068 fuisse
452 2009 549 2086 Legis,
562 2009 614 2068 sed
627 2012 751 2072 names
769 2017 799 2068 et
813 2019 1072 2069 consummatorem
1084 2032 1093 2086 ;
1114 2010 1184 2087 quia
1196 2009 1343 2088 implendo
1358 2030 1424 2070 earn

213 2089 386 2168 abrogavit:
408 2089 469 2148 Nec
483 2099 642 2166 propterea,
672 2091 721 2148 vel
742 2089 816 2166 Legi
837 2091 894 2168 ipsi
921 2089 1092 2150 adversatus
1116 2099 1169 2167 est,
1194 2090 1264 2167 quia
1288 2089 1353 2149 Lex
1368 2092 1427 2150 ists

212 2191 273 2230 non
294 2171 362 2228 data
376 2167 469 2228 fuerat
483 2169 559 2228 utin
574 2177 714 2229 aternum
728 2171 853 2246 duraret,
883 2169 934 2230 sed
961 2190 1053 2248 usque
1081 2171 1119 2233 ad
1133 2179 1247 2249 tempus
1261 2167 1425 2252 inpletum

213 2251 276 2310 Nec
290 2249 411 2308 consilio
427 2248 492 2324 Dei,
504 2249 555 2326 qui
563 2250 640 2308 hano
650 2251 838 2310 mutationem
849 2251 886 2310 ab
902 2259 1009 2311 aetemo
1020 2251 1197 2312 decreverat
1241 2251 1273 2310 Si
1287 2271 1423 2310 caeremo

213 2331 269 2389 niae
284 2337 314 2388 ct
328 2327 470 2386 sacrificia
483 2327 578 2387 adhuc
602 2329 699 2389 lutura
714 2331 850 2390 dicuntur
863 2330 917 2390 eub
933 2331 1051 2407 Massia,
1065 2332 1121 2391 boc
1142 2331 1363 2408 intelligendum
1379 2341 1427 2392 est

213 2409 337 2488 mystice
351 2406 448 2484 quoad
461 2407 614 2466 veritatem
628 2409 770 2468 internam
785 2411 881 2470 cultus
895 2411 1053 2489 spiritualis
1074 2421 1103 2472 et
1118 2411 1298 2490 Evangelici,
1314 2431 1374 2471 nou
1387 2413 1425 2470 li-

212 2489 342 2550 teraliter
349 2487 446 2566 quoad
459 2486 582 2565 figuram
593 2497 759 2566 externam;
775 2509 813 2548 ex
822 2490 899 2567 stylo
912 2491 1037 2569 Spiritus
1053 2492 1092 2568 S,
1103 2491 1151 2571 qui
1167 2501 1278 2552 mutato
1287 2500 1366 2552 statu
1380 2513 1425 2552 re-

213 2571 288 2632 tinet
296 2587 402 2628 nomen
413 2567 573 2647 antiquum,
585 2577 615 2629 et
628 2570 767 2648 mysteria
778 2570 959 2650 Evangelica
971 2572 1109 2633 describit
1123 2573 1253 2633 terminis
1267 2573 1424 2651 legalibus.

674 2812 874 2890 'QUAESTIO
899 2815 961 2874 III.
1012 2823 1032 2840 ·”

557 2993 597 3034 ns
618 2993 850 3037 rncsnurrronrs
870 2994 1080 3036 uncussrrers.

401 3137 449 3196 An
468 3156 576 3196 amase
588 3139 683 3212 flacit
699 3138 805 3197 Filiam
825 3137 886 3196 Dei
900 3137 1080 3196 Incamarr'!
1121 3134 1234 3196 Affirm.

214 3341 292 3388 voees
309 3343 394 3400 qurum
412 3340 454 3385 1n-
516 3295 556 3387 Ι.Ι
578 3295 744 3388 Antequam
769 3297 805 3356 de
831 3297 995 3372 Quaestione
1024 3296 1163 3372 dicamus,
1190 3296 1327 3357 notanda
1354 3307 1427 3358 sunt

242 3400 352 3444 aemerio
378 3399 453 3456 desig.
474 3393 573 3451 psncrs
587 3395 675 3434 verres
694 3395 790 3451 voces,
814 3378 919 3453 quibus
941 3378 1111 3455 mysterium
1136 3377 1349 3437 Incsrnationis
1372 3378 1423 3436 de-

243 3462 314 3502 meur
332 3457 357 3500 ¹¹¹
376 3455 455 3515 ΒατίΡ·
475 3453 584 3530 signari
608 3454 691 3528 solet,
712 3462 775 3513 tum
793 3455 824 3513 in
844 3456 999 3534 Scriptura,
1023 3467 1085 3517 tum
1109 3457 1187 3536 apud
1208 3457 1352 3518 Veteres:
1384 3458 1423 3517 In

242 3519 313 3560 tun:
477 3531 633 3609 Scriptura,
657 3533 763 3592 dicitur
789 3535 918 3617 casignete
939 3539 960 3596 ir
980 3543 1055 3619 ragal
1075 3539 1261 3616 manifestatio
1274 3539 1304 3597 t'n
1326 3559 1421 3614 carne,

216 3616 232 3672 l
248 3613 323 3672 Tim.
338 3611 378 3671 lli.
393 3615 447 3688 163
469 3611 584 3706 σᾶμιτοξ
597 3619 775 3708 mussantis,
794 3617 931 3694 Golport't
944 3621 1101 3695 adaptatio,
1116 3639 1164 3677 teu
1176 3620 1326 3696 formatio,
1343 3619 1422 3678 ΗΘΒ.

213 3713 244 3753 x.
260 3696 297 3770 53
319 3692 422 3759 attone,
440 3694 594 3753 emacuitso
615 3702 644 3754 et
663 3698 762 3754 iormae
781 3697 895 3756 servilis
916 3699 1084 3777 assumptio,
1108 3697 1183 3758 Phil.
1198 3699 1228 3758 ii.
1244 3703 1280 3775 '13
1303 3697 1424 3773 irshsdae

213 3775 366 3852 assumptio
380 3773 498 3832 seminis
512 3773 648 3850 Abrahae,
665 3775 742 3836 Heb.
757 3777 787 3836 ii.
813 3781 866 3854 16;
889 3779 1017 3852 ἰπιφιηίι
1037 3779 1191 3857 apparitio,
1214 3785 1232 3839 2
1248 3779 1322 3839 Tim.
1338 3781 1357 3840 i.
1375 3782 1421 3856 10,

476 3851 530 3913 &c
573 3855 663 3933 Apud
688 3857 788 3917 Patres
812 3859 899 3918 modo
934 3868 1055 3919 vocatur
1088 3861 1211 3936 σίκοκμίι
1238 3860 1375 3920 distincte
1403 3880 1423 3918 a

473 3937 601 4014 θιοληίᾳ,
621 3937 689 4014 quia
712 3937 891 3998 admirabilis
911 3939 1133 4018 dispensationis
1152 3960 1225 4018 opus
1246 3941 1309 4018 fuit,
1335 3939 1423 4000 modo

213 4016 389 4099 intulerim,
405 4017 581 4094 incapacium,
600 4013 711 4099 irupisse
726 4020 859 4100 tapsensis,
875 4020 1056 4080 communius
1067 4021 1190 4102 origum
1204 4021 1252 4080 vel
1266 4023 1419 4103 ὓνιίῃυπς,

210 4117 284 4158 voce
297 4098 487 4175 proculdubio
501 4097 592 4176 petita
605 4119 643 4157 ex
656 4099 678 4158 J
680 4099 727 4159 oh.
739 4099 759 4159 i.
776 4104 821 4177 14,
844 4121 933 4178 quum
947 4101 1022 4174 alyn
1036 4101 1142 4161 dicitur
1154 4123 1223 4162 caro
1230 4105 1350 4178 sactum
1370 4102 1422 4162 uhi

210 4199 271 4239 vox
285 4178 380 4238 carnis
393 4198 452 4238 non
462 4179 560 4238 stricte
572 4178 695 4238 sumitur
707 4199 759 4257 pro
773 4180 864 4240 altera
877 4190 958 4259 parte
971 4181 1105 4257 hominis,
1121 4181 1173 4242 sed
1186 4182 1245 4242 late
1258 4191 1289 4242 et
1303 4181 1423 4260 synecd.

210 4279 263 4336 pro
287 4265 349 4317 tota
371 4259 498 4318 humana
517 4267 628 4336 nature,
654 4279 720 4336 quse
747 4280 813 4320 cum
838 4281 923 4321 carne
945 4261 1070 4321 animam
1092 4262 1234 4338 includit3
1256 4261 1358 4341 Atque
1381 4263 1424 4322 ita

210 4337 317 4399 clarius
334 4339 497 4398 insinuatur
518 4337 625 4398 divina
649 4359 720 4417 erga
743 4341 874 4401 homines
888 4342 1036 4402 charitatis
1050 4350 1079 4401 ct
1092 4342 1297 4402 misericordiae
1310 4345 1423 4421 magni-

209 4418 298 4495 tudo;
322 4437 386 4476 cum
412 4438 446 4478 eo
467 4437 560 4496 usque
583 4439 613 4478 se
638 4420 788 4480 demittere
805 4421 942 4500 dignatus
957 4422 994 4482 sit
1009 4423 1099 4499 Deus,
1114 4431 1219 4484 utnon
1233 4431 1347 4484 tantum
1360 4422 1422 4483 aui·

210 4519 295 4574 mam,
311 4517 376 4574 quse
390 4499 515 4558 nobilior
538 4508 583 4558 est
602 4499 728 4560 hominis
746 4520 821 4578 pars,
848 4502 904 4561 sihi
924 4503 1033 4562 sociare
1055 4503 1189 4579 voluerit,
1211 4503 1264 4562 sed
1284 4503 1364 4582 quod
1377 4511 1423 4562 est

208 4578 383 4638 vilissimum
397 4585 428 4638 et
439 4579 565 4637 maxime
587 4578 732 4640 infirmum
747 4581 777 4638 in
791 4581 884 4662 nobis,
900 4602 1015 4643 carnem
1029 4583 1140 4645 scilicet
1153 4583 1228 4645 hanc
1242 4582 1377 4662 fragilem
1391 4591 1421 4644 et

208 4657 361 4718 mortalem
374 4657 570 4738 assumpserit.

226 3901 261 3951 Et
275 3905 337 3962 apud
346 3903 440 3949 Patres.
