3150 5206
248 369 307 430 230
679 379 771 422 nouus
785 379 985 422 nuouscnrus.
1127 429 1129 436 ‚
1276 357 1436 440 [opernm.
1525 379 1526 402 ι

250 525 393 605 quiahoc
411 523 505 601 potuit
519 521 581 582 fieri
600 539 638 581 ex
659 519 760 592 divine
778 521 964 597 revelatione,
979 520 1011 580 in
1028 539 1144 601 pienum
1157 519 1313 597 hominum,
1326 527 1358 578 ut
1375 516 1438 577 idem

252 606 332 682 Aug.
348 613 377 663 et
390 611 457 682 post
470 623 537 662 eum
551 601 685 679 Lyrsnus
699 602 844 661 observet.

293 684 389 744 XIII.
411 684 504 742 Nemo
517 682 624 741 dicitur
637 681 801 740 escendisse
822 681 852 739 in
866 681 978 740 ooelum-
986 689 1142 758 antequem
1163 680 1259 738 Filius
1271 675 1437 738 hominisde-

253 765 403 826 scenderet
426 763 462 822 de
477 762 559 837 ooelo,
581 762 604 828 J,
605 762 652 820 oh.
677 761 718 819 iii.
735 764 782 836 13,
807 781 866 820 nou
879 761 976 838 quoed
989 763 1176 820 ascensiones
1189 763 1306 819 localem
1319 759 1354 816 ed
1365 755 1439 815 beuti-

252 845 337 904 fioem
351 843 501 918 visionem,
517 842 585 920 quie
599 841 702 901 Enooh
715 849 745 900 et
759 841 841 900 Elius
862 841 924 918 jem
947 841 1081 900 translati
1104 840 1218 900 fuerent
1233 839 1318 899 etiem
1331 855 1439 914 corpore,
1525 851 1526 916 ι

254 925 307 986 sed
321 923 417 1002 quood
438 923 624 982 ascensionem
636 921 789 996 mysticam,
812 920 852 980 id.
874 922 1068 998 cognitionem
1086 941 1181 980 rerum
1196 920 1354 978 coelestium
1366 914 1441 974 homi·
1525 923 1526 972 ι

254 1004 341 1066 uibus
368 1001 640 1082 peteleoiendsrum.
694 1001 736 1060 Ut
759 1001 843 1060 Rom.
868 1021 898 1060 x.
920 1005 948 1077 6,
970 1003 1121 1062 ascendere
1143 1001 1173 1059 in
1196 1002 1302 1074 coelum,
1327 1005 1368 1056 est
1387 1013 1442 1071 rog·

254 1105 373 1144 uosoere
387 1083 527 1161 mysteria
540 1081 656 1156 divina,
679 1089 708 1139 et
723 1081 810 1140 Prov.
825 1100 898 1138 xxx.
910 1083 939 1140 4.
971 1081 1038 1140 Hoo
1053 1101 1151 1157 sensu,
1162 1081 1184 1140 J
1186 1081 1233 1139 oh.
1257 1081 1276 1138 i.
1301 1079 1344 1150 18,
1356 1075 1444 1134 dicitur

256 1166 400 1224 neminem
424 1162 533 1222 vidisse
555 1180 683 1238 unquem
705 1160 808 1234 Deum,
825 1160 877 1219 sed
892 1161 1000 1220 Filium
1014 1160 1065 1238 qui
1078 1169 1122 1219 est
1143 1161 1174 1218 in
1188 1161 1255 1219 sinu
1279 1156 1442 1230 Pathissum

255 1244 339 1303 nobis
353 1243 507 1318 revelasse,
531 1249 560 1300 et
585 1241 690 1322 Metth.
715 1240 755 1298 xi.
781 1243 829 1316 27,
863 1239 1048 1300 “Neminem
1069 1239 1379 1319 coguosoerePetrem,
1400 1230 1445 1291 ru‘si

258 1325 375 1398 Filium,
391 1331 421 1380 et
435 1341 501 1380 eum
515 1320 562 1379 oui
575 1320 701 1379 voluerit
714 1320 872 1379 revelme.''

286 1395 376 1462 XIV.
399 1399 457 1459 Via
473 1399 635 1458 Sanetuerii
648 1409 715 1458 unte
725 1400 923 1459 assensionem
934 1400 1042 1460 Christi
1054 1401 1184 1459 nondum
1194 1399 1302 1459 dieitur
1314 1393 1444 1474 peteieote,

258 1482 336 1541 Heb.
350 1481 391 1540 ix.
415 1483 443 1556 8,
458 1499 517 1538 non
526 1477 605 1556 quod
618 1479 745 1538 totaliter
757 1479 883 1555 latuerit,
899 1480 948 1540 sed
967 1483 993 1540 l.
1009 1479 1093 1555 Quod
1116 1500 1175 1538 non
1199 1489 1260 1540 tem
1283 1478 1356 1537 olere
1377 1470 1447 1531 fuerit

256 1561 408 1640 patefacte.
451 1559 538 1618 Ibent
556 1577 625 1635 ergo
641 1559 743 1618 Patres
756 1558 787 1618 in
801 1560 914 1636 eoelum,
929 1581 981 1638 per
995 1561 1141 1619 Christum
1155 1560 1186 1618 in
1200 1579 1288 1638 quern
1302 1553 1445 1622 eredebant,

258 1642 329 1721 quia
342 1641 392 1700 vie
405 1647 457 1714 est,
473 1658 531 1717 qus
544 1639 603 1698 itur
615 1639 646 1696 in
660 1636 774 1715 eoelum,
790 1640 841 1698 sed
855 1641 905 1716 qui
928 1639 1055 1699 nondum
1070 1640 1146 1699 olere
1165 1649 1228 1700 eret
1242 1629 1447 1716 cognitusque

259 1722 387 1782 nondum
398 1727 535 1796 veneret3
559 1723 587 1780 2.
608 1718 730 1796 Deinde,
742 1739 801 1779 non
811 1719 964 1797 quibusvis
979 1719 1131 1796 Gentibus,
1148 1719 1264 1779 sioutin
1275 1713 1446 1777 NovoTestu-

258 1811 376 1879 mento,
399 1803 427 1860 3.
441 1799 578 1859 Nondum
599 1806 660 1858 eret
674 1798 817 1877 peteleote
831 1798 913 1881 λῖηςρ
929 1800 1037 1859 Christi
1051 1800 1165 1876 sotusli,
1188 1799 1269 1878 quod
1282 1795 1401 1856 nondum
1413 1807 1447 1848 so·

257 1881 352 1942 lutum
372 1889 441 1958 eret,
471 1879 523 1940 sed
542 1888 656 1940 tentum
680 1879 777 1956 quosd
803 1879 957 1939 effioeoiem
978 1879 1093 1958 meriti3
1115 1884 1143 1939 4.
1166 1881 1234 1939 Νοιι
1255 1879 1303 1937 hio
1323 1873 1447 1958 confertuf

257 1969 373 2040 tempus
386 1981 453 2021 eum
465 1967 603 2038 tempore,
620 1959 672 2019 sed
684 1960 782 2037 potius
798 1959 945 2019 Seorifioie
966 1961 1099 2019 MossIes
1117 1981 1182 2019 oum
1197 1957 1337 2020 sacrificio
1351 1949 1448 2037 Christl,

259 2050 292 2101 ut
305 2042 442 2100 innuatur
455 2059 514 2099 non
547 2040 655 2098 otuisse
666 2038 751 2098 nobis
761 2039 812 2098 ille
822 2039 931 2118 aperire
941 2041 1054 2115 eoelum,
1064 2040 1144 2117 quod
1156 2040 1208 2100 uni
1219 2035 1353 2116 sanguini
1362 2030 1449 2091 Christ

260 2140 447 2196 conoessum3
463 2122 490 2179 5.
535 2119 545 2177 i
557 2118 689 2178 Christus
702 2120 813 2196 primus
826 2120 932 2179 dieitur
946 2122 976 2178 in
990 2120 1096 2179 eoelum
1113 2121 1273 2197 ingressus,
1289 2120 1342 2176 hoe
1352 2130 1404 2171 non
1414 2124 1448 2164 m·

260 2200 339 2259 tione
352 2199 491 2277 temporis
504 2197 734 2276 intelligendum,
751 2199 802 2258 sed
816 2201 1001 2276 causalitetis,
1023 2201 1091 2278 quie
1111 2201 1261 2277 ingressus
1283 2191 1384 2257 Christi
1395 2202 1450 2246 vert

261 2279 317 2338 suit
330 2299 418 2338 oense
433 2277 577 2353 Patribus,
589 2297 647 2336 non
661 2279 756 2337 minus
768 2299 801 2337 eo
815 2280 899 2339 nobis
913 2281 1047 2340 introitus
1061 2280 1091 2338 in
1105 2280 1220 2339 ooelum.

303 2357 375 2418 XV.
398 2359 504 2419 Φυλαιιὺ
518 2357 554 2415 de
578 2375 636 2434 que
660 2357 765 2416 Petrus
780 2362 813 2416 1⁸
827 2379 889 2437 oap.
911 2361 964 2419 iii.·
975 2363 1021 2435 19,
1037 2360 1107 2437 egit,
1122 2379 1212 2437 quum
1226 2360 1276 2436 eit,
1301 2350 1451 2414 “Christum

264 2437 374 2516 Spiritu
388 2457 440 2496 suo
453 2435 613 2514 proseetum
627 2436 799 2514 preedieesse
815 2437 978 2518 Spiritibus,
994 2445 1044 2506 τοῖς
1058 2442 1078 2499 ie
1096 2441 1232 2521 pompif’
1241 2458 1300 2499 non
1313 2437 1400 2515 potest
1412 2442 1451 2513 no:

262 2527 323 2578 tere
349 2517 482 2575 Limbum
506 2516 634 2591 Petrum,
658 2516 726 2593 quie
753 2517 882 2595 loquitur
907 2520 943 2579 de
972 2520 1129 2580 ineredulis
1155 2519 1304 2584 instinct
1326 2535 1388 2584 xm,
1412 2521 1451 2582 (ιω

264 2599 329 2660 olim
353 2597 528 2673 immoriperi
549 2595 673 2672 fuerunt,
697 2596 766 2655 dum
789 2597 921 2658 Christus
945 2599 1055 2679 Spiritu
1077 2620 1129 2660 suo
1151 2600 1325 2679 Prophetioo
1341 2610 1388 2672 per
1406 2585 1453 2643 ΝΟ·

264 2678 368 2737 eohum
392 2677 450 2735 illis
471 2676 668 2754 poenitentiam
689 2677 877 2755 predioevit3
901 2680 960 2739 Sed
972 2681 1067 2740 innuit
1085 2700 1227 2740 cernerem
1248 2671 1417 2740 infernalem.
1429 2667 1454 2718 Π*

266 2759 360 2836 Apoe.
376 2779 427 2816 xx.
453 2761 480 2831 7,
496 2757 527 2814 in
549 2776 606 2834 quo
630 2757 710 2816 Petri
723 2765 851 2835 tempore
873 2760 1002 2819 oonolusi
1022 2760 1225 2819 detinebuntur
1243 2765 1359 2837 propter
1378 2739 1453 2838 rebel·

264 2839 371 2898 lionem
385 2838 491 2898 feotsm
505 2837 573 2896 olim
583 2836 782 2915 presdIoatioui
794 2839 901 2898 Christi
911 2859 963 2918 per
974 2840 1133 2917 Noeehum,
1148 2846 1198 2906 τοῖς
1212 2841 1232 2899 b
1246 2839 1350 2913 pomi
1362 2823 1454 2891 soillctl

265 2916 325 2994 oica,
342 2919 392 2998 qui
402 2920 464 2997 jem
479 2917 591 2978 suntin
605 2937 727 2994 osreere,
742 2937 801 2977 non
815 2919 865 2996 qui
880 2919 948 2978 olim
962 2919 1083 2979 fuerent.

306 3001 396 3060 XVI.
420 2999 503 3058 Lioet
516 2998 608 3076 possit
618 2998 676 3057 diei
685 2997 807 3058 Veteres
815 2998 934 3076 aliquod
944 2999 1118 3077 cognitionis
1126 3009 1155 3059 et
1164 2999 1260 3060 solstii
1269 2991 1454 3058 incrementum

265 3081 407 3158 recepisse
421 3088 488 3158 post
501 3078 709 3139 exhibitionem
721 3079 827 3138 Christi
842 3080 872 3138 in
883 3099 976 3156 earne,
992 3087 1021 3139 et
1031 3081 1229 3139 escensionem
1242 3081 1308 3157 ejus
1321 3076 1349 3134 in
1359 3064 1454 3130 ooelum,

232 3209 234 3214 .
266 3169 300 3220 ut
314 3161 419 3221 dieitur
433 3159 469 3218 de
484 3157 618 3235 Angelis,
635 3159 710 3236 Eph.
726 3159 767 3218 iii.
785 3162 838 3236 10;
862 3160 928 3219 Non
942 3160 1009 3218 inde
1024 3160 1154 3238 sequitur
1167 3180 1218 3219 eos
1230 3160 1316 3238 plene
1340 3145 1456 3212 exclusos

267 3239 356 3299 luisse
371 3259 389 3298 e
403 3239 476 3297 coelo
490 3246 520 3296 et
540 3258 558 3296 e
578 3239 690 3297 visione
705 3239 788 3297 faciei
811 3240 883 3316 Dei,
915 3241 967 3299 sed
986 3247 1099 3301 tentum
1119 3240 1328 3300 beatitudinem
1348 3233 1455 3308 ip⁸⁰f¹¹¹P

266 3319 396 3377 nondum
417 3317 502 3394 plene
527 3317 754 3376 eonsummateiu
774 3317 881 3394 fuisse;
904 3339 962 3397 quo
975 3319 1093 3397 quidem
1115 3321 1243 3379 referunt
1260 3321 1317 3380 iste
1331 3297 1455 3388 Apostoll,

268 3397 346 3456 Heb.
360 3396 401 3454 xi.
416 3397 465 3467 40,
489 3395 612 3454 “Deum
634 3397 818 3473 prospexisse
837 3398 947 3474 aliquid
960 3401 1064 3459 melius
1077 3419 1129 3478 pro
1144 3401 1244 3460 nohis:
1266 3420 1304 3458 ne
1318 3395 1376 3455 sine
1389 3379 1456 3470 110l²¹⁵

267 3473 501 3554 perficerentur.”
544 3472 644 3550 Atque
664 3493 699 3532 eo
713 3474 829 3533 videtur
849 3477 1010 3553 respexisse
1034 3480 1172 3539 Calvinus
1186 3477 1394 3558 perspeculatus
1408 3469 1457 3518 Vll

268 3552 410 3631 vigilandi
425 3559 530 3628 aetum,
545 3552 576 3609 in
595 3572 652 3629 quo
667 3553 738 3613 dicit
759 3553 847 3613 fuisse
863 3556 964 3615 Patres
985 3577 1023 3616 ex
1045 3559 1188 3618 desiderio
1204 3558 1319 3632 Christi,
1334 3554 1363 3611 in
1377 3550 1391 3604 l
1406 3539 1456 3599 Pel·

268 3633 319 3706 iii,
349 3651 408 3690 non
432 3638 465 3690 ut
489 3631 626 3690 excludet
650 3651 700 3691 eos
722 3653 740 3691 e
760 3633 894 3694 fruitione
915 3636 1103 3698 beatitudinis
1122 3647 1151 3698 et
1164 3639 1277 3698 visione
1299 3633 1361 3706 Dei,
1376 3617 1457 3711 ,eeu

269 3709 445 3771 desiderium
466 3719 496 3769 et
517 3708 717 3850 ὶπιιῖμὶαάιι
738 3713 881 3775 adventus
896 3716 1003 3777 Christi
1024 3726 1113 3796 notet,
1135 3737 1193 3798 que
1215 3719 1302 3778 etiem
1316 3707 1458 3790 respexrsse
1525 3705 1526 3756 ι

271 3793 406 3851 dicuntur
421 3791 540 3867 Angeli,
559 3796 574 3850 1
604 3795 655 3851 ’et
670 3793 690 3852 i.
707 3796 753 3851 12.

312 3871 420 3932 XVII.
442 3872 596 3932 Promissis
618 3871 773 3950 aliquando
787 3883 869 3934 notet
889 3876 1013 3953 primum
1034 3878 1191 3939 adventum
1211 3877 1318 3938 Christi
1338 3872 1366 3930 in
1388 3865 1458 3920 ⁰³¹¹¹⁰

269 3953 443 4032 promissum
458 3952 488 4010 in
502 3952 603 4012 Veteri
614 3953 808 4030 Testamento,
823 3956 978 4033 aliquando
992 3959 1150 4018 seeundum
1161 3961 1191 4017 iu
1202 3959 1295 4037 glorie
1308 3943 1459 4034 promissum

270 4035 301 4094 in
326 4034 420 4094 Novo.
443 4033 566 4092 Veteres
588 4032 694 4091 mortui
717 4043 792 4110 sunt,
808 4055 866 4093 non
890 4047 1003 4114 accepto
1022 4041 1164 4115 pronum
1187 4059 1247 4115 suo,
1275 4035 1350 4097 Heb.
1370 4021 1406 4083 xl·
1419 4009 1457 4105 39³

270 4115 405 4174 nimirum
415 4114 452 4172 de
465 4113 594 4172 adventu
605 4113 698 4189 priore
711 4114 826 4190 Christi,
839 4116 888 4192 qui
899 4117 983 4176 nobis
997 4130 1161 4179 reservatus
1175 4127 1219 4178 est
1229 4123 1305 4200 χυςὶς
1325 4107 1399 4172 ivri!
1411 4103 1459 4154 ⁸¹³⁰

270 4195 342 4273 ipsis
354 4217 361 4270 ;
384 4194 436 4253 sed
448 4193 550 4252 fideles
563 4200 718 4270 expectent
728 4192 823 4252 adhue
836 4197 992 4270 temutes
1012 4199 1081 4259 uim.
1096 4200 1297 4278 reportandam
1311 4197 1339 4255 in
1352 4175 1460 4264 adlelffl

271 4273 424 4352 posteriori
439 4273 565 4348 Domini,
577 4272 653 4331 Heb.
666 4291 695 4330 x.
707 4275 754 4346 36,
766 4277 813 4350 37,
824 4295 910 4352 quem
920 4288 948 4337 et
958 4279 1015 4356 ipsi
1024 4288 1091 4339 sunt
1105 4281 1267 4356 sooepturi3
1283 4276 1332 4339 sed
1343 4281 1399 4329 11011
1412 4261 1461 4353 ⁵¹9⁰,

270 4354 365 4427 nobis,
379 4353 448 4429 quie
462 4353 540 4430 quod
553 4372 630 4412 nune
644 4361 839 4431 expectemus,
862 4356 892 4416 id
916 4359 1066 4417 nobiscum
1088 4379 1152 4418 oum
1173 4359 1232 4418 illis
1246 4363 1390 4417 commune
1403 4333 1460 4394 ⁰⁶²¹

273 4433 321 4493 Ite
347 4435 453 4513 speinis
472 4457 497 4490 τι
517 4434 614 4492 melius
633 4433 799 4509 quidnobis
813 4439 962 4515 prospexit
978 4439 1058 4497 Deus
1080 4440 1190 4498 ratione
1213 4438 1315 4516 prioris
1329 4421 1459 4492 ,dventub

272 4532 331 4591 quo
346 4512 401 4572 soli
415 4511 583 4588 gaudemus.
