3202 5194
244 363 301 423 100
702 375 794 420 Locus
808 375 989 420 1111111111.
1234 351 1360 435 [eumer.
1376 375 1452 417 xvn.

242 519 443 602 belligerandi,
458 517 488 580 et
501 519 538 580 de
552 517 645 578 officio
659 518 787 596 militari,
809 539 868 579 non
881 538 951 577 vero
972 516 1008 576 de
1030 513 1123 576 officio
1144 514 1363 576 candidatorum
1383 517 1453 576 vitae

244 611 367 663 aeternae.
410 602 484 660 Nam
499 600 525 660 si
538 599 600 659 vita
613 599 746 659 militaris
760 601 824 658 Deo
838 607 915 658 esset
928 617 1018 657 exosa
1031 597 1062 654 11
1076 597 1113 656 N.
1128 597 1173 672 Τ,
1195 597 1216 656 J
1219 597 1347 656 ohannes
1365 617 1450 674 regn·

243 684 302 742 lam
316 681 395 742 illius
409 682 478 742 vitae
491 700 550 740 non
563 679 793 758 praescripsisset,
816 679 868 738 sed
882 678 986 756 simpli.
1002 677 1082 736 illam
1099 676 1273 753 damnasset,
1289 686 1318 736 et
1332 677 1370 735 ad
1388 697 1451 736 mu-

245 762 366 823 tandum
379 762 447 821 vita
462 781 555 840 genus
578 760 680 820 fuisset
700 779 750 819 eos
770 761 911 818 hortatus.
953 759 1000 816 Ita
1014 756 1197 817 Centurionis
1210 756 1283 815 fides
1297 778 1314 815 a
1329 757 1453 833 Christo,

246 844 332 902 Mett.
347 843 408 901 viii.
425 845 472 918 10,
494 841 621 900 Cornelii
630 840 723 918 pietas
737 861 755 898 a
769 839 849 898 Luca
862 838 1042 917 praedicatur,
1058 837 1127 896 Act.
1139 857 1169 895 x.
1187 839 1212 913 l,
1228 846 1257 896 et
1271 835 1382 914 Angeli
1395 845 1453 896 tes-

245 923 366 983 timonio
381 931 507 997 ornatur,
521 941 576 981 nee
590 920 699 980 Paulus
713 920 836 980 salutem
856 928 886 979 et
905 918 1132 980 incolumitatem
1154 937 1236 978 suam
1249 917 1366 977 militari
1380 937 1454 996 prae-

246 1003 320 1066 sidio
334 1003 409 1063 tueri
422 1010 544 1078 recusat,
560 999 628 1060 Act.
643 1000 727 1060 xxiii.

529 1098 533 1106 ·
550 1081 641 1140 VIII.
656 1079 764 1156 Tertio,
775 1077 968 1156 Magistratus
979 1078 1103 1138 officium
1114 1076 1341 1137 hoenecessario
1351 1076 1454 1154 exigit.

248 1149 271 1195 ³·
281 1148 318 1195 Ε*
328 1149 489 1253 &speratus
511 1160 585 1236 Quia
598 1161 642 1219 illi
656 1160 742 1219 datus
755 1167 801 1220 est
814 1159 929 1236 gladius
944 1159 1086 1218 scelerum
1099 1158 1185 1234 ultor,
1202 1158 1287 1216 Rom.
1302 1157 1365 1216 xiii.
1380 1161 1408 1233 4,
1424 1166 1455 1216 et

513 1245 528 1299 l
545 1241 609 1300 Pet
624 1241 654 1300 ii.
671 1244 717 1299 14.
760 1238 803 1299 At
817 1240 842 1298 si
855 1258 947 1317 parva
959 1238 1112 1298 latrocinia
1122 1238 1188 1316 jure
1202 1237 1376 1314 plectuntur,
1388 1257 1455 1314 quae

249 1321 280 1380 in
300 1341 409 1398 paucos
429 1330 608 1397 exercentur,
631 1328 740 1398 quanto
761 1319 891 1379 severius
912 1318 1059 1396 punienda
1079 1327 1148 1376 sunt
1167 1337 1273 1394 magne
1294 1325 1324 1376 et
1338 1317 1457 1395 publica

249 1421 349 1460 eorum
363 1401 414 1478 qui
428 1402 532 1480 Remp.
546 1409 661 1460 vastare
685 1409 714 1459 et
732 1399 865 1476 regiones
879 1399 1002 1476 predari
1023 1400 1187 1457 conantur?
1228 1397 1303 1472 Quia
1324 1397 1454 1456 subdito·

250 1501 315 1540 rum
328 1480 525 1540 defensionem
540 1481 685 1560 suscipere
695 1489 818 1556 tenetur,
834 1488 864 1538 et
874 1478 1113 1556 tranquillitatem
1127 1497 1161 1536 11
1173 1476 1295 1537 salutem
1308 1476 1455 1555 publicam

251 1581 360 1638 curare,
377 1561 473 1639 Leges
486 1559 575 1620 tutari
588 1559 729 1620 adversus
744 1567 937 1633 11111111111,
953 1567 983 1617 11
999 1557 1098 1616 hostes
1118 1565 1233 1636 apertos
1247 1557 1298 1633 qui
1318 1576 1368 1617 eas
1388 1577 1454 1634 pes·

252 1641 376 1700 sundere
391 1649 536 1720 satagunt,
552 1660 617 1718 quae
632 1640 694 1700 sine
705 1641 787 1717 justo
801 1638 879 1698 bello
894 1637 957 1697 fieri
970 1644 1127 1715 nequeunt.

554 1720 614 1780 IX.
637 1719 754 1795 Quarto,
776 1717 973 1796 Apocalypsis
993 1719 1075 1776 varia
1094 1716 1173 1776 bella
1188 1717 1300 1795 piorum
1321 1715 1351 1774 in
1366 1715 1402 1773 N.
1418 1715 1454 1774 Τ.

278 1766 301 1811 4.
311 1765 351 1812 E¹
361 1767 463 1826 Apoen.
513 1799 600 1860 refert
613 1807 643 1858 et
656 1799 768 1878 probat,
784 1818 849 1876 quae
863 1797 1051 1876 spiritualiter
1064 1817 1123 1855 non
1137 1817 1200 1856 1111
1221 1803 1333 1855 tantum
1347 1795 1454 1854 intelli-

252 1878 356 1957 genda,
379 1879 431 1938 sed
445 1879 573 1940 debello
594 1879 681 1938 etiam
702 1887 832 1954 externo,
854 1886 885 1937 et
902 1897 973 1937 vera
994 1877 1143 1955 sanguinis
1164 1875 1312 1952 effusione,
1334 1875 1455 1935 circum·

252 1961 366 2018 stantia
379 1959 509 2019 locorum
530 1959 601 2018 satis
615 1959 762 2018 evincunt.
803 1959 866 2017 Neo
879 1957 937 2017 dici
958 1957 1045 2017 debet
1064 1958 1113 2016 hic
1132 1957 1226 2016 notari
1247 1965 1359 2016 tantum
1379 1956 1459 2016 bella

251 2037 412 2098 infidelium
427 2039 505 2117 Gogi
520 2047 549 2099 et
563 2039 694 2116 Magogi,
716 2059 782 2116 quae
802 2038 841 2096 ad
855 2038 1033 2097 Christianos
1053 2056 1113 2096 non
1133 2044 1283 2114 spectent;
1305 2036 1374 2114 quia
1393 2036 1457 2094 haec

253 2137 316 2178 1111
330 2126 431 2178 mutuo
445 2127 669 2195 consequuntur,
685 2137 753 2176 uam
767 2118 793 2176 si
806 2117 864 2178 ista
876 2117 986 2197 injusta
1000 2126 1068 2178 sunt
1086 2115 1236 2194 offensiva,
1250 2117 1302 2176 illa
1311 2117 1393 2195 justa
1406 2116 1457 2175 de·

253 2198 323 2257 bent
337 2217 400 2257 esse
415 2198 573 2258 defensiva.

448 2343 454 2356 ,
556 2277 599 2336 X.
621 2276 729 2336 Contra
742 2278 800 2338 111
813 2275 884 2337 belli
898 2297 957 2337 non
970 2277 1049 2337 valet
1063 2276 1142 2356 qnod
1152 2275 1258 2336 dicitur
1271 2275 1308 2334 de
1321 2275 1459 2336 fidelibus

274 2341 364 2389 ΓΜ
375 2343 481 2389 8011110·
516 2355 553 2415 Ν.
568 2357 602 2415 Τ.
618 2357 677 2416 Isa.
692 2357 722 2416 ii.
737 2361 765 2434 4,
783 2359 801 2391 “
813 2359 990 2418 Convertent
1003 2357 1117 2434 gladios
1139 2377 1206 2416 suos
1220 2357 1251 2415 in
1264 2376 1406 2432 vomeres,
1428 2365 1459 2416 et

342 2415 408 2447 Μ’
515 2436 631 2496 lanceae
645 2456 713 2496 suas
726 2437 757 2494 in
770 2437 860 2496 falces
871 2438 900 2514 ;”
922 2445 951 2496 et
962 2437 1051 2497 Zach.
1062 2439 1103 2496 ix.
1117 2439 1163 2513 10,
1181 2440 1198 2470 “
1210 2436 1335 2496 Messias
1347 2444 1459 2496 evertet

255 2533 356 2574 currus
364 2514 557 2592 eprhraIm,
568 2523 598 2575 et
605 2537 711 2594 equum
720 2516 756 2576 de
765 2517 939 2593 Jerusalem,
950 2517 1154 2576 exterminabit
1162 2537 1258 2576 arcum
1268 2516 1421 2575 militarem
1429 2517 1459 2591 ;''

254 2593 323 2671 quia
343 2593 422 2653 eliud
443 2603 488 2654 est
507 2596 588 2674 loqui
602 2596 638 2655 de
651 2617 722 2676 pace
737 2597 879 2675 spirituali
893 2605 921 2656 et
936 2598 1049 2656 interna
1063 2597 1159 2674 Regni
1174 2596 1290 2672 Christi,
1306 2615 1370 2672 quae
1391 2615 1456 2674 pro·

254 2672 382 2733 cauenda
395 2674 500 2735 dicitur
513 2696 565 2753 per
579 2677 738 2753 Messium,
760 2675 851 2736 Aliud
866 2676 902 2737 de
915 2697 986 2755 pace
1007 2677 1125 2755 politica
1138 2684 1168 2735 et
1181 2685 1309 2751 externa,
1332 2695 1396 2752 quae
1411 2676 1459 2735 hie

154 2767 157 2776 '
253 2754 350 2812 locum
364 2755 532 2832 nonhabet,
555 2776 620 2816 cum
635 2757 767 2816 Christus
780 2765 902 2817 testetur
925 2759 942 2790 “
954 2777 985 2816 se
1005 2777 1064 2816 non
1078 2757 1192 2816 venisse
1213 2757 1326 2816 mittere
1347 2775 1458 2833 pacem,

255 2833 307 2893 sed
316 2834 475 2912 gladium,”
483 2836 589 2896 Matth.
596 2857 626 2895 x.
633 2839 681 2896 34.
712 2837 820 2896 Sensus
831 2838 951 2896 istorum
962 2836 1143 2896 oraculorum
1154 2858 1212 2896 non
1222 2837 1297 2896 alius
1308 2843 1360 2911 est,
1370 2855 1459 2914 quam

254 2914 491 2992 propagationem
513 2917 609 2994 Regni
631 2917 738 2976 Christi
758 2937 817 2976 non
838 2915 1001 2976 carnalibus
1022 2917 1118 2992 armis,
1144 2917 1196 2976 sed
1220 2917 1283 2976 sola
1304 2916 1461 2992 Evangelii

255 2995 459 3072 praedieatione
474 3004 504 3056 et
519 2997 644 3074 Spiritus
660 2997 690 3056 S.
704 2997 812 3057 virtute
826 2996 1049 3074 perficiendam,
1072 2997 1124 3056 sed
1144 2997 1212 3056 inde
1233 2996 1333 3055 inferri
1346 2996 1457 3073 nequit,

255 3075 442 3153 Magistratui
454 3097 516 3134 non
530 3078 617 3136 licere
630 3085 748 3155 propter
758 3078 854 3155 justas
868 3085 898 3136 et
915 3077 1093 3136 necessarias
1107 3095 1210 3136 causas
1223 3076 1332 3136 bellum
1347 3095 1458 3153 gerere,

255 3155 324 3232 quia
338 3157 532 3232 Ilvangelium
549 3177 607 3216 non
620 3157 718 3217 abolet
730 3157 855 3236 politiae,
871 3177 924 3215 nee
939 3155 1154 3234 Magistratnm.

296 3235 357 3294 XI.
379 3235 519 3309 Quamvis
533 3256 612 3294 arma
626 3235 842 3314 Apostolorum,
858 3237 963 3314 quibus
984 3245 1084 3296 contra
1103 3237 1247 3311 Satanam,
1269 3235 1408 3295 mundum
1431 3245 1462 3294 et

256 3331 370 3372 carnem
384 3335 514 3392 pugnare
528 3314 680 3390 debebant,
696 3316 857 3393 spiritualia
870 3325 900 3376 et
913 3337 972 3375 non
986 3316 1112 3376 carnalia
1125 3316 1265 3392 dieantur,
1278 3321 1296 3375 2
1312 3316 1377 3374 Cor.
1389 3337 1419 3373 x.
1429 3319 1459 3392 4,

256 3392 325 3469 quia
333 3393 408 3469 jussi
419 3401 501 3452 erant
510 3414 569 3453 non
579 3395 610 3452 ri
621 3404 749 3471 externa,
762 3395 814 3454 sed
823 3396 884 3456 eolo
894 3396 986 3455 Verbi
995 3396 1140 3474 praeconio
1154 3397 1292 3455 mundum
1304 3395 1460 3471 debellare,

257 3473 364 3532 Matth.
374 3473 477 3532 xxviii
486 3477 532 3548 19,
548 3482 577 3533 11
590 3474 719 3533 fidelium
733 3495 885 3535 armenon
899 3477 956 3535 aha
970 3477 1035 3554 sint,
1046 3497 1133 3554 quam
1146 3495 1246 3554 preces
1261 3485 1290 3535 et
1302 3476 1461 3552 lachrymae

257 3551 287 3609 in
298 3552 375 3612 bello
387 3553 529 3631 spirituali
540 3577 548 3631 ς
564 3554 638 3613 Inde
651 3573 710 3613 non
719 3556 849 3634 sequitur
857 3557 1044 3634 Magistratui
1057 3577 1115 3616 non
1126 3565 1288 3634 competere
1302 3556 1360 3615 111
1369 3555 1461 3633 gladii

256 3642 287 3691 et
307 3653 451 3692 armorum
472 3635 678 3712 corporalium,
701 3643 734 3695 ut
754 3635 832 3694 enim
851 3637 966 3696 vocatio
980 3637 1189 3714 Apostolorum
1208 3644 1237 3695 et
1250 3635 1380 3694 fidelium
1401 3655 1461 3694 non

257 3712 334 3772 tollit
355 3712 479 3774 officium
500 3715 700 3792 Magistratus,
730 3715 773 3774 sic
798 3736 878 3774 arma
899 3717 1060 3794 spiritualia
1081 3717 1187 3794 quibus
1206 3715 1308 3775 fideles
1327 3723 1463 3794 pugnant

256 3813 315 3854 non
329 3794 435 3854 tollunt
448 3794 615 3872 corporalia,
630 3795 736 3872 quibus
754 3797 845 3856 utitur
859 3796 1057 3874 Magistratus.

297 3874 376 3933 XII.
398 3875 490 3935 Aliud
503 3883 548 3934 est
562 3874 686 3934 officium
699 3876 845 3954 privatum
855 3876 992 3952 fidelium,
1005 3876 1085 3935 aliud
1094 3876 1242 3954 publicum
1253 3874 1461 3954 Magistratus;

256 3954 358 4014 fideles
371 3955 478 4015 debent
490 3955 583 4034 parati
596 3975 660 4015 esse
674 3955 712 4015 ad
724 3957 872 4034 proprium
887 3956 1056 4034 sanguinem
1070 3956 1249 4016 fundendum
1262 3955 1359 4033 potius
1373 3975 1462 4032 quarn

257 4034 392 4108 alienum,
407 4037 475 4112 quia
489 4037 560 4113 ipsis
577 4036 627 4113 jus
641 4036 733 4114 gladii
753 4045 783 4096 11
794 4036 867 4095 belli
887 4045 1004 4094 nonest
1024 4056 1212 4113 concessum
1235 4036 1287 4094 sed
1308 4035 1366 4094 alia
1386 4035 1461 4096 ratio

256 4122 302 4174 est
316 4114 402 4173 officii
415 4115 614 4194 Magistratus,
630 4136 715 4194 quem
730 4135 796 4176 cum
814 4117 894 4175 Deus
909 4117 1064 4176 armaverit
1077 4117 1115 4175 ad
1135 4117 1276 4175 malorum
1290 4114 1460 4190 vindictam,

257 4202 287 4254 at
300 4193 496 4288 defensionem
511 4196 593 4274 Reip.
610 4204 639 4255 11
654 4197 802 4274 Ecclesia,
825 4197 912 4255 etiam
926 4195 1004 4256 bella
1017 4217 1118 4274 gerere
1139 4195 1301 4256 necessaria
1315 4195 1371 4274 ipsi
1392 4215 1461 4255 eon-

255 4282 352 4336 cessrt.
1039 4325 1041 4330 .

297 4354 393 4414 XIII.
416 4354 487 4430 Qua
508 4355 684 4434 objiciuntur
698 4376 736 4414 ex
750 4356 823 4415 Mat.
833 4377 862 4416 v.
875 4359 923 4433 39,
932 4353 996 4432 aa,
1012 4364 1042 4416 et
1056 4355 1199 4416 similibus
1219 4354 1300 4432 locis,
1322 4373 1382 4413 non
1395 4374 1461 4431 pro·

257 4436 328 4528 bant
342 4454 426 4494 omne
440 4435 548 4494 bellum
563 4435 732 4514 simpliciter
745 4455 808 4494 esse
822 4436 966 4496 illicitum.
1011 4439 1037 4496 1.
1060 4437 1134 4511 Quia
1154 4436 1227 4494 nihil
1241 4435 1282 4496 ibi
1295 4433 1464 4512 praecipitur

256 4515 1463 4674 11111111.11111111111111111

112 4737 114 4744 .
179 4695 201 4780 ,ζ
257 4671 380 4734 lectibus
393 4682 424 4734 et
435 4674 700 4754 perturbationibus
713 4676 774 4736 1111
788 4695 905 4756 quoquo
919 4675 1005 4736 modo
1019 4675 1181 4756 indulgent,
1201 4695 1259 4736 nou
1272 4674 1397 4755 publicae
1411 4693 1462 4733 au-
