<?xml version="1.0" encoding="UTF-8"?>
<!DOCTYPE html PUBLIC "-//W3C//DTD XHTML 1.0 Transitional//EN"
    "http://www.w3.org/TR/xhtml1/DTD/xhtml1-transitional.dtd">
<html xmlns="http://www.w3.org/1999/xhtml" xml:lang="en" lang="en">
 <head>
  <title>
</title>
<meta http-equiv="Content-Type" content="text/html;charset=utf-8" />
  <meta name='ocr-system' content='tesseract 3.04.00' />
  <meta name='ocr-capabilities' content='ocr_page ocr_carea ocr_par ocr_line ocrx_word'/>
</head>
<body>
  <div class='ocr_page' id='page_1' title='image "./francisciturret00pictgoog_0497.png"; bbox 0 0 3170 5204; ppageno 0'>
   <div class='ocr_carea' id='block_1_1' title="bbox 224 319 1464 3358">
    <p class='ocr_par' dir='ltr' id='par_1_1' title="bbox 224 319 1451 1522">
     <span class='ocr_line' id='line_1_1' title="bbox 224 319 1439 404; baseline -0.002 -20"><span class='ocrx_word' id='word_1_1' title='bbox 224 335 283 392; x_wconf 77' lang='grc'><strong>466</strong></span> <span class='ocrx_word' id='word_1_2' title='bbox 635 343 727 386; x_wconf 83' lang='lat' dir='ltr'><strong>uocas</strong></span> <span class='ocrx_word' id='word_1_3' title='bbox 742 342 872 383; x_wconf 84' lang='lat' dir='ltr'><strong>ouoruus</strong></span> <span class='ocrx_word' id='word_1_4' title='bbox 886 341 1021 390; x_wconf 78' lang='lat' dir='ltr'><strong>abissus.</strong></span> <span class='ocrx_word' id='word_1_5' title='bbox 1250 319 1380 404; x_wconf 69' lang='lat' dir='ltr'><strong>[auser.</strong></span> <span class='ocrx_word' id='word_1_6' title='bbox 1395 343 1439 384; x_wconf 83' lang='lat' dir='ltr'><strong>rr.</strong></span> 
     </span>
     <span class='ocr_line' id='line_1_2' title="bbox 232 482 1443 568; baseline -0.006 -18"><span class='ocrx_word' id='word_1_7' title='bbox 232 491 381 568; x_wconf 87' lang='lat' dir='ltr'><strong>Spiritum,</strong></span> <span class='ocrx_word' id='word_1_8' title='bbox 398 487 476 566; x_wconf 90' lang='lat' dir='ltr'><strong>quod</strong></span> <span class='ocrx_word' id='word_1_9' title='bbox 490 506 541 564; x_wconf 88' lang='lat' dir='ltr'><strong>per</strong></span> <span class='ocrx_word' id='word_1_10' title='bbox 555 507 588 545; x_wconf 88' lang='lat' dir='ltr'><strong>os</strong></span> <span class='ocrx_word' id='word_1_11' title='bbox 602 485 666 563; x_wconf 88' lang='lat' dir='ltr'><strong>ejus</strong></span> <span class='ocrx_word' id='word_1_12' title='bbox 680 503 739 544; x_wconf 91' lang='lat' dir='ltr'><strong>non</strong></span> <span class='ocrx_word' id='word_1_13' title='bbox 753 491 828 558; x_wconf 90' lang='lat' dir='ltr'><strong>ante,</strong></span> <span class='ocrx_word' id='word_1_14' title='bbox 844 502 897 542; x_wconf 89' lang='lat' dir='ltr'><strong>neo</strong></span> <span class='ocrx_word' id='word_1_15' title='bbox 916 491 990 560; x_wconf 80' lang='lat' dir='ltr'><strong>post,</strong></span> <span class='ocrx_word' id='word_1_16' title='bbox 1006 482 1057 542; x_wconf 88' lang='lat' dir='ltr'><strong>scd</strong></span> <span class='ocrx_word' id='word_1_17' title='bbox 1072 483 1158 542; x_wconf 92' lang='lat' dir='ltr'><strong>simul</strong></span> <span class='ocrx_word' id='word_1_18' title='bbox 1172 483 1290 543; x_wconf 88' lang='lat' dir='ltr'><strong>auribus</strong></span> <span class='ocrx_word' id='word_1_19' title='bbox 1303 484 1443 561; x_wconf 89' lang='lat' dir='ltr'><strong>loquitur.</strong></span> 
     </span>
     <span class='ocr_line' id='line_1_3' title="bbox 230 563 1445 645; baseline -0.007 -15"><span class='ocrx_word' id='word_1_20' title='bbox 230 570 439 630; x_wconf 80' lang='lat' dir='ltr'><strong>Praedicatione</strong></span> <span class='ocrx_word' id='word_1_21' title='bbox 453 587 522 644; x_wconf 85' lang='lat' dir='ltr'><strong>ergo</strong></span> <span class='ocrx_word' id='word_1_22' title='bbox 533 567 641 645; x_wconf 89' lang='lat' dir='ltr'><strong>jacitur</strong></span> <span class='ocrx_word' id='word_1_23' title='bbox 655 585 771 638; x_wconf 87' lang='lat' dir='ltr'><strong>semen;</strong></span> <span class='ocrx_word' id='word_1_24' title='bbox 797 573 830 622; x_wconf 94' lang='lat' dir='ltr'><strong>ut</strong></span> <span class='ocrx_word' id='word_1_25' title='bbox 844 573 939 622; x_wconf 92' lang='lat' dir='ltr'><strong>autem</strong></span> <span class='ocrx_word' id='word_1_26' title='bbox 954 563 1065 622; x_wconf 84' lang='lat' dir='ltr'><strong>radices</strong></span> <span class='ocrx_word' id='word_1_27' title='bbox 1086 572 1163 640; x_wconf 87' lang='lat' dir='ltr'><strong>agat,</strong></span> <span class='ocrx_word' id='word_1_28' title='bbox 1188 573 1220 622; x_wconf 91' lang='lat' dir='ltr'><strong>ut</strong></span> <span class='ocrx_word' id='word_1_29' title='bbox 1243 567 1395 642; x_wconf 85' lang='lat' dir='ltr'><strong>germinet,</strong></span> <span class='ocrx_word' id='word_1_30' title='bbox 1412 575 1445 623; x_wconf 87' lang='lat' dir='ltr'><strong>ut</strong></span> 
     </span>
     <span class='ocr_line' id='line_1_4' title="bbox 232 643 1443 726; baseline -0.004 -17"><span class='ocrx_word' id='word_1_31' title='bbox 232 650 393 726; x_wconf 88' lang='lat' dir='ltr'><strong>fructificet,</strong></span> <span class='ocrx_word' id='word_1_32' title='bbox 411 649 466 708; x_wconf 88' lang='lat' dir='ltr'><strong>Dei</strong></span> <span class='ocrx_word' id='word_1_33' title='bbox 483 648 607 724; x_wconf 76' lang='lat' dir='ltr'>Spiritus</span> <span class='ocrx_word' id='word_1_34' title='bbox 620 649 698 704; x_wconf 85' lang='lat' dir='ltr'><strong>intus</strong></span> <span class='ocrx_word' id='word_1_35' title='bbox 709 645 805 718; x_wconf 83' lang='lat' dir='ltr'><strong>facit,”</strong></span> <span class='ocrx_word' id='word_1_36' title='bbox 815 643 869 701; x_wconf 77' lang='lat' dir='ltr'><strong>dra.</strong></span> <span class='ocrx_word' id='word_1_37' title='bbox 912 643 951 702; x_wconf 86' lang='lat' dir='ltr'><strong>Et</strong></span> <span class='ocrx_word' id='word_1_38' title='bbox 960 645 1045 720; x_wconf 88' lang='lat' dir='ltr'><strong>paulo</strong></span> <span class='ocrx_word' id='word_1_39' title='bbox 1054 653 1128 721; x_wconf 77' lang='lat' dir='ltr'><strong>post,</strong></span> <span class='ocrx_word' id='word_1_40' title='bbox 1153 644 1306 702; x_wconf 87' lang='lat' dir='ltr'><strong>“Tantum</strong></span> <span class='ocrx_word' id='word_1_41' title='bbox 1319 645 1443 704; x_wconf 85' lang='lat' dir='ltr'><strong>retinea-</strong></span> 
     </span>
     <span class='ocr_line' id='line_1_5' title="bbox 232 724 1445 806; baseline -0.006 -16"><span class='ocrx_word' id='word_1_42' title='bbox 232 751 297 790; x_wconf 89' lang='lat' dir='ltr'><strong>mus</strong></span> <span class='ocrx_word' id='word_1_43' title='bbox 312 729 391 788; x_wconf 89' lang='lat' dir='ltr'><strong>illam</strong></span> <span class='ocrx_word' id='word_1_44' title='bbox 407 748 493 806; x_wconf 89' lang='lat' dir='ltr'><strong>quam</strong></span> <span class='ocrx_word' id='word_1_45' title='bbox 507 727 646 786; x_wconf 85' lang='lat' dir='ltr'><strong>describit</strong></span> <span class='ocrx_word' id='word_1_46' title='bbox 662 725 769 784; x_wconf 87' lang='lat' dir='ltr'><strong>Paulus</strong></span> <span class='ocrx_word' id='word_1_47' title='bbox 783 743 895 782; x_wconf 87' lang='lat' dir='ltr'><strong>arcanae</strong></span> <span class='ocrx_word' id='word_1_48' title='bbox 923 724 1046 800; x_wconf 81' lang='lat' dir='ltr'><strong>Spiritus</strong></span> <span class='ocrx_word' id='word_1_49' title='bbox 1069 724 1243 800; x_wconf 81' lang='lat' dir='ltr'><strong>operationis</strong></span> <span class='ocrx_word' id='word_1_50' title='bbox 1268 733 1297 796; x_wconf 86' lang='lat' dir='ltr'><strong>et</strong></span> <span class='ocrx_word' id='word_1_51' title='bbox 1316 733 1445 783; x_wconf 72' lang='lat' dir='ltr'><strong>externa</strong></span> 
     </span>
     <span class='ocr_line' id='line_1_6' title="bbox 233 803 1446 890; baseline -0.005 -22"><span class='ocrx_word' id='word_1_52' title='bbox 233 810 447 890; x_wconf 72' lang='lat' dir='ltr'><strong>praedicationis</strong></span> <span class='ocrx_word' id='word_1_53' title='bbox 461 807 688 884; x_wconf 85' lang='lat' dir='ltr'><strong>colligationem,</strong></span> <span class='ocrx_word' id='word_1_54' title='bbox 711 813 740 863; x_wconf 90' lang='lat' dir='ltr'><strong>et</strong></span> <span class='ocrx_word' id='word_1_55' title='bbox 754 805 861 862; x_wconf 87' lang='lat' dir='ltr'><strong>erimus</strong></span> <span class='ocrx_word' id='word_1_56' title='bbox 875 804 953 861; x_wconf 89' lang='lat' dir='ltr'><strong>omui</strong></span> <span class='ocrx_word' id='word_1_57' title='bbox 967 803 1136 862; x_wconf 90' lang='lat' dir='ltr'><strong>difficultate</strong></span> <span class='ocrx_word' id='word_1_58' title='bbox 1151 803 1310 880; x_wconf 85' lang='lat' dir='ltr'><strong>expediti.&#39;’</strong></span> <span class='ocrx_word' id='word_1_59' title='bbox 1354 805 1395 863; x_wconf 87' lang='lat' dir='ltr'><strong>Et</strong></span> <span class='ocrx_word' id='word_1_60' title='bbox 1408 805 1446 863; x_wconf 88' lang='lat' dir='ltr'><strong>atl</strong></span> 
     </span>
     <span class='ocr_line' id='line_1_7' title="bbox 234 883 1445 967; baseline -0.005 -19"><span class='ocrx_word' id='word_1_61' title='bbox 234 892 285 950; x_wconf 93' lang='lat' dir='ltr'><strong>lib.</strong></span> <span class='ocrx_word' id='word_1_62' title='bbox 301 890 340 948; x_wconf 93' lang='lat' dir='ltr'><strong>vi.</strong></span> <span class='ocrx_word' id='word_1_63' title='bbox 364 911 391 967; x_wconf 90' lang='lat' dir='ltr'><strong>p.</strong></span> <span class='ocrx_word' id='word_1_64' title='bbox 412 892 481 963; x_wconf 77' lang='lat'><strong>275,</strong></span> <span class='ocrx_word' id='word_1_65' title='bbox 506 895 660 964; x_wconf 88' lang='lat' dir='ltr'><strong>postquam</strong></span> <span class='ocrx_word' id='word_1_66' title='bbox 685 885 784 943; x_wconf 89' lang='lat' dir='ltr'><strong>retulit</strong></span> <span class='ocrx_word' id='word_1_67' title='bbox 809 883 932 960; x_wconf 77' lang='lat' dir='ltr'><strong>qualiter</strong></span> <span class='ocrx_word' id='word_1_68' title='bbox 946 885 1036 942; x_wconf 87' lang='lat' dir='ltr'><strong>vellet</strong></span> <span class='ocrx_word' id='word_1_69' title='bbox 1051 883 1173 960; x_wconf 84' lang='lat' dir='ltr'><strong>Pighius</strong></span> <span class='ocrx_word' id='word_1_70' title='bbox 1189 883 1284 942; x_wconf 90' lang='lat' dir='ltr'><strong>Deum</strong></span> <span class='ocrx_word' id='word_1_71' title='bbox 1297 885 1445 943; x_wconf 85' lang='lat' dir='ltr'><strong>hominem</strong></span> 
     </span>
     <span class='ocr_line' id='line_1_8' title="bbox 235 963 1447 1042; baseline -0.005 -13"><span class='ocrx_word' id='word_1_72' title='bbox 235 979 406 1030; x_wconf 89' lang='lat' dir='ltr'><strong>convertere</strong></span> <span class='ocrx_word' id='word_1_73' title='bbox 422 968 579 1025; x_wconf 85' lang='lat' dir='ltr'><strong>“bonitate</strong></span> <span class='ocrx_word' id='word_1_74' title='bbox 594 974 623 1023; x_wconf 90' lang='lat' dir='ltr'><strong>et</strong></span> <span class='ocrx_word' id='word_1_75' title='bbox 637 964 776 1042; x_wconf 87' lang='lat' dir='ltr'><strong>patientia</strong></span> <span class='ocrx_word' id='word_1_76' title='bbox 790 983 850 1037; x_wconf 87' lang='lat' dir='ltr'><strong>sue,</strong></span> <span class='ocrx_word' id='word_1_77' title='bbox 865 983 924 1021; x_wconf 92' lang='lat' dir='ltr'><strong>uon</strong></span> <span class='ocrx_word' id='word_1_78' title='bbox 938 964 1034 1022; x_wconf 89' lang='lat' dir='ltr'><strong>statim</strong></span> <span class='ocrx_word' id='word_1_79' title='bbox 1049 983 1102 1022; x_wconf 89' lang='lat' dir='ltr'><strong>uos</strong></span> <span class='ocrx_word' id='word_1_80' title='bbox 1116 963 1270 1040; x_wconf 88' lang='lat' dir='ltr'><strong>punienda,</strong></span> <span class='ocrx_word' id='word_1_81' title='bbox 1284 963 1337 1022; x_wconf 88' lang='lat' dir='ltr'><strong>sed</strong></span> <span class='ocrx_word' id='word_1_82' title='bbox 1350 965 1447 1024; x_wconf 87' lang='lat' dir='ltr'><strong>dando</strong></span> 
     </span>
     <span class='ocr_line' id='line_1_9' title="bbox 236 1043 1445 1127; baseline -0.007 -17"><span class='ocrx_word' id='word_1_83' title='bbox 236 1060 353 1127; x_wconf 90' lang='lat' dir='ltr'><strong>tempus</strong></span> <span class='ocrx_word' id='word_1_84' title='bbox 367 1057 396 1108; x_wconf 94' lang='lat' dir='ltr'><strong>et</strong></span> <span class='ocrx_word' id='word_1_85' title='bbox 410 1047 504 1106; x_wconf 89' lang='lat' dir='ltr'><strong>locum</strong></span> <span class='ocrx_word' id='word_1_86' title='bbox 516 1046 710 1124; x_wconf 73' lang='lat' dir='ltr'><strong>paenitentiae:</strong></span> <span class='ocrx_word' id='word_1_87' title='bbox 732 1044 826 1103; x_wconf 86' lang='lat' dir='ltr'><strong>adhuc</strong></span> <span class='ocrx_word' id='word_1_88' title='bbox 837 1044 936 1102; x_wconf 91' lang='lat' dir='ltr'><strong>multis</strong></span> <span class='ocrx_word' id='word_1_89' title='bbox 949 1043 1061 1118; x_wconf 89' lang='lat' dir='ltr'><strong>mediis,</strong></span> <span class='ocrx_word' id='word_1_90' title='bbox 1072 1051 1101 1102; x_wconf 89' lang='lat' dir='ltr'><strong>et</strong></span> <span class='ocrx_word' id='word_1_91' title='bbox 1115 1044 1324 1118; x_wconf 80' lang='lat' dir='ltr'><strong>occasionibus,</strong></span> <span class='ocrx_word' id='word_1_92' title='bbox 1341 1045 1445 1103; x_wconf 91' lang='lat' dir='ltr'><strong>exhor·</strong></span> 
     </span>
     <span class='ocr_line' id='line_1_10' title="bbox 239 1122 1448 1202; baseline -0.007 -12"><span class='ocrx_word' id='word_1_93' title='bbox 239 1129 406 1202; x_wconf 82' lang='lat' dir='ltr'><strong>tationibus,</strong></span> <span class='ocrx_word' id='word_1_94' title='bbox 430 1125 585 1198; x_wconf 90' lang='lat' dir='ltr'><strong>beneficiis,</strong></span> <span class='ocrx_word' id='word_1_95' title='bbox 608 1134 637 1184; x_wconf 89' lang='lat' dir='ltr'><strong>et</strong></span> <span class='ocrx_word' id='word_1_96' title='bbox 659 1123 783 1200; x_wconf 88' lang='lat' dir='ltr'><strong>flagellis</strong></span> <span class='ocrx_word' id='word_1_97' title='bbox 797 1122 836 1180; x_wconf 89' lang='lat' dir='ltr'><strong>ad</strong></span> <span class='ocrx_word' id='word_1_98' title='bbox 848 1123 969 1182; x_wconf 90' lang='lat' dir='ltr'><strong>eandem</strong></span> <span class='ocrx_word' id='word_1_99' title='bbox 984 1143 1033 1180; x_wconf 91' lang='lat' dir='ltr'><strong>eos</strong></span> <span class='ocrx_word' id='word_1_100' title='bbox 1047 1122 1240 1200; x_wconf 90' lang='lat' dir='ltr'><strong>provocando,</strong></span> <span class='ocrx_word' id='word_1_101' title='bbox 1263 1123 1448 1182; x_wconf 83' lang='lat' dir='ltr'><strong>sollicitando</strong></span> 
     </span>
     <span class='ocr_line' id='line_1_11' title="bbox 237 1203 1447 1282; baseline -0.006 -13"><span class='ocrx_word' id='word_1_102' title='bbox 237 1219 266 1269; x_wconf 91' lang='lat' dir='ltr'><strong>et</strong></span> <span class='ocrx_word' id='word_1_103' title='bbox 281 1206 484 1282; x_wconf 89' lang='lat' dir='ltr'><strong>stimulando,&#39;’</strong></span> <span class='ocrx_word' id='word_1_104' title='bbox 513 1205 638 1282; x_wconf 86' lang='lat' dir='ltr'><strong>subjicit,</strong></span> <span class='ocrx_word' id='word_1_105' title='bbox 656 1206 672 1236; x_wconf 88' lang='lat'><strong>“</strong></span> <span class='ocrx_word' id='word_1_106' title='bbox 685 1204 744 1262; x_wconf 90' lang='lat' dir='ltr'><strong>llic</strong></span> <span class='ocrx_word' id='word_1_107' title='bbox 758 1223 827 1262; x_wconf 90' lang='lat' dir='ltr'><strong>vero</strong></span> <span class='ocrx_word' id='word_1_108' title='bbox 838 1211 916 1262; x_wconf 88' lang='lat' dir='ltr'><strong>totus</strong></span> <span class='ocrx_word' id='word_1_109' title='bbox 927 1213 956 1262; x_wconf 87' lang='lat' dir='ltr'><strong>ct</strong></span> <span class='ocrx_word' id='word_1_110' title='bbox 964 1203 1076 1280; x_wconf 80' lang='lat' dir='ltr'><strong>integer</strong></span> <span class='ocrx_word' id='word_1_111' title='bbox 1091 1203 1228 1280; x_wconf 78' lang='lat' dir='ltr'><strong>Pelagius</strong></span> <span class='ocrx_word' id='word_1_112' title='bbox 1240 1223 1292 1262; x_wconf 88' lang='lat' dir='ltr'><strong>sna</strong></span> <span class='ocrx_word' id='word_1_113' title='bbox 1302 1203 1332 1260; x_wconf 89' lang='lat' dir='ltr'><strong>in</strong></span> <span class='ocrx_word' id='word_1_114' title='bbox 1342 1205 1447 1262; x_wconf 83' lang='lat' dir='ltr'><strong>coslum</strong></span> 
     </span>
     <span class='ocr_line' id='line_1_12' title="bbox 238 1283 1450 1364; baseline -0.006 -15"><span class='ocrx_word' id='word_1_115' title='bbox 238 1287 391 1364; x_wconf 80' lang='lat' dir='ltr'><strong>sacrilegia</strong></span> <span class='ocrx_word' id='word_1_116' title='bbox 405 1286 522 1346; x_wconf 80' lang='lat' dir='ltr'><strong>evomit.</strong></span> <span class='ocrx_word' id='word_1_117' title='bbox 565 1286 696 1342; x_wconf 82' lang='lat' dir='ltr'><strong>Externa</strong></span> <span class='ocrx_word' id='word_1_118' title='bbox 710 1284 786 1342; x_wconf 89' lang='lat' dir='ltr'><strong>enim</strong></span> <span class='ocrx_word' id='word_1_119' title='bbox 801 1291 913 1342; x_wconf 88' lang='lat' dir='ltr'><strong>tantum</strong></span> <span class='ocrx_word' id='word_1_120' title='bbox 924 1283 1117 1361; x_wconf 90' lang='lat' dir='ltr'><strong>mediaponit,</strong></span> <span class='ocrx_word' id='word_1_121' title='bbox 1127 1283 1233 1359; x_wconf 90' lang='lat' dir='ltr'><strong>quibus</strong></span> <span class='ocrx_word' id='word_1_122' title='bbox 1248 1283 1352 1342; x_wconf 88' lang='lat' dir='ltr'><strong>invitat</strong></span> <span class='ocrx_word' id='word_1_123' title='bbox 1368 1285 1450 1342; x_wconf 90' lang='lat' dir='ltr'><strong>Deus</strong></span> 
     </span>
     <span class='ocr_line' id='line_1_13' title="bbox 240 1363 1451 1444; baseline -0.003 -18"><span class='ocrx_word' id='word_1_124' title='bbox 240 1369 381 1443; x_wconf 86' lang='lat' dir='ltr'><strong>homiues,</strong></span> <span class='ocrx_word' id='word_1_125' title='bbox 397 1375 483 1444; x_wconf 88' lang='lat' dir='ltr'><strong>atque</strong></span> <span class='ocrx_word' id='word_1_126' title='bbox 494 1366 540 1424; x_wconf 90' lang='lat' dir='ltr'><strong>bis</strong></span> <span class='ocrx_word' id='word_1_127' title='bbox 550 1364 673 1422; x_wconf 90' lang='lat' dir='ltr'><strong>includit</strong></span> <span class='ocrx_word' id='word_1_128' title='bbox 687 1371 778 1422; x_wconf 85' lang='lat' dir='ltr'><strong>totam</strong></span> <span class='ocrx_word' id='word_1_129' title='bbox 792 1363 989 1421; x_wconf 82' lang='lat' dir='ltr'><strong>conversionis</strong></span> <span class='ocrx_word' id='word_1_130' title='bbox 1000 1364 1139 1440; x_wconf 75' lang='lat' dir='ltr'><strong>gratiam5</strong></span> <span class='ocrx_word' id='word_1_131' title='bbox 1162 1363 1198 1421; x_wconf 90' lang='lat' dir='ltr'><strong>de</strong></span> <span class='ocrx_word' id='word_1_132' title='bbox 1209 1363 1344 1422; x_wconf 87' lang='lat' dir='ltr'><strong>interiore</strong></span> <span class='ocrx_word' id='word_1_133' title='bbox 1354 1364 1451 1422; x_wconf 89' lang='lat' dir='ltr'><strong>cordis</strong></span> 
     </span>
     <span class='ocr_line' id='line_1_14' title="bbox 239 1439 1079 1522; baseline -0.006 -16"><span class='ocrx_word' id='word_1_134' title='bbox 239 1457 329 1522; x_wconf 90' lang='lat' dir='ltr'><strong>motu,</strong></span> <span class='ocrx_word' id='word_1_135' title='bbox 345 1447 381 1506; x_wconf 90' lang='lat' dir='ltr'><strong>de</strong></span> <span class='ocrx_word' id='word_1_136' title='bbox 396 1446 581 1506; x_wconf 88' lang='lat' dir='ltr'><strong>renovatione</strong></span> <span class='ocrx_word' id='word_1_137' title='bbox 595 1444 719 1520; x_wconf 81' lang='lat' dir='ltr'><strong>Spiritus</strong></span> <span class='ocrx_word' id='word_1_138' title='bbox 730 1444 820 1502; x_wconf 89' lang='lat' dir='ltr'><strong>altum</strong></span> <span class='ocrx_word' id='word_1_139' title='bbox 835 1443 1009 1517; x_wconf 89' lang='lat' dir='ltr'><strong>silentium,&#39;&#39;</strong></span> <span class='ocrx_word' id='word_1_140' title='bbox 1025 1439 1079 1501; x_wconf 77' lang='lat' dir='ltr'><strong>dcc.</strong></span> 
     </span>
    </p>

    <p class='ocr_par' dir='ltr' id='par_1_2' title="bbox 238 1521 1455 2252">
     <span class='ocr_line' id='line_1_15' title="bbox 282 1521 1451 1600; baseline -0.004 -15"><span class='ocrx_word' id='word_1_141' title='bbox 282 1527 442 1585; x_wconf 88' lang='lat' dir='ltr'>XXVIII.</span> <span class='ocrx_word' id='word_1_142' title='bbox 466 1525 576 1599; x_wconf 88' lang='lat' dir='ltr'><strong>Quibus</strong></span> <span class='ocrx_word' id='word_1_143' title='bbox 591 1525 632 1582; x_wconf 88' lang='lat' dir='ltr'><strong>ita</strong></span> <span class='ocrx_word' id='word_1_144' title='bbox 646 1522 756 1600; x_wconf 90' lang='lat' dir='ltr'><strong>positis,</strong></span> <span class='ocrx_word' id='word_1_145' title='bbox 774 1522 806 1580; x_wconf 86' lang='lat' dir='ltr'><strong>Si</strong></span> <span class='ocrx_word' id='word_1_146' title='bbox 822 1523 884 1599; x_wconf 87' lang='lat' dir='ltr'><strong>jam</strong></span> <span class='ocrx_word' id='word_1_147' title='bbox 899 1522 1051 1597; x_wconf 83' lang='lat' dir='ltr'><strong>Quaeritur,</strong></span> <span class='ocrx_word' id='word_1_148' title='bbox 1068 1521 1117 1580; x_wconf 87' lang='lat' dir='ltr'><strong>An</strong></span> <span class='ocrx_word' id='word_1_149' title='bbox 1131 1530 1234 1598; x_wconf 77' lang='lat' dir='ltr'><strong>prater</strong></span> <span class='ocrx_word' id='word_1_150' title='bbox 1255 1521 1379 1598; x_wconf 81' lang='lat' dir='ltr'><strong>gratiam</strong></span> <span class='ocrx_word' id='word_1_151' title='bbox 1400 1523 1451 1581; x_wconf 90' lang='lat' dir='ltr'><strong>ob-</strong></span> 
     </span>
     <span class='ocr_line' id='line_1_16' title="bbox 238 1602 1452 1686; baseline -0.005 -20"><span class='ocrx_word' id='word_1_152' title='bbox 238 1609 387 1686; x_wconf 88' lang='lat' dir='ltr'><strong>jectivam,</strong></span> <span class='ocrx_word' id='word_1_153' title='bbox 403 1616 433 1665; x_wconf 93' lang='lat' dir='ltr'><strong>et</strong></span> <span class='ocrx_word' id='word_1_154' title='bbox 446 1606 609 1678; x_wconf 87' lang='lat' dir='ltr'><strong>mediatam,</strong></span> <span class='ocrx_word' id='word_1_155' title='bbox 625 1623 683 1680; x_wconf 90' lang='lat' dir='ltr'><strong>qua</strong></span> <span class='ocrx_word' id='word_1_156' title='bbox 704 1602 827 1678; x_wconf 84' lang='lat' dir='ltr'><strong>Spiritus</strong></span> <span class='ocrx_word' id='word_1_157' title='bbox 841 1623 892 1679; x_wconf 90' lang='lat' dir='ltr'><strong>per</strong></span> <span class='ocrx_word' id='word_1_158' title='bbox 907 1602 1036 1660; x_wconf 86' lang='lat' dir='ltr'><strong>Verbum</strong></span> <span class='ocrx_word' id='word_1_159' title='bbox 1050 1622 1221 1679; x_wconf 86' lang='lat' dir='ltr'><strong>quacunque</strong></span> <span class='ocrx_word' id='word_1_160' title='bbox 1236 1603 1452 1679; x_wconf 82' lang='lat' dir='ltr'><strong>opportunitate</strong></span> 
     </span>
     <span class='ocr_line' id='line_1_17' title="bbox 240 1681 1450 1766; baseline -0.007 -19"><span class='ocrx_word' id='word_1_161' title='bbox 240 1688 436 1766; x_wconf 77' lang='lat' dir='ltr'><strong>praedicatum,</strong></span> <span class='ocrx_word' id='word_1_162' title='bbox 451 1695 480 1745; x_wconf 89' lang='lat' dir='ltr'><strong>et</strong></span> <span class='ocrx_word' id='word_1_163' title='bbox 491 1685 710 1762; x_wconf 89' lang='lat' dir='ltr'><strong>quibuscunque</strong></span> <span class='ocrx_word' id='word_1_164' title='bbox 721 1682 943 1741; x_wconf 87' lang='lat' dir='ltr'><strong>circumstantiis</strong></span> <span class='ocrx_word' id='word_1_165' title='bbox 953 1691 982 1740; x_wconf 91' lang='lat' dir='ltr'><strong>et</strong></span> <span class='ocrx_word' id='word_1_166' title='bbox 992 1681 1175 1740; x_wconf 92' lang='lat' dir='ltr'><strong>adminiculis</strong></span> <span class='ocrx_word' id='word_1_167' title='bbox 1190 1683 1336 1758; x_wconf 89' lang='lat' dir='ltr'><strong>stipatum,</strong></span> <span class='ocrx_word' id='word_1_168' title='bbox 1352 1681 1450 1759; x_wconf 87' lang='lat' dir='ltr'><strong>agitin</strong></span> 
     </span>
     <span class='ocr_line' id='line_1_18' title="bbox 241 1762 1451 1843; baseline -0.005 -17"><span class='ocrx_word' id='word_1_169' title='bbox 241 1777 361 1842; x_wconf 88' lang='lat' dir='ltr'><strong>mentes,</strong></span> <span class='ocrx_word' id='word_1_170' title='bbox 377 1767 539 1843; x_wconf 89' lang='lat' dir='ltr'><strong>requiratur</strong></span> <span class='ocrx_word' id='word_1_171' title='bbox 553 1764 610 1822; x_wconf 86' lang='lat' dir='ltr'><strong>alia</strong></span> <span class='ocrx_word' id='word_1_172' title='bbox 624 1763 717 1840; x_wconf 88' lang='lat' dir='ltr'><strong>gratia</strong></span> <span class='ocrx_word' id='word_1_173' title='bbox 738 1763 899 1840; x_wconf 86' lang='lat' dir='ltr'><strong>subjectiva</strong></span> <span class='ocrx_word' id='word_1_174' title='bbox 913 1771 942 1820; x_wconf 88' lang='lat' dir='ltr'><strong>et</strong></span> <span class='ocrx_word' id='word_1_175' title='bbox 956 1762 1130 1836; x_wconf 85' lang='lat' dir='ltr'><strong>immediata,</strong></span> <span class='ocrx_word' id='word_1_176' title='bbox 1153 1781 1211 1838; x_wconf 89' lang='lat' dir='ltr'><strong>qua</strong></span> <span class='ocrx_word' id='word_1_177' title='bbox 1231 1763 1398 1820; x_wconf 86' lang='lat' dir='ltr'><strong>immediate</strong></span> <span class='ocrx_word' id='word_1_178' title='bbox 1420 1763 1451 1820; x_wconf 88' lang='lat' dir='ltr'><strong>iu</strong></span> 
     </span>
     <span class='ocr_line' id='line_1_19' title="bbox 242 1840 1452 1924; baseline -0.005 -18"><span class='ocrx_word' id='word_1_179' title='bbox 242 1849 321 1924; x_wconf 86' lang='lat' dir='ltr'><strong>ipsas</strong></span> <span class='ocrx_word' id='word_1_180' title='bbox 335 1847 486 1906; x_wconf 82' lang='lat' dir='ltr'><strong>facultates</strong></span> <span class='ocrx_word' id='word_1_181' title='bbox 500 1853 634 1922; x_wconf 86' lang='lat' dir='ltr'><strong>operetur</strong></span> <span class='ocrx_word' id='word_1_182' title='bbox 648 1843 685 1900; x_wconf 90' lang='lat' dir='ltr'><strong>ad</strong></span> <span class='ocrx_word' id='word_1_183' title='bbox 699 1862 748 1900; x_wconf 90' lang='lat' dir='ltr'><strong>eas</strong></span> <span class='ocrx_word' id='word_1_184' title='bbox 762 1841 800 1900; x_wconf 87' lang='lat' dir='ltr'><strong>ad</strong></span> <span class='ocrx_word' id='word_1_185' title='bbox 815 1842 968 1900; x_wconf 87' lang='lat' dir='ltr'><strong>salutarem</strong></span> <span class='ocrx_word' id='word_1_186' title='bbox 984 1840 1074 1900; x_wconf 88' lang='lat' dir='ltr'><strong>Verbi</strong></span> <span class='ocrx_word' id='word_1_187' title='bbox 1089 1842 1282 1918; x_wconf 90' lang='lat' dir='ltr'><strong>receptionem</strong></span> <span class='ocrx_word' id='word_1_188' title='bbox 1297 1842 1452 1919; x_wconf 87' lang='lat' dir='ltr'><strong>disponen-</strong></span> 
     </span>
     <span class='ocr_line' id='line_1_20' title="bbox 243 1921 1453 2004; baseline -0.005 -18"><span class='ocrx_word' id='word_1_189' title='bbox 243 1927 305 2002; x_wconf 90' lang='lat' dir='ltr'><strong>das,</strong></span> <span class='ocrx_word' id='word_1_190' title='bbox 321 1936 350 1986; x_wconf 89' lang='lat' dir='ltr'><strong>et</strong></span> <span class='ocrx_word' id='word_1_191' title='bbox 364 1928 447 2004; x_wconf 89' lang='lat' dir='ltr'><strong>eujus</strong></span> <span class='ocrx_word' id='word_1_192' title='bbox 462 1925 587 1984; x_wconf 89' lang='lat' dir='ltr'><strong>efficacia</strong></span> <span class='ocrx_word' id='word_1_193' title='bbox 596 1923 747 1980; x_wconf 90' lang='lat' dir='ltr'><strong>conversio</strong></span> <span class='ocrx_word' id='word_1_194' title='bbox 756 1922 918 1980; x_wconf 86' lang='lat' dir='ltr'><strong>necessario</strong></span> <span class='ocrx_word' id='word_1_195' title='bbox 933 1931 962 1980; x_wconf 91' lang='lat' dir='ltr'><strong>ct</strong></span> <span class='ocrx_word' id='word_1_196' title='bbox 976 1921 1167 1980; x_wconf 85' lang='lat' dir='ltr'><strong>infallibiliter</strong></span> <span class='ocrx_word' id='word_1_197' title='bbox 1177 1921 1375 1998; x_wconf 80' lang='lat' dir='ltr'><strong>producatur?</strong></span> <span class='ocrx_word' id='word_1_198' title='bbox 1396 1922 1453 1980; x_wconf 88' lang='lat' dir='ltr'><strong>Re·</strong></span> 
     </span>
     <span class='ocr_line' id='line_1_21' title="bbox 244 2001 1455 2084; baseline -0.005 -18"><span class='ocrx_word' id='word_1_199' title='bbox 244 2006 419 2084; x_wconf 88' lang='lat' dir='ltr'><strong>spondemus</strong></span> <span class='ocrx_word' id='word_1_200' title='bbox 430 2005 608 2078; x_wconf 83' lang='lat' dir='ltr'><strong>affirmative,</strong></span> <span class='ocrx_word' id='word_1_201' title='bbox 621 2011 654 2060; x_wconf 91' lang='lat' dir='ltr'><strong>ut</strong></span> <span class='ocrx_word' id='word_1_202' title='bbox 663 2001 795 2060; x_wconf 85' lang='lat' dir='ltr'><strong>Ecclesia</strong></span> <span class='ocrx_word' id='word_1_203' title='bbox 799 2003 862 2079; x_wconf 90' lang='lat' dir='ltr'><strong>jam</strong></span> <span class='ocrx_word' id='word_1_204' title='bbox 871 2001 940 2059; x_wconf 91' lang='lat' dir='ltr'><strong>olim</strong></span> <span class='ocrx_word' id='word_1_205' title='bbox 951 2010 1051 2060; x_wconf 90' lang='lat' dir='ltr'><strong>contra</strong></span> <span class='ocrx_word' id='word_1_206' title='bbox 1063 2001 1245 2078; x_wconf 85' lang='lat' dir='ltr'><strong>Pelagianos,</strong></span> <span class='ocrx_word' id='word_1_207' title='bbox 1256 2009 1285 2061; x_wconf 90' lang='lat' dir='ltr'><strong>et</strong></span> <span class='ocrx_word' id='word_1_208' title='bbox 1295 2001 1455 2060; x_wconf 87' lang='lat' dir='ltr'><strong>novissime</strong></span> 
     </span>
     <span class='ocr_line' id='line_1_22' title="bbox 244 2082 743 2147; baseline -0.018 0"><span class='ocrx_word' id='word_1_209' title='bbox 244 2095 343 2147; x_wconf 92' lang='lat' dir='ltr'><strong>contra</strong></span> <span class='ocrx_word' id='word_1_210' title='bbox 359 2087 597 2146; x_wconf 87' lang='lat' dir='ltr'><strong>Remoustrantes</strong></span> <span class='ocrx_word' id='word_1_211' title='bbox 612 2082 743 2140; x_wconf 88' lang='lat' dir='ltr'><strong>sancivit.</strong></span> 
     </span>
     <span class='ocr_line' id='line_1_23' title="bbox 244 2160 1455 2252; baseline 0 -31"><span class='ocrx_word' id='word_1_212' title='bbox 244 2206 331 2252; x_wconf 75' lang='lat' dir='ltr'><strong>Grata</strong></span> <span class='ocrx_word' id='word_1_213' title='bbox 346 2205 487 2249; x_wconf 72' lang='lat' dir='ltr'><strong>immediata</strong></span> <span class='ocrx_word' id='word_1_214' title='bbox 548 2163 677 2220; x_wconf 86' lang='lat' dir='ltr'>XXIX.</span> <span class='ocrx_word' id='word_1_215' title='bbox 701 2161 840 2220; x_wconf 85' lang='lat' dir='ltr'><strong>Rationes</strong></span> <span class='ocrx_word' id='word_1_216' title='bbox 855 2168 930 2235; x_wconf 89' lang='lat' dir='ltr'><strong>sunt,</strong></span> <span class='ocrx_word' id='word_1_217' title='bbox 953 2161 1059 2234; x_wconf 92' lang='lat' dir='ltr'><strong>Primo,</strong></span> <span class='ocrx_word' id='word_1_218' title='bbox 1076 2160 1151 2235; x_wconf 88' lang='lat' dir='ltr'><strong>Quia</strong></span> <span class='ocrx_word' id='word_1_219' title='bbox 1177 2160 1233 2220; x_wconf 88' lang='lat' dir='ltr'><strong>hoc</strong></span> <span class='ocrx_word' id='word_1_220' title='bbox 1252 2161 1360 2220; x_wconf 86' lang='lat' dir='ltr'><strong>evincit</strong></span> <span class='ocrx_word' id='word_1_221' title='bbox 1384 2161 1455 2221; x_wconf 60' lang='lat' dir='ltr'><strong>Cor</strong></span> 
     </span>
    </p>

    <p class='ocr_par' dir='ltr' id='par_1_3' title="bbox 292 2241 1456 2318">
     <span class='ocr_line' id='line_1_24' title="bbox 292 2241 1456 2318; baseline -0.007 -10"><span class='ocrx_word' id='word_1_222' title='bbox 292 2266 404 2315; x_wconf 64' lang='lat' dir='ltr'><strong>mertun</strong></span> <span class='ocrx_word' id='word_1_223' title='bbox 424 2263 486 2306; x_wconf 74' lang='lat' dir='ltr'><strong>nux</strong></span> <span class='ocrx_word' id='word_1_224' title='bbox 507 2244 645 2318; x_wconf 81' lang='lat' dir='ltr'><strong>ruptionis</strong></span> <span class='ocrx_word' id='word_1_225' title='bbox 659 2251 686 2300; x_wconf 86' lang='lat' dir='ltr'><strong>et</strong></span> <span class='ocrx_word' id='word_1_226' title='bbox 708 2243 882 2317; x_wconf 81' lang='lat' dir='ltr'><strong>Impoteatia</strong></span> <span class='ocrx_word' id='word_1_227' title='bbox 901 2261 957 2316; x_wconf 85' lang='lat' dir='ltr'><strong>per</strong></span> <span class='ocrx_word' id='word_1_228' title='bbox 974 2249 1122 2316; x_wconf 86' lang='lat' dir='ltr'><strong>peccatum</strong></span> <span class='ocrx_word' id='word_1_229' title='bbox 1146 2241 1258 2300; x_wconf 75' lang='lat' dir='ltr'><strong>inaucta</strong></span> <span class='ocrx_word' id='word_1_230' title='bbox 1281 2242 1456 2318; x_wconf 71' lang='lat' dir='ltr'><strong>mapar&#39;tudo.</strong></span> 
     </span>
    </p>

    <p class='ocr_par' dir='ltr' id='par_1_4' title="bbox 244 2279 1464 3358">
     <span class='ocr_line' id='line_1_25' title="bbox 275 2279 1458 2397; baseline 0.001 -19"><span class='ocrx_word' id='word_1_231' title='bbox 275 2279 487 2392; x_wconf 69' lang='lat' dir='ltr'><strong>lomrntscorrup</strong></span> <span class='ocrx_word' id='word_1_232' title='bbox 509 2323 582 2380; x_wconf 89' lang='lat' dir='ltr'><strong>Nam</strong></span> <span class='ocrx_word' id='word_1_233' title='bbox 598 2323 622 2379; x_wconf 89' lang='lat' dir='ltr'><strong>si</strong></span> <span class='ocrx_word' id='word_1_234' title='bbox 636 2341 706 2380; x_wconf 87' lang='lat' dir='ltr'><strong>vera</strong></span> <span class='ocrx_word' id='word_1_235' title='bbox 720 2329 795 2394; x_wconf 88' lang='lat' dir='ltr'><strong>sunt,</strong></span> <span class='ocrx_word' id='word_1_236' title='bbox 811 2341 875 2397; x_wconf 93' lang='lat' dir='ltr'><strong>quae</strong></span> <span class='ocrx_word' id='word_1_237' title='bbox 890 2322 976 2380; x_wconf 89' lang='lat' dir='ltr'><strong>toties</strong></span> <span class='ocrx_word' id='word_1_238' title='bbox 993 2320 1141 2397; x_wconf 87' lang='lat' dir='ltr'><strong>Scriptura</strong></span> <span class='ocrx_word' id='word_1_239' title='bbox 1152 2320 1240 2378; x_wconf 89' lang='lat' dir='ltr'><strong>tradit</strong></span> <span class='ocrx_word' id='word_1_240' title='bbox 1250 2319 1458 2380; x_wconf 87' lang='lat' dir='ltr'><strong>demiscrrima</strong></span> 
     </span>
     <span class='ocr_line' id='line_1_26' title="bbox 276 2386 1457 2478; baseline -0.001 -18"><span class='ocrx_word' id='word_1_241' title='bbox 276 2386 350 2422; x_wconf 51' lang='lat'><strong>‘¹⁰⁶⁰&#39;</strong></span> <span class='ocrx_word' id='word_1_242' title='bbox 508 2410 690 2478; x_wconf 84' lang='lat' dir='ltr'><strong>peccatorum</strong></span> <span class='ocrx_word' id='word_1_243' title='bbox 702 2401 874 2476; x_wconf 89' lang='lat' dir='ltr'><strong>conditione,</strong></span> <span class='ocrx_word' id='word_1_244' title='bbox 891 2410 920 2460; x_wconf 88' lang='lat' dir='ltr'><strong>et</strong></span> <span class='ocrx_word' id='word_1_245' title='bbox 931 2401 1013 2459; x_wconf 89' lang='lat' dir='ltr'><strong>totali</strong></span> <span class='ocrx_word' id='word_1_246' title='bbox 1027 2421 1061 2458; x_wconf 91' lang='lat' dir='ltr'><strong>ac</strong></span> <span class='ocrx_word' id='word_1_247' title='bbox 1075 2401 1208 2458; x_wconf 89' lang='lat' dir='ltr'><strong>absoluta</strong></span> <span class='ocrx_word' id='word_1_248' title='bbox 1223 2399 1260 2458; x_wconf 90' lang='lat' dir='ltr'><strong>ad</strong></span> <span class='ocrx_word' id='word_1_249' title='bbox 1275 2401 1384 2460; x_wconf 91' lang='lat' dir='ltr'><strong>bonum</strong></span> <span class='ocrx_word' id='word_1_250' title='bbox 1404 2403 1457 2459; x_wconf 91' lang='lat' dir='ltr'><strong>im-</strong></span> 
     </span>
     <span class='ocr_line' id='line_1_27' title="bbox 247 2480 1461 2562; baseline -0.002 -20"><span class='ocrx_word' id='word_1_251' title='bbox 247 2483 384 2562; x_wconf 88' lang='lat' dir='ltr'><strong>potentia,</strong></span> <span class='ocrx_word' id='word_1_252' title='bbox 407 2500 496 2557; x_wconf 89' lang='lat' dir='ltr'><strong>quum</strong></span> <span class='ocrx_word' id='word_1_253' title='bbox 518 2501 568 2539; x_wconf 91' lang='lat' dir='ltr'><strong>eos</strong></span> <span class='ocrx_word' id='word_1_254' title='bbox 589 2499 647 2537; x_wconf 93' lang='lat' dir='ltr'><strong>non</strong></span> <span class='ocrx_word' id='word_1_255' title='bbox 668 2481 754 2538; x_wconf 87' lang='lat' dir='ltr'><strong>modo</strong></span> <span class='ocrx_word' id='word_1_256' title='bbox 777 2499 870 2555; x_wconf 87' lang='lat' dir='ltr'><strong>aegros</strong></span> <span class='ocrx_word' id='word_1_257' title='bbox 885 2489 913 2538; x_wconf 90' lang='lat' dir='ltr'><strong>et</strong></span> <span class='ocrx_word' id='word_1_258' title='bbox 927 2480 1064 2562; x_wconf 78' lang='lat' dir='ltr'><strong>infirmos,</strong></span> <span class='ocrx_word' id='word_1_259' title='bbox 1085 2481 1136 2539; x_wconf 89' lang='lat' dir='ltr'><strong>sed</strong></span> <span class='ocrx_word' id='word_1_260' title='bbox 1156 2490 1280 2540; x_wconf 83' lang='lat' dir='ltr'><strong>mortuos</strong></span> <span class='ocrx_word' id='word_1_261' title='bbox 1295 2482 1461 2557; x_wconf 71' lang='lat' dir='ltr'><strong>inpeccatis</strong></span> 
     </span>
     <span class='ocr_line' id='line_1_28' title="bbox 248 2559 1459 2638; baseline -0.002 -16"><span class='ocrx_word' id='word_1_262' title='bbox 248 2571 342 2638; x_wconf 89' lang='lat' dir='ltr'><strong>vocat,</strong></span> <span class='ocrx_word' id='word_1_263' title='bbox 360 2561 434 2638; x_wconf 90' lang='lat' dir='ltr'><strong>Eph.</strong></span> <span class='ocrx_word' id='word_1_264' title='bbox 450 2560 479 2618; x_wconf 92' lang='lat' dir='ltr'><strong>ii.</strong></span> <span class='ocrx_word' id='word_1_265' title='bbox 498 2563 523 2636; x_wconf 95' lang='lat' dir='ltr'><strong>l,</strong></span> <span class='ocrx_word' id='word_1_266' title='bbox 540 2564 576 2636; x_wconf 76' lang='lat'><strong>23</strong></span> <span class='ocrx_word' id='word_1_267' title='bbox 594 2559 696 2634; x_wconf 83' lang='lat' dir='ltr'><strong>Caeca,</strong></span> <span class='ocrx_word' id='word_1_268' title='bbox 718 2559 775 2616; x_wconf 91' lang='lat' dir='ltr'><strong>imo</strong></span> <span class='ocrx_word' id='word_1_269' title='bbox 790 2560 868 2635; x_wconf 85' lang='lat' dir='ltr'><strong>ipsas</strong></span> <span class='ocrx_word' id='word_1_270' title='bbox 890 2563 1023 2635; x_wconf 81' lang='lat' dir='ltr'><strong>tenebras,</strong></span> <span class='ocrx_word' id='word_1_271' title='bbox 1040 2561 1114 2636; x_wconf 89' lang='lat' dir='ltr'><strong>Eph.</strong></span> <span class='ocrx_word' id='word_1_272' title='bbox 1130 2560 1169 2619; x_wconf 91' lang='lat' dir='ltr'><strong>iv.</strong></span> <span class='ocrx_word' id='word_1_273' title='bbox 1187 2563 1232 2635; x_wconf 91' lang='lat'><strong>18,</strong></span> <span class='ocrx_word' id='word_1_274' title='bbox 1249 2568 1319 2619; x_wconf 87' lang='lat' dir='ltr'><strong>etv.</strong></span> <span class='ocrx_word' id='word_1_275' title='bbox 1337 2563 1372 2636; x_wconf 92' lang='lat'><strong>8;</strong></span> <span class='ocrx_word' id='word_1_276' title='bbox 1396 2563 1459 2620; x_wconf 82' lang='lat' dir='ltr'><strong>ani-</strong></span> 
     </span>
     <span class='ocr_line' id='line_1_29' title="bbox 247 2640 1459 2720; baseline -0.002 -18"><span class='ocrx_word' id='word_1_277' title='bbox 247 2646 342 2719; x_wconf 86' lang='lat' dir='ltr'><strong>males,</strong></span> <span class='ocrx_word' id='word_1_278' title='bbox 353 2642 403 2720; x_wconf 85' lang='lat' dir='ltr'><strong>qui</strong></span> <span class='ocrx_word' id='word_1_279' title='bbox 415 2661 470 2699; x_wconf 84' lang='lat' dir='ltr'><strong>aaa</strong></span> <span class='ocrx_word' id='word_1_280' title='bbox 479 2641 602 2717; x_wconf 81' lang='lat' dir='ltr'><strong>capiant,</strong></span> <span class='ocrx_word' id='word_1_281' title='bbox 614 2661 663 2698; x_wconf 82' lang='lat' dir='ltr'><strong>nec</strong></span> <span class='ocrx_word' id='word_1_282' title='bbox 674 2640 895 2715; x_wconf 80' lang='lat' dir='ltr'><strong>caperepossiat,</strong></span> <span class='ocrx_word' id='word_1_283' title='bbox 907 2661 969 2716; x_wconf 80' lang='lat' dir='ltr'><strong>qua</strong></span> <span class='ocrx_word' id='word_1_284' title='bbox 979 2650 1043 2698; x_wconf 85' lang='lat' dir='ltr'><strong>eunt</strong></span> <span class='ocrx_word' id='word_1_285' title='bbox 1051 2641 1175 2715; x_wconf 82' lang='lat' dir='ltr'><strong>Spiritus</strong></span> <span class='ocrx_word' id='word_1_286' title='bbox 1184 2640 1249 2715; x_wconf 82' lang='lat' dir='ltr'><strong>Dei,</strong></span> <span class='ocrx_word' id='word_1_287' title='bbox 1260 2645 1273 2698; x_wconf 96' lang='lat'>1</span> <span class='ocrx_word' id='word_1_288' title='bbox 1286 2641 1351 2700; x_wconf 90' lang='lat' dir='ltr'><strong>Cor.</strong></span> <span class='ocrx_word' id='word_1_289' title='bbox 1361 2641 1392 2700; x_wconf 92' lang='lat' dir='ltr'><strong>ii.</strong></span> <span class='ocrx_word' id='word_1_290' title='bbox 1405 2645 1459 2714; x_wconf 76' lang='lat'><strong>143</strong></span> 
     </span>
     <span class='ocr_line' id='line_1_30' title="bbox 244 2719 1460 2801; baseline -0.002 -18"><span class='ocrx_word' id='word_1_291' title='bbox 244 2725 356 2801; x_wconf 85' lang='lat' dir='ltr'><strong>peccati</strong></span> <span class='ocrx_word' id='word_1_292' title='bbox 367 2742 469 2795; x_wconf 80' lang='lat' dir='ltr'><strong>servos,</strong></span> <span class='ocrx_word' id='word_1_293' title='bbox 485 2722 555 2781; x_wconf 89' lang='lat' dir='ltr'><strong>Joh.</strong></span> <span class='ocrx_word' id='word_1_294' title='bbox 570 2720 632 2779; x_wconf 93' lang='lat' dir='ltr'><strong>viii.</strong></span> <span class='ocrx_word' id='word_1_295' title='bbox 648 2723 695 2795; x_wconf 75' lang='lat'><strong>34,</strong></span> <span class='ocrx_word' id='word_1_296' title='bbox 712 2721 797 2778; x_wconf 87' lang='lat' dir='ltr'><strong>Rom.</strong></span> <span class='ocrx_word' id='word_1_297' title='bbox 812 2719 851 2778; x_wconf 90' lang='lat' dir='ltr'><strong>vi.</strong></span> <span class='ocrx_word' id='word_1_298' title='bbox 870 2722 904 2778; x_wconf 87' lang='lat'><strong>19</strong></span> <span class='ocrx_word' id='word_1_299' title='bbox 917 2743 923 2796; x_wconf 87' lang='lat'><strong>;</strong></span> <span class='ocrx_word' id='word_1_300' title='bbox 946 2721 1004 2778; x_wconf 87' lang='lat' dir='ltr'><strong>Dei</strong></span> <span class='ocrx_word' id='word_1_301' title='bbox 1017 2721 1148 2793; x_wconf 82' lang='lat' dir='ltr'><strong>inimicos,</strong></span> <span class='ocrx_word' id='word_1_302' title='bbox 1160 2720 1221 2779; x_wconf 88' lang='lat' dir='ltr'><strong>Col.</strong></span> <span class='ocrx_word' id='word_1_303' title='bbox 1235 2721 1255 2778; x_wconf 94' lang='lat' dir='ltr'><strong>i.</strong></span> <span class='ocrx_word' id='word_1_304' title='bbox 1271 2724 1326 2796; x_wconf 72' lang='lat'><strong>213</strong></span> <span class='ocrx_word' id='word_1_305' title='bbox 1339 2723 1390 2797; x_wconf 83' lang='lat' dir='ltr'><strong>qui</strong></span> <span class='ocrx_word' id='word_1_306' title='bbox 1402 2743 1460 2780; x_wconf 81' lang='lat' dir='ltr'><strong>aaa</strong></span> 
     </span>
     <span class='ocr_line' id='line_1_31' title="bbox 247 2800 1458 2877; baseline -0.003 -13"><span class='ocrx_word' id='word_1_307' title='bbox 247 2807 330 2863; x_wconf 87' lang='lat' dir='ltr'><strong>modo</strong></span> <span class='ocrx_word' id='word_1_308' title='bbox 344 2823 400 2863; x_wconf 83' lang='lat' dir='ltr'><strong>noa</strong></span> <span class='ocrx_word' id='word_1_309' title='bbox 423 2802 604 2877; x_wconf 70' lang='lat' dir='ltr'><strong>subjiciantur</strong></span> <span class='ocrx_word' id='word_1_310' title='bbox 618 2801 691 2876; x_wconf 76' lang='lat' dir='ltr'><strong>Lepi</strong></span> <span class='ocrx_word' id='word_1_311' title='bbox 715 2800 780 2873; x_wconf 84' lang='lat' dir='ltr'><strong>Dei,</strong></span> <span class='ocrx_word' id='word_1_312' title='bbox 796 2802 847 2858; x_wconf 83' lang='lat' dir='ltr'><strong>aad</strong></span> <span class='ocrx_word' id='word_1_313' title='bbox 858 2800 908 2875; x_wconf 82' lang='lat' dir='ltr'><strong>qui</strong></span> <span class='ocrx_word' id='word_1_314' title='bbox 920 2821 954 2858; x_wconf 84' lang='lat' dir='ltr'><strong>ne</strong></span> <span class='ocrx_word' id='word_1_315' title='bbox 964 2800 1073 2875; x_wconf 80' lang='lat' dir='ltr'><strong>possint</strong></span> <span class='ocrx_word' id='word_1_316' title='bbox 1093 2801 1212 2876; x_wconf 82' lang='lat' dir='ltr'><strong>quidem,</strong></span> <span class='ocrx_word' id='word_1_317' title='bbox 1239 2800 1324 2858; x_wconf 90' lang='lat' dir='ltr'><strong>Rom.</strong></span> <span class='ocrx_word' id='word_1_318' title='bbox 1340 2801 1403 2860; x_wconf 89' lang='lat' dir='ltr'><strong>viii.</strong></span> <span class='ocrx_word' id='word_1_319' title='bbox 1419 2806 1436 2860; x_wconf 85' lang='grc'><strong>7</strong></span> <span class='ocrx_word' id='word_1_320' title='bbox 1451 2825 1458 2876; x_wconf 90' lang='grc'><strong>;</strong></span> 
     </span>
     <span class='ocr_line' id='line_1_32' title="bbox 248 2880 1462 2959; baseline -0.002 -16"><span class='ocrx_word' id='word_1_321' title='bbox 248 2905 306 2944; x_wconf 92' lang='lat' dir='ltr'><strong>uuo</strong></span> <span class='ocrx_word' id='word_1_322' title='bbox 321 2883 419 2958; x_wconf 88' lang='lat' dir='ltr'><strong>verbe,</strong></span> <span class='ocrx_word' id='word_1_323' title='bbox 434 2883 484 2959; x_wconf 80' lang='lat' dir='ltr'><strong>qui</strong></span> <span class='ocrx_word' id='word_1_324' title='bbox 495 2883 566 2940; x_wconf 81' lang='lat' dir='ltr'><strong>m&#39;tit</strong></span> <span class='ocrx_word' id='word_1_325' title='bbox 572 2882 683 2958; x_wconf 82' lang='lat' dir='ltr'><strong>possint</strong></span> <span class='ocrx_word' id='word_1_326' title='bbox 692 2881 880 2955; x_wconf 61' lang='lat' dir='ltr'><strong>accurrisset</strong></span> <span class='ocrx_word' id='word_1_327' title='bbox 893 2881 1024 2956; x_wconf 68' lang='lat' dir='ltr'><strong>ospitare,</strong></span> <span class='ocrx_word' id='word_1_328' title='bbox 1034 2883 1180 2954; x_wconf 76' lang='lat' dir='ltr'><strong>calfacere</strong></span> <span class='ocrx_word' id='word_1_329' title='bbox 1191 2881 1261 2954; x_wconf 85' lang='lat' dir='ltr'><strong>boni,</strong></span> <span class='ocrx_word' id='word_1_330' title='bbox 1276 2880 1298 2940; x_wconf 87' lang='lat' dir='ltr'>J</span> <span class='ocrx_word' id='word_1_331' title='bbox 1301 2881 1348 2939; x_wconf 93' lang='lat' dir='ltr'><strong>oh.</strong></span> <span class='ocrx_word' id='word_1_332' title='bbox 1363 2901 1415 2939; x_wconf 84' lang='lat' dir='ltr'><strong>xv.</strong></span> <span class='ocrx_word' id='word_1_333' title='bbox 1431 2885 1462 2959; x_wconf 86' lang='lat'><strong>5,</strong></span> 
     </span>
     <span class='ocr_line' id='line_1_33' title="bbox 249 2960 1464 3037; baseline -0.003 -13"><span class='ocrx_word' id='word_1_334' title='bbox 249 2973 278 3024; x_wconf 89' lang='lat' dir='ltr'><strong>et</strong></span> <span class='ocrx_word' id='word_1_335' title='bbox 293 2969 310 3022; x_wconf 81' lang='lat'><strong>2</strong></span> <span class='ocrx_word' id='word_1_336' title='bbox 327 2965 392 3024; x_wconf 89' lang='lat' dir='ltr'><strong>Cor.</strong></span> <span class='ocrx_word' id='word_1_337' title='bbox 404 2963 444 3020; x_wconf 89' lang='lat' dir='ltr'><strong>iii.</strong></span> <span class='ocrx_word' id='word_1_338' title='bbox 460 2965 495 3037; x_wconf 76' lang='lat'><strong>53</strong></span> <span class='ocrx_word' id='word_1_339' title='bbox 525 2961 676 3037; x_wconf 90' lang='lat' dir='ltr'><strong>Quomodo</strong></span> <span class='ocrx_word' id='word_1_340' title='bbox 699 2969 774 3018; x_wconf 87' lang='lat' dir='ltr'><strong>stare</strong></span> <span class='ocrx_word' id='word_1_341' title='bbox 788 2969 884 3036; x_wconf 89' lang='lat' dir='ltr'><strong>potest</strong></span> <span class='ocrx_word' id='word_1_342' title='bbox 897 2960 1075 3037; x_wconf 85' lang='lat' dir='ltr'><strong>hypothesis,</strong></span> <span class='ocrx_word' id='word_1_343' title='bbox 1098 2980 1162 3036; x_wconf 77' lang='lat' dir='ltr'><strong>quae</strong></span> <span class='ocrx_word' id='word_1_344' title='bbox 1177 2961 1277 3020; x_wconf 88' lang='lat' dir='ltr'><strong>statuit</strong></span> <span class='ocrx_word' id='word_1_345' title='bbox 1291 2961 1328 3018; x_wconf 87' lang='lat' dir='ltr'><strong>ad</strong></span> <span class='ocrx_word' id='word_1_346' title='bbox 1339 2981 1464 3020; x_wconf 85' lang='lat' dir='ltr'><strong>conver·</strong></span> 
     </span>
     <span class='ocr_line' id='line_1_34' title="bbox 248 3039 1463 3117; baseline -0.003 -13"><span class='ocrx_word' id='word_1_347' title='bbox 248 3043 368 3104; x_wconf 88' lang='lat' dir='ltr'><strong>tendum</strong></span> <span class='ocrx_word' id='word_1_348' title='bbox 388 3043 542 3117; x_wconf 92' lang='lat' dir='ltr'><strong>hominem,</strong></span> <span class='ocrx_word' id='word_1_349' title='bbox 558 3041 632 3099; x_wconf 92' lang='lat' dir='ltr'><strong>nihil</strong></span> <span class='ocrx_word' id='word_1_350' title='bbox 653 3039 733 3099; x_wconf 87' lang='lat' dir='ltr'><strong>aliud</strong></span> <span class='ocrx_word' id='word_1_351' title='bbox 747 3040 862 3116; x_wconf 91' lang='lat' dir='ltr'><strong>requiri,</strong></span> <span class='ocrx_word' id='word_1_352' title='bbox 878 3059 964 3116; x_wconf 91' lang='lat' dir='ltr'><strong>quam</strong></span> <span class='ocrx_word' id='word_1_353' title='bbox 979 3040 1116 3098; x_wconf 86' lang='lat' dir='ltr'><strong>moralem</strong></span> <span class='ocrx_word' id='word_1_354' title='bbox 1131 3041 1292 3098; x_wconf 86' lang='lat' dir='ltr'><strong>suasionem</strong></span> <span class='ocrx_word' id='word_1_355' title='bbox 1307 3049 1337 3099; x_wconf 88' lang='lat' dir='ltr'><strong>et</strong></span> <span class='ocrx_word' id='word_1_356' title='bbox 1351 3041 1463 3117; x_wconf 88' lang='lat' dir='ltr'><strong>objecti</strong></span> 
     </span>
     <span class='ocr_line' id='line_1_35' title="bbox 251 3119 1463 3201; baseline -0.002 -19"><span class='ocrx_word' id='word_1_357' title='bbox 251 3123 424 3201; x_wconf 84' lang='lat' dir='ltr'><strong>Evangelici</strong></span> <span class='ocrx_word' id='word_1_358' title='bbox 432 3121 657 3200; x_wconf 87' lang='lat' dir='ltr'><strong>propositionem</strong></span> <span class='ocrx_word' id='word_1_359' title='bbox 666 3120 814 3179; x_wconf 91' lang='lat' dir='ltr'><strong>commode</strong></span> <span class='ocrx_word' id='word_1_360' title='bbox 826 3128 855 3177; x_wconf 92' lang='lat' dir='ltr'><strong>et</strong></span> <span class='ocrx_word' id='word_1_361' title='bbox 866 3127 1025 3196; x_wconf 89' lang='lat' dir='ltr'><strong>opportune</strong></span> <span class='ocrx_word' id='word_1_362' title='bbox 1039 3119 1167 3179; x_wconf 79' lang='lat' dir='ltr'><strong>factam?</strong></span> <span class='ocrx_word' id='word_1_363' title='bbox 1208 3120 1250 3180; x_wconf 83' lang='lat' dir='ltr'><strong>At</strong></span> <span class='ocrx_word' id='word_1_364' title='bbox 1261 3120 1286 3178; x_wconf 91' lang='lat' dir='ltr'><strong>si</strong></span> <span class='ocrx_word' id='word_1_365' title='bbox 1294 3120 1367 3178; x_wconf 92' lang='lat' dir='ltr'><strong>nihil</strong></span> <span class='ocrx_word' id='word_1_366' title='bbox 1378 3121 1463 3180; x_wconf 84' lang='lat' dir='ltr'><strong>aliud</strong></span> 
     </span>
     <span class='ocr_line' id='line_1_36' title="bbox 250 3198 1463 3281; baseline -0.004 -19"><span class='ocrx_word' id='word_1_367' title='bbox 250 3204 406 3281; x_wconf 88' lang='lat' dir='ltr'><strong>requiritur</strong></span> <span class='ocrx_word' id='word_1_368' title='bbox 419 3201 457 3260; x_wconf 90' lang='lat' dir='ltr'><strong>ad</strong></span> <span class='ocrx_word' id='word_1_369' title='bbox 472 3201 629 3260; x_wconf 87' lang='lat' dir='ltr'><strong>sanandam</strong></span> <span class='ocrx_word' id='word_1_370' title='bbox 644 3201 787 3275; x_wconf 88' lang='lat' dir='ltr'><strong>auimam;</strong></span> <span class='ocrx_word' id='word_1_371' title='bbox 811 3199 961 3273; x_wconf 91' lang='lat' dir='ltr'><strong>Quomodo</strong></span> <span class='ocrx_word' id='word_1_372' title='bbox 976 3198 1081 3258; x_wconf 90' lang='lat' dir='ltr'><strong>dicitur</strong></span> <span class='ocrx_word' id='word_1_373' title='bbox 1095 3199 1132 3257; x_wconf 91' lang='lat' dir='ltr'><strong>ad</strong></span> <span class='ocrx_word' id='word_1_374' title='bbox 1146 3201 1253 3260; x_wconf 89' lang='lat' dir='ltr'><strong>bouum</strong></span> <span class='ocrx_word' id='word_1_375' title='bbox 1268 3200 1352 3276; x_wconf 89' lang='lat' dir='ltr'><strong>plane</strong></span> <span class='ocrx_word' id='word_1_376' title='bbox 1367 3201 1463 3278; x_wconf 88' lang='lat' dir='ltr'><strong>impo-</strong></span> 
     </span>
     <span class='ocr_line' id='line_1_37' title="bbox 250 3279 1462 3358; baseline -0.001 -17"><span class='ocrx_word' id='word_1_377' title='bbox 250 3293 324 3358; x_wconf 87' lang='lat' dir='ltr'><strong>tens,</strong></span> <span class='ocrx_word' id='word_1_378' title='bbox 340 3283 398 3340; x_wconf 90' lang='lat' dir='ltr'><strong>imo</strong></span> <span class='ocrx_word' id='word_1_379' title='bbox 412 3285 546 3340; x_wconf 87' lang='lat' dir='ltr'><strong>mortua?</strong></span> <span class='ocrx_word' id='word_1_380' title='bbox 587 3279 659 3355; x_wconf 89' lang='lat' dir='ltr'><strong>Quis</strong></span> <span class='ocrx_word' id='word_1_381' title='bbox 674 3280 735 3338; x_wconf 89' lang='lat' dir='ltr'><strong>sola</strong></span> <span class='ocrx_word' id='word_1_382' title='bbox 749 3279 864 3356; x_wconf 90' lang='lat' dir='ltr'><strong>objecti,</strong></span> <span class='ocrx_word' id='word_1_383' title='bbox 886 3279 964 3356; x_wconf 89' lang='lat' dir='ltr'><strong>quod</strong></span> <span class='ocrx_word' id='word_1_384' title='bbox 985 3279 1131 3338; x_wconf 87' lang='lat' dir='ltr'><strong>moraliter</strong></span> <span class='ocrx_word' id='word_1_385' title='bbox 1144 3289 1256 3340; x_wconf 87' lang='lat' dir='ltr'><strong>tantum</strong></span> <span class='ocrx_word' id='word_1_386' title='bbox 1271 3289 1300 3339; x_wconf 91' lang='lat' dir='ltr'><strong>et</strong></span> <span class='ocrx_word' id='word_1_387' title='bbox 1314 3281 1462 3356; x_wconf 81' lang='lat' dir='ltr'><strong>objectiva</strong></span> 
     </span>
    </p>
   </div>
   <div class='ocr_carea' id='block_1_2' title="bbox 252 3349 1574 3438">
    <p class='ocr_par' dir='ltr' id='par_1_5' title="bbox 252 3349 1574 3438">
     <span class='ocr_line' id='line_1_38' title="bbox 252 3349 1574 3438; baseline -0.001 -17"><span class='ocrx_word' id='word_1_388' title='bbox 252 3363 321 3438; x_wconf 88' lang='lat' dir='ltr'><strong>agit,</strong></span> <span class='ocrx_word' id='word_1_389' title='bbox 337 3361 541 3438; x_wconf 89' lang='lat' dir='ltr'><strong>propositione,</strong></span> <span class='ocrx_word' id='word_1_390' title='bbox 567 3359 753 3436; x_wconf 88' lang='lat' dir='ltr'><strong>quantumvis</strong></span> <span class='ocrx_word' id='word_1_391' title='bbox 774 3367 933 3436; x_wconf 89' lang='lat' dir='ltr'><strong>opportune</strong></span> <span class='ocrx_word' id='word_1_392' title='bbox 952 3359 1036 3434; x_wconf 86' lang='lat' dir='ltr'><strong>facta,</strong></span> <span class='ocrx_word' id='word_1_393' title='bbox 1057 3369 1202 3420; x_wconf 90' lang='lat' dir='ltr'><strong>mortuum</strong></span> <span class='ocrx_word' id='word_1_394' title='bbox 1217 3359 1349 3419; x_wconf 87' lang='lat' dir='ltr'><strong>suscitari</strong></span> <span class='ocrx_word' id='word_1_395' title='bbox 1372 3380 1463 3438; x_wconf 84' lang='lat' dir='ltr'><strong>posse</strong></span> <span class='ocrx_word' id='word_1_396' title='bbox 1573 3349 1574 3362; x_wconf 39' lang='lat'><strong>³</strong></span> 
     </span>
    </p>
   </div>
   <div class='ocr_carea' id='block_1_3' title="bbox 252 3439 1461 3517">
    <p class='ocr_par' dir='ltr' id='par_1_6' title="bbox 252 3439 1461 3517">
     <span class='ocr_line' id='line_1_39' title="bbox 252 3439 1461 3517; baseline -0.002 -17"><span class='ocrx_word' id='word_1_397' title='bbox 252 3439 428 3500; x_wconf 83' lang='lat' dir='ltr'><strong>crediderit?</strong></span> <span class='ocrx_word' id='word_1_398' title='bbox 449 3439 520 3513; x_wconf 89' lang='lat' dir='ltr'><strong>Quis</strong></span> <span class='ocrx_word' id='word_1_399' title='bbox 534 3458 592 3496; x_wconf 89' lang='lat' dir='ltr'><strong>non</strong></span> <span class='ocrx_word' id='word_1_400' title='bbox 606 3447 705 3496; x_wconf 88' lang='lat' dir='ltr'><strong>contra</strong></span> <span class='ocrx_word' id='word_1_401' title='bbox 727 3447 865 3515; x_wconf 84' lang='lat' dir='ltr'><strong>agnoscat</strong></span> <span class='ocrx_word' id='word_1_402' title='bbox 885 3440 1086 3498; x_wconf 87' lang='lat' dir='ltr'><strong>necessitatem</strong></span> <span class='ocrx_word' id='word_1_403' title='bbox 1101 3440 1210 3498; x_wconf 73' lang='lat' dir='ltr'><strong>Gratia</strong></span> <span class='ocrx_word' id='word_1_404' title='bbox 1224 3440 1347 3517; x_wconf 88' lang='lat' dir='ltr'><strong>alicujus</strong></span> <span class='ocrx_word' id='word_1_405' title='bbox 1366 3442 1461 3498; x_wconf 89' lang='lat' dir='ltr'><strong>omni·</strong></span> 
     </span>
    </p>
   </div>
   <div class='ocr_carea' id='block_1_4' title="bbox 251 3517 1574 3674">
    <p class='ocr_par' dir='ltr' id='par_1_7' title="bbox 251 3517 1574 3674">
     <span class='ocr_line' id='line_1_40' title="bbox 251 3517 1574 3600; baseline 0.001 -22"><span class='ocrx_word' id='word_1_406' title='bbox 251 3519 388 3598; x_wconf 90' lang='lat' dir='ltr'><strong>potentis,</strong></span> <span class='ocrx_word' id='word_1_407' title='bbox 403 3539 468 3595; x_wconf 85' lang='lat' dir='ltr'><strong>quae</strong></span> <span class='ocrx_word' id='word_1_408' title='bbox 479 3537 583 3576; x_wconf 90' lang='lat' dir='ltr'><strong>novam</strong></span> <span class='ocrx_word' id='word_1_409' title='bbox 595 3517 638 3574; x_wconf 93' lang='lat' dir='ltr'><strong>illi</strong></span> <span class='ocrx_word' id='word_1_410' title='bbox 647 3517 745 3592; x_wconf 88' lang='lat' dir='ltr'><strong>vitam,</strong></span> <span class='ocrx_word' id='word_1_411' title='bbox 756 3537 904 3594; x_wconf 89' lang='lat' dir='ltr'><strong>novasque</strong></span> <span class='ocrx_word' id='word_1_412' title='bbox 914 3518 951 3576; x_wconf 90' lang='lat' dir='ltr'><strong>ad</strong></span> <span class='ocrx_word' id='word_1_413' title='bbox 962 3519 1136 3578; x_wconf 90' lang='lat' dir='ltr'><strong>credendum</strong></span> <span class='ocrx_word' id='word_1_414' title='bbox 1151 3529 1180 3578; x_wconf 88' lang='lat' dir='ltr'><strong>et</strong></span> <span class='ocrx_word' id='word_1_415' title='bbox 1194 3519 1370 3597; x_wconf 86' lang='lat' dir='ltr'><strong>operandum</strong></span> <span class='ocrx_word' id='word_1_416' title='bbox 1380 3521 1463 3580; x_wconf 88' lang='lat' dir='ltr'><strong>vires</strong></span> <span class='ocrx_word' id='word_1_417' title='bbox 1573 3567 1574 3600; x_wconf 79' lang='lat'><strong>,</strong></span> 
     </span>
     <span class='ocr_line' id='line_1_41' title="bbox 253 3596 1574 3674; baseline 0.002 -18"><span class='ocrx_word' id='word_1_418' title='bbox 253 3597 405 3657; x_wconf 84' lang='lat' dir='ltr'><strong>infundat?</strong></span> <span class='ocrx_word' id='word_1_419' title='bbox 427 3597 465 3656; x_wconf 87' lang='lat' dir='ltr'><strong>Et</strong></span> <span class='ocrx_word' id='word_1_420' title='bbox 479 3605 511 3656; x_wconf 93' lang='lat' dir='ltr'><strong>ut</strong></span> <span class='ocrx_word' id='word_1_421' title='bbox 525 3597 562 3655; x_wconf 89' lang='lat' dir='ltr'><strong>ed</strong></span> <span class='ocrx_word' id='word_1_422' title='bbox 576 3596 718 3654; x_wconf 86' lang='lat' dir='ltr'><strong>visionem</strong></span> <span class='ocrx_word' id='word_1_423' title='bbox 739 3596 911 3656; x_wconf 89' lang='lat' dir='ltr'><strong>eliciendam</strong></span> <span class='ocrx_word' id='word_1_424' title='bbox 932 3598 962 3655; x_wconf 92' lang='lat' dir='ltr'><strong>in</strong></span> <span class='ocrx_word' id='word_1_425' title='bbox 984 3619 1069 3674; x_wconf 90' lang='lat' dir='ltr'><strong>caeco,</strong></span> <span class='ocrx_word' id='word_1_426' title='bbox 1092 3607 1121 3658; x_wconf 92' lang='lat' dir='ltr'><strong>et</strong></span> <span class='ocrx_word' id='word_1_427' title='bbox 1144 3600 1213 3658; x_wconf 75' lang='lat' dir='ltr'><strong>vitre</strong></span> <span class='ocrx_word' id='word_1_428' title='bbox 1234 3600 1405 3659; x_wconf 85' lang='lat' dir='ltr'><strong>exercitium</strong></span> <span class='ocrx_word' id='word_1_429' title='bbox 1429 3601 1463 3658; x_wconf 87' lang='lat' dir='ltr'><strong>in</strong></span> <span class='ocrx_word' id='word_1_430' title='bbox 1573 3609 1574 3618; x_wconf 59' lang='lat'>¹</span> 
     </span>
    </p>
   </div>
   <div class='ocr_carea' id='block_1_5' title="bbox 252 3675 1464 4238">
    <p class='ocr_par' dir='ltr' id='par_1_8' title="bbox 252 3675 1464 4238">
     <span class='ocr_line' id='line_1_42' title="bbox 253 3675 1460 3756; baseline 0.002 -20"><span class='ocrx_word' id='word_1_431' title='bbox 253 3685 375 3752; x_wconf 89' lang='lat' dir='ltr'><strong>mortuo,</strong></span> <span class='ocrx_word' id='word_1_432' title='bbox 391 3697 449 3734; x_wconf 92' lang='lat' dir='ltr'><strong>non</strong></span> <span class='ocrx_word' id='word_1_433' title='bbox 465 3676 569 3734; x_wconf 90' lang='lat' dir='ltr'><strong>sufficit</strong></span> <span class='ocrx_word' id='word_1_434' title='bbox 583 3675 706 3752; x_wconf 89' lang='lat' dir='ltr'><strong>simplex</strong></span> <span class='ocrx_word' id='word_1_435' title='bbox 720 3677 826 3753; x_wconf 91' lang='lat' dir='ltr'><strong>objecti</strong></span> <span class='ocrx_word' id='word_1_436' title='bbox 847 3678 1013 3754; x_wconf 86' lang='lat' dir='ltr'><strong>propositio,</strong></span> <span class='ocrx_word' id='word_1_437' title='bbox 1030 3679 1081 3737; x_wconf 90' lang='lat' dir='ltr'><strong>sed</strong></span> <span class='ocrx_word' id='word_1_438' title='bbox 1094 3680 1249 3756; x_wconf 88' lang='lat' dir='ltr'><strong>requiritur</strong></span> <span class='ocrx_word' id='word_1_439' title='bbox 1262 3679 1404 3756; x_wconf 87' lang='lat' dir='ltr'><strong>imprimis</strong></span> <span class='ocrx_word' id='word_1_440' title='bbox 1418 3679 1460 3738; x_wconf 88' lang='lat' dir='ltr'><strong>fa·</strong></span> 
     </span>
     <span class='ocr_line' id='line_1_43' title="bbox 253 3757 1461 3836; baseline 0.001 -19"><span class='ocrx_word' id='word_1_441' title='bbox 253 3757 370 3817; x_wconf 90' lang='lat' dir='ltr'><strong>cultatis</strong></span> <span class='ocrx_word' id='word_1_442' title='bbox 384 3757 486 3815; x_wconf 86' lang='lat' dir='ltr'><strong>visivae</strong></span> <span class='ocrx_word' id='word_1_443' title='bbox 501 3775 565 3834; x_wconf 91' lang='lat' dir='ltr'><strong>quae</strong></span> <span class='ocrx_word' id='word_1_444' title='bbox 589 3764 722 3832; x_wconf 87' lang='lat' dir='ltr'><strong>corrupta</strong></span> <span class='ocrx_word' id='word_1_445' title='bbox 736 3764 780 3815; x_wconf 90' lang='lat' dir='ltr'><strong>est</strong></span> <span class='ocrx_word' id='word_1_446' title='bbox 794 3757 972 3834; x_wconf 88' lang='lat' dir='ltr'><strong>restauratio,</strong></span> <span class='ocrx_word' id='word_1_447' title='bbox 988 3767 1018 3816; x_wconf 90' lang='lat' dir='ltr'><strong>et</strong></span> <span class='ocrx_word' id='word_1_448' title='bbox 1031 3759 1099 3818; x_wconf 81' lang='lat' dir='ltr'><strong>vitae</strong></span> <span class='ocrx_word' id='word_1_449' title='bbox 1113 3779 1165 3836; x_wconf 88' lang='lat' dir='ltr'><strong>per</strong></span> <span class='ocrx_word' id='word_1_450' title='bbox 1177 3767 1299 3818; x_wconf 89' lang='lat' dir='ltr'><strong>mortem</strong></span> <span class='ocrx_word' id='word_1_451' title='bbox 1321 3760 1461 3819; x_wconf 73' lang='lat' dir='ltr'><strong>extinctae</strong></span> 
     </span>
     <span class='ocr_line' id='line_1_44' title="bbox 254 3835 1462 3914; baseline 0 -16"><span class='ocrx_word' id='word_1_452' title='bbox 254 3837 396 3914; x_wconf 77' lang='lat' dir='ltr'><strong>redditi03</strong></span> <span class='ocrx_word' id='word_1_453' title='bbox 420 3837 467 3896; x_wconf 90' lang='lat' dir='ltr'><strong>Ita</strong></span> <span class='ocrx_word' id='word_1_454' title='bbox 480 3835 517 3894; x_wconf 88' lang='lat' dir='ltr'><strong>ad</strong></span> <span class='ocrx_word' id='word_1_455' title='bbox 536 3835 678 3894; x_wconf 87' lang='lat' dir='ltr'><strong>visionem</strong></span> <span class='ocrx_word' id='word_1_456' title='bbox 693 3835 870 3913; x_wconf 84' lang='lat' dir='ltr'><strong>spiritualem</strong></span> <span class='ocrx_word' id='word_1_457' title='bbox 885 3837 961 3912; x_wconf 91' lang='lat' dir='ltr'><strong>fidei,</strong></span> <span class='ocrx_word' id='word_1_458' title='bbox 974 3857 1033 3896; x_wconf 89' lang='lat' dir='ltr'><strong>non</strong></span> <span class='ocrx_word' id='word_1_459' title='bbox 1046 3837 1151 3898; x_wconf 91' lang='lat' dir='ltr'><strong>sufficit</strong></span> <span class='ocrx_word' id='word_1_460' title='bbox 1166 3839 1303 3898; x_wconf 78' lang='lat' dir='ltr'><strong>doctrinae</strong></span> <span class='ocrx_word' id='word_1_461' title='bbox 1317 3839 1348 3898; x_wconf 86' lang='lat' dir='ltr'><strong>in</strong></span> <span class='ocrx_word' id='word_1_462' title='bbox 1359 3839 1462 3899; x_wconf 87' lang='lat' dir='ltr'><strong>Verbo</strong></span> 
     </span>
     <span class='ocr_line' id='line_1_45' title="bbox 252 3914 1461 3996; baseline 0 -18"><span class='ocrx_word' id='word_1_463' title='bbox 252 3918 400 3992; x_wconf 88' lang='lat' dir='ltr'><strong>revelatio,</strong></span> <span class='ocrx_word' id='word_1_464' title='bbox 416 3917 472 3975; x_wconf 91' lang='lat' dir='ltr'><strong>nisi</strong></span> <span class='ocrx_word' id='word_1_465' title='bbox 487 3917 565 3974; x_wconf 87' lang='lat' dir='ltr'><strong>intus</strong></span> <span class='ocrx_word' id='word_1_466' title='bbox 576 3914 697 3974; x_wconf 87' lang='lat' dir='ltr'><strong>facultas</strong></span> <span class='ocrx_word' id='word_1_467' title='bbox 712 3925 846 3991; x_wconf 84' lang='lat' dir='ltr'><strong>corrupta</strong></span> <span class='ocrx_word' id='word_1_468' title='bbox 857 3927 981 3992; x_wconf 88' lang='lat' dir='ltr'><strong>sanetur,</strong></span> <span class='ocrx_word' id='word_1_469' title='bbox 997 3927 1026 3978; x_wconf 92' lang='lat' dir='ltr'><strong>et</strong></span> <span class='ocrx_word' id='word_1_470' title='bbox 1040 3919 1078 3976; x_wconf 90' lang='lat' dir='ltr'><strong>ad</strong></span> <span class='ocrx_word' id='word_1_471' title='bbox 1092 3919 1237 3996; x_wconf 89' lang='lat' dir='ltr'><strong>objectum</strong></span> <span class='ocrx_word' id='word_1_472' title='bbox 1261 3918 1461 3995; x_wconf 87' lang='lat' dir='ltr'><strong>recipiendum</strong></span> 
     </span>
     <span class='ocr_line' id='line_1_46' title="bbox 254 3996 1464 4076; baseline 0.001 -19"><span class='ocrx_word' id='word_1_473' title='bbox 254 3999 431 4076; x_wconf 89' lang='lat' dir='ltr'><strong>disponatur.</strong></span> <span class='ocrx_word' id='word_1_474' title='bbox 475 3997 535 4056; x_wconf 90' lang='lat' dir='ltr'><strong>Nec</strong></span> <span class='ocrx_word' id='word_1_475' title='bbox 557 3996 627 4054; x_wconf 88' lang='lat' dir='ltr'><strong>satis</strong></span> <span class='ocrx_word' id='word_1_476' title='bbox 648 4005 692 4055; x_wconf 89' lang='lat' dir='ltr'><strong>cst</strong></span> <span class='ocrx_word' id='word_1_477' title='bbox 712 3996 750 4054; x_wconf 89' lang='lat' dir='ltr'><strong>ad</strong></span> <span class='ocrx_word' id='word_1_478' title='bbox 770 3997 1006 4056; x_wconf 88' lang='lat' dir='ltr'><strong>resurrectionem</strong></span> <span class='ocrx_word' id='word_1_479' title='bbox 1020 3999 1126 4056; x_wconf 89' lang='lat' dir='ltr'><strong>mortui</strong></span> <span class='ocrx_word' id='word_1_480' title='bbox 1144 3997 1243 4056; x_wconf 90' lang='lat' dir='ltr'><strong>valido</strong></span> <span class='ocrx_word' id='word_1_481' title='bbox 1257 3998 1382 4058; x_wconf 89' lang='lat' dir='ltr'><strong>clamore</strong></span> <span class='ocrx_word' id='word_1_482' title='bbox 1397 4019 1464 4058; x_wconf 88' lang='lat' dir='ltr'><strong>eum</strong></span> 
     </span>
     <span class='ocr_line' id='line_1_47' title="bbox 252 4077 1462 4156; baseline -0.002 -18"><span class='ocrx_word' id='word_1_483' title='bbox 252 4088 287 4138; x_wconf 89' lang='lat' dir='ltr'><strong>ut</strong></span> <span class='ocrx_word' id='word_1_484' title='bbox 300 4079 359 4137; x_wconf 84' lang='lat' dir='ltr'><strong>alto</strong></span> <span class='ocrx_word' id='word_1_485' title='bbox 374 4077 499 4156; x_wconf 88' lang='lat' dir='ltr'><strong>sopitum</strong></span> <span class='ocrx_word' id='word_1_486' title='bbox 514 4096 614 4136; x_wconf 90' lang='lat' dir='ltr'><strong>somno</strong></span> <span class='ocrx_word' id='word_1_487' title='bbox 629 4077 764 4152; x_wconf 86' lang='lat' dir='ltr'><strong>excitare,</strong></span> <span class='ocrx_word' id='word_1_488' title='bbox 774 4078 829 4135; x_wconf 89' lang='lat' dir='ltr'><strong>nisi</strong></span> <span class='ocrx_word' id='word_1_489' title='bbox 841 4097 905 4136; x_wconf 91' lang='lat' dir='ltr'><strong>cum</strong></span> <span class='ocrx_word' id='word_1_490' title='bbox 921 4085 1041 4135; x_wconf 89' lang='lat' dir='ltr'><strong>externa</strong></span> <span class='ocrx_word' id='word_1_491' title='bbox 1054 4098 1126 4136; x_wconf 90' lang='lat' dir='ltr'><strong>voce</strong></span> <span class='ocrx_word' id='word_1_492' title='bbox 1141 4078 1186 4136; x_wconf 90' lang='lat' dir='ltr'><strong>vis</strong></span> <span class='ocrx_word' id='word_1_493' title='bbox 1201 4078 1314 4137; x_wconf 88' lang='lat' dir='ltr'><strong>interna</strong></span> <span class='ocrx_word' id='word_1_494' title='bbox 1328 4087 1358 4137; x_wconf 90' lang='lat' dir='ltr'><strong>at</strong></span> <span class='ocrx_word' id='word_1_495' title='bbox 1368 4080 1462 4137; x_wconf 88' lang='lat' dir='ltr'><strong>omni-</strong></span> 
     </span>
     <span class='ocr_line' id='line_1_48' title="bbox 253 4157 1462 4238; baseline 0.001 -20"><span class='ocrx_word' id='word_1_496' title='bbox 253 4167 357 4238; x_wconf 86' lang='lat' dir='ltr'><strong>potens</strong></span> <span class='ocrx_word' id='word_1_497' title='bbox 371 4157 502 4234; x_wconf 88' lang='lat' dir='ltr'><strong>addatur,</strong></span> <span class='ocrx_word' id='word_1_498' title='bbox 518 4177 582 4234; x_wconf 91' lang='lat' dir='ltr'><strong>quae</strong></span> <span class='ocrx_word' id='word_1_499' title='bbox 597 4157 640 4215; x_wconf 94' lang='lat' dir='ltr'><strong>illi</strong></span> <span class='ocrx_word' id='word_1_500' title='bbox 655 4157 744 4216; x_wconf 88' lang='lat' dir='ltr'><strong>vitam</strong></span> <span class='ocrx_word' id='word_1_501' title='bbox 754 4158 894 4216; x_wconf 89' lang='lat' dir='ltr'><strong>restituat.</strong></span> <span class='ocrx_word' id='word_1_502' title='bbox 938 4157 1044 4216; x_wconf 84' lang='lat' dir='ltr'><strong>Fateor</strong></span> <span class='ocrx_word' id='word_1_503' title='bbox 1055 4158 1208 4216; x_wconf 83' lang='lat' dir='ltr'><strong>discrimen</strong></span> <span class='ocrx_word' id='word_1_504' title='bbox 1218 4157 1462 4218; x_wconf 73' lang='lat' dir='ltr'><strong>intercessitatem</strong></span> 
     </span>
    </p>
   </div>
   <div class='ocr_carea' id='block_1_6' title="bbox 254 4237 1573 4315">
    <p class='ocr_par' dir='ltr' id='par_1_9' title="bbox 254 4237 1573 4315">
     <span class='ocr_line' id='line_1_49' title="bbox 254 4237 1573 4315; baseline 0.001 -18"><span class='ocrx_word' id='word_1_505' title='bbox 254 4247 284 4297; x_wconf 90' lang='lat' dir='ltr'><strong>et</strong></span> <span class='ocrx_word' id='word_1_506' title='bbox 307 4247 428 4298; x_wconf 91' lang='lat' dir='ltr'><strong>mortem</strong></span> <span class='ocrx_word' id='word_1_507' title='bbox 450 4237 627 4314; x_wconf 84' lang='lat' dir='ltr'><strong>spiritualem</strong></span> <span class='ocrx_word' id='word_1_508' title='bbox 642 4245 671 4296; x_wconf 87' lang='lat' dir='ltr'><strong>ct</strong></span> <span class='ocrx_word' id='word_1_509' title='bbox 685 4256 850 4313; x_wconf 89' lang='lat' dir='ltr'><strong>corpoream</strong></span> <span class='ocrx_word' id='word_1_510' title='bbox 864 4237 894 4293; x_wconf 92' lang='lat' dir='ltr'><strong>in</strong></span> <span class='ocrx_word' id='word_1_511' title='bbox 909 4255 942 4294; x_wconf 87' lang='lat' dir='ltr'><strong>eo</strong></span> <span class='ocrx_word' id='word_1_512' title='bbox 957 4255 1114 4314; x_wconf 87' lang='lat' dir='ltr'><strong>occurrere,</strong></span> <span class='ocrx_word' id='word_1_513' title='bbox 1137 4237 1258 4314; x_wconf 87' lang='lat' dir='ltr'><strong>quadiu</strong></span> <span class='ocrx_word' id='word_1_514' title='bbox 1272 4237 1462 4315; x_wconf 88' lang='lat' dir='ltr'><strong>istaquidem</strong></span> <span class='ocrx_word' id='word_1_515' title='bbox 1572 4251 1573 4306; x_wconf 54' lang='grc' dir='ltr'>ζ</span> 
     </span>
    </p>
   </div>
   <div class='ocr_carea' id='block_1_7' title="bbox 253 4315 1573 4456">
    <p class='ocr_par' dir='ltr' id='par_1_10' title="bbox 253 4315 1573 4456">
     <span class='ocr_line' id='line_1_50' title="bbox 253 4315 1573 4456; baseline -0.002 -78"><span class='ocrx_word' id='word_1_516' title='bbox 253 4317 376 4378; x_wconf 86' lang='lat' dir='ltr'><strong>facultas</strong></span> <span class='ocrx_word' id='word_1_517' title='bbox 390 4318 485 4376; x_wconf 89' lang='lat' dir='ltr'><strong>visive</strong></span> <span class='ocrx_word' id='word_1_518' title='bbox 501 4327 530 4376; x_wconf 91' lang='lat' dir='ltr'><strong>et</strong></span> <span class='ocrx_word' id='word_1_519' title='bbox 550 4316 648 4375; x_wconf 88' lang='lat' dir='ltr'><strong>vitalis</strong></span> <span class='ocrx_word' id='word_1_520' title='bbox 662 4317 777 4392; x_wconf 89' lang='lat' dir='ltr'><strong>penitus</strong></span> <span class='ocrx_word' id='word_1_521' title='bbox 791 4315 944 4391; x_wconf 86' lang='lat' dir='ltr'><strong>sitablata,</strong></span> <span class='ocrx_word' id='word_1_522' title='bbox 967 4317 1019 4375; x_wconf 89' lang='lat' dir='ltr'><strong>sed</strong></span> <span class='ocrx_word' id='word_1_523' title='bbox 1041 4337 1093 4395; x_wconf 90' lang='lat' dir='ltr'><strong>per</strong></span> <span class='ocrx_word' id='word_1_524' title='bbox 1103 4327 1256 4456; x_wconf 74' lang='lat' dir='ltr'><strong>peccatum</strong></span> <span class='ocrx_word' id='word_1_525' title='bbox 1270 4326 1384 4377; x_wconf 88' lang='lat' dir='ltr'><strong>tautum</strong></span> <span class='ocrx_word' id='word_1_526' title='bbox 1399 4339 1463 4378; x_wconf 88' lang='lat' dir='ltr'><strong>eor-</strong></span> <span class='ocrx_word' id='word_1_527' title='bbox 1572 4327 1573 4336; x_wconf 59' lang='lat'>¹</span> 
     </span>
    </p>
   </div>
   <div class='ocr_carea' id='block_1_8' title="bbox 253 4394 1466 4717">
    <p class='ocr_par' dir='ltr' id='par_1_11' title="bbox 253 4394 1466 4717">
     <span class='ocr_line' id='line_1_51' title="bbox 254 4394 1463 4476; baseline 0.002 -20"><span class='ocrx_word' id='word_1_528' title='bbox 254 4405 340 4474; x_wconf 89' lang='lat' dir='ltr'><strong>rupta</strong></span> <span class='ocrx_word' id='word_1_529' title='bbox 355 4397 399 4472; x_wconf 92' lang='lat' dir='ltr'><strong>sit,</strong></span> <span class='ocrx_word' id='word_1_530' title='bbox 416 4417 473 4455; x_wconf 91' lang='lat' dir='ltr'><strong>non</strong></span> <span class='ocrx_word' id='word_1_531' title='bbox 488 4417 557 4456; x_wconf 82' lang='lat' dir='ltr'><strong>vero</strong></span> <span class='ocrx_word' id='word_1_532' title='bbox 579 4395 707 4455; x_wconf 75' lang='lat' dir='ltr'><strong>exfincta</strong></span> <span class='ocrx_word' id='word_1_533' title='bbox 727 4394 849 4454; x_wconf 89' lang='lat' dir='ltr'><strong>facultas</strong></span> <span class='ocrx_word' id='word_1_534' title='bbox 863 4395 1020 4455; x_wconf 82' lang='lat' dir='ltr'><strong>rationalis.</strong></span> <span class='ocrx_word' id='word_1_535' title='bbox 1064 4397 1101 4456; x_wconf 83' lang='lat' dir='ltr'><strong>Se</strong></span> <span class='ocrx_word' id='word_1_536' title='bbox 1136 4398 1191 4457; x_wconf 93' lang='lat' dir='ltr'><strong>hoc</strong></span> <span class='ocrx_word' id='word_1_537' title='bbox 1205 4417 1264 4458; x_wconf 89' lang='lat' dir='ltr'><strong>non</strong></span> <span class='ocrx_word' id='word_1_538' title='bbox 1278 4397 1377 4460; x_wconf 87' lang='lat' dir='ltr'><strong>obstat</strong></span> <span class='ocrx_word' id='word_1_539' title='bbox 1390 4419 1463 4476; x_wconf 88' lang='lat' dir='ltr'><strong>quo·</strong></span> 
     </span>
     <span class='ocr_line' id='line_1_52' title="bbox 255 4473 1465 4553; baseline 0.002 -19"><span class='ocrx_word' id='word_1_540' title='bbox 255 4479 350 4535; x_wconf 89' lang='lat' dir='ltr'><strong>miuus</strong></span> <span class='ocrx_word' id='word_1_541' title='bbox 365 4477 516 4553; x_wconf 91' lang='lat' dir='ltr'><strong>utrobique</strong></span> <span class='ocrx_word' id='word_1_542' title='bbox 531 4475 700 4553; x_wconf 88' lang='lat' dir='ltr'><strong>impotentia</strong></span> <span class='ocrx_word' id='word_1_543' title='bbox 711 4475 749 4532; x_wconf 89' lang='lat' dir='ltr'><strong>sit</strong></span> <span class='ocrx_word' id='word_1_544' title='bbox 758 4473 943 4550; x_wconf 90' lang='lat' dir='ltr'><strong>invincibilis,</strong></span> <span class='ocrx_word' id='word_1_545' title='bbox 956 4475 998 4534; x_wconf 89' lang='lat' dir='ltr'><strong>ita</strong></span> <span class='ocrx_word' id='word_1_546' title='bbox 1007 4484 1040 4536; x_wconf 87' lang='lat' dir='ltr'><strong>ut</strong></span> <span class='ocrx_word' id='word_1_547' title='bbox 1048 4477 1135 4537; x_wconf 90' lang='lat' dir='ltr'><strong>hama</strong></span> <span class='ocrx_word' id='word_1_548' title='bbox 1146 4497 1204 4536; x_wconf 90' lang='lat' dir='ltr'><strong>non</strong></span> <span class='ocrx_word' id='word_1_549' title='bbox 1212 4478 1300 4537; x_wconf 90' lang='lat' dir='ltr'><strong>moda</strong></span> <span class='ocrx_word' id='word_1_550' title='bbox 1310 4498 1369 4536; x_wconf 92' lang='lat' dir='ltr'><strong>non</strong></span> <span class='ocrx_word' id='word_1_551' title='bbox 1380 4479 1465 4553; x_wconf 84' lang='lat' dir='ltr'><strong>velit,</strong></span> 
     </span>
     <span class='ocr_line' id='line_1_53' title="bbox 255 4553 1464 4636; baseline 0.003 -21"><span class='ocrx_word' id='word_1_552' title='bbox 255 4557 307 4616; x_wconf 91' lang='lat' dir='ltr'><strong>sed</strong></span> <span class='ocrx_word' id='word_1_553' title='bbox 316 4575 352 4615; x_wconf 90' lang='lat' dir='ltr'><strong>ne</strong></span> <span class='ocrx_word' id='word_1_554' title='bbox 365 4555 458 4632; x_wconf 91' lang='lat' dir='ltr'><strong>possit</strong></span> <span class='ocrx_word' id='word_1_555' title='bbox 471 4556 588 4632; x_wconf 90' lang='lat' dir='ltr'><strong>quidem</strong></span> <span class='ocrx_word' id='word_1_556' title='bbox 602 4555 687 4629; x_wconf 87' lang='lat' dir='ltr'><strong>velle,</strong></span> <span class='ocrx_word' id='word_1_557' title='bbox 703 4553 770 4632; x_wconf 90' lang='lat' dir='ltr'><strong>quia</strong></span> <span class='ocrx_word' id='word_1_558' title='bbox 790 4554 859 4613; x_wconf 89' lang='lat' dir='ltr'><strong>licet</strong></span> <span class='ocrx_word' id='word_1_559' title='bbox 872 4557 1001 4632; x_wconf 90' lang='lat' dir='ltr'><strong>potentia</strong></span> <span class='ocrx_word' id='word_1_560' title='bbox 1015 4557 1155 4617; x_wconf 87' lang='lat' dir='ltr'><strong>naturalis</strong></span> <span class='ocrx_word' id='word_1_561' title='bbox 1169 4557 1351 4636; x_wconf 85' lang='lat' dir='ltr'><strong>intelligendi</strong></span> <span class='ocrx_word' id='word_1_562' title='bbox 1366 4566 1397 4618; x_wconf 89' lang='lat' dir='ltr'><strong>ct</strong></span> <span class='ocrx_word' id='word_1_563' title='bbox 1411 4579 1464 4618; x_wconf 91' lang='lat' dir='ltr'><strong>vo-</strong></span> 
     </span>
     <span class='ocr_line' id='line_1_54' title="bbox 253 4633 1466 4717; baseline 0.003 -23"><span class='ocrx_word' id='word_1_564' title='bbox 253 4635 333 4696; x_wconf 88' lang='lat' dir='ltr'><strong>lendi</strong></span> <span class='ocrx_word' id='word_1_565' title='bbox 346 4635 377 4695; x_wconf 91' lang='lat' dir='ltr'><strong>in</strong></span> <span class='ocrx_word' id='word_1_566' title='bbox 391 4635 507 4696; x_wconf 89' lang='lat' dir='ltr'><strong>homine</strong></span> <span class='ocrx_word' id='word_1_567' title='bbox 520 4635 653 4714; x_wconf 88' lang='lat' dir='ltr'><strong>supersit,</strong></span> <span class='ocrx_word' id='word_1_568' title='bbox 668 4633 785 4694; x_wconf 87' lang='lat' dir='ltr'><strong>habitus</strong></span> <span class='ocrx_word' id='word_1_569' title='bbox 805 4641 901 4695; x_wconf 88' lang='lat' dir='ltr'><strong>tamen</strong></span> <span class='ocrx_word' id='word_1_570' title='bbox 922 4655 973 4697; x_wconf 86' lang='lat' dir='ltr'><strong>seu</strong></span> <span class='ocrx_word' id='word_1_571' title='bbox 994 4637 1145 4717; x_wconf 89' lang='lat' dir='ltr'><strong>dispositio</strong></span> <span class='ocrx_word' id='word_1_572' title='bbox 1159 4639 1278 4699; x_wconf 88' lang='lat' dir='ltr'><strong>moralis</strong></span> <span class='ocrx_word' id='word_1_573' title='bbox 1288 4638 1364 4701; x_wconf 88' lang='lat' dir='ltr'><strong>bene</strong></span> <span class='ocrx_word' id='word_1_574' title='bbox 1378 4638 1466 4700; x_wconf 88' lang='lat' dir='ltr'><strong>intel-</strong></span> 
     </span>
    </p>
   </div>
   <div class='ocr_carea' id='block_1_9' title="bbox 0 0 1620 5204">
    <p class='ocr_par' dir='ltr' id='par_1_12' title="bbox 0 0 1620 5204">
     <span class='ocr_line' id='line_1_55' title="bbox 0 0 1620 5204; baseline 0 0"><span class='ocrx_word' id='word_1_575' title='bbox 0 0 1620 5204; x_wconf 95' lang='lat' dir='ltr'><strong> </strong></span> 
     </span>
    </p>
   </div>
  </div>
 </body>
</html>
