3150 5206
113 383 230 440 QUAEST.
245 364 315 445 riu]
555 384 735 426 neruosas
750 385 878 428 saarim
1258 368 1316 428 201

112 525 232 602 factum,
247 522 385 583 utrarias
398 522 548 584 stricturas
562 524 678 586 foederis
692 525 793 604 gratia
807 527 838 586 in
853 523 1000 602 Decelogo
1015 525 1096 584 Deus
1110 543 1174 586 esse
1184 525 1321 602 voluerit,

113 623 181 682 quse
195 603 233 662 ad
253 603 329 664 illud
349 603 490 742 podpnlum
510 615 687 684 revocarent,
709 626 746 666 ne
767 626 806 665 ex
825 605 1002 685 impotentiae
1023 624 1084 666 susa
1101 603 1274 683 cognitione,
1290 615 1320 665 et

113 682 238 743 terribili
257 683 359 743 mortis
400 684 609 761 enunciationc,
630 685 667 746 de
689 686 782 764 gratia
797 686 854 746 Dei
873 686 958 763 plane
973 685 1156 764 desperaret;
1177 684 1257 762 quod
1271 685 1322 744 vel
1381 721 1383 730 ,

113 763 247 842 praefatio
261 763 306 822 illi
319 763 447 841 praefixa,
462 765 513 823 ubi
527 785 559 824 se
572 765 723 843 profitetur
737 769 832 825 Deum
844 766 949 843 populi
959 766 1011 840 sui,
1026 763 1078 842 qui
1090 764 1174 824 illum
1188 763 1290 824 eduxit
1304 785 1321 824 c

114 844 256 904 servitute
268 843 456 921 AEgyptiaco,
472 853 502 904 ct
514 845 720 923 promissiones
734 845 861 906 secundo
872 853 902 905 et
915 845 1016 924 quinto
1030 851 1174 924 precepto
1189 864 1319 923 annexa,

113 922 186 983 satis
200 932 299 1000 aperte
313 922 427 984 docent.

156 1001 288 1062 XXXI.
310 1002 439 1080 Interim,
455 1005 525 1080 quia
536 1005 646 1064 Foedus
660 1005 761 1082 gratiae
774 1003 806 1062 in
819 1005 874 1064 hac
888 1012 972 1064 aetate
983 1004 1038 1064 sub
1051 1001 1147 1082 rigida
1160 1005 1321 1064 oeconomia

112 1082 204 1160 legali
225 1081 425 1141 administrare
446 1084 510 1143 Deo
528 1084 645 1162 placuit,
667 1093 730 1144 tum
751 1093 869 1163 propter
889 1084 1084 1145 conditionem
1099 1084 1204 1162 Populi
1225 1083 1322 1144 adhuc

113 1161 243 1238 infantis,
266 1169 328 1221 tum
348 1171 466 1241 propter
486 1163 654 1223 diletionem
677 1165 822 1224 adventus
848 1165 963 1240 Christi,
990 1172 1019 1224 et
1042 1163 1247 1224 satisfactionis
1269 1184 1322 1242 per

113 1241 211 1320 ipsum
234 1241 422 1320 praestandae3
448 1243 566 1322 Duplex
587 1243 671 1321 σχίσις
695 1245 725 1302 in
747 1245 802 1303 hac
822 1243 1036 1323 dispensatione
1058 1264 1170 1321 semper
1191 1244 1320 1304 obtinere

114 1320 225 1381 debirit.
272 1323 338 1380 Uno
351 1323 465 1398 Leyalia
479 1323 614 1401 severior,
636 1345 688 1402 per
708 1345 795 1403 quam
815 1344 892 1384 nova
913 1325 1002 1402 Legis
1023 1331 1052 1383 et
1065 1323 1182 1382 foederis
1202 1343 1321 1402 operum

113 1400 356 1480 promulgatione,
382 1422 448 1462 cum
475 1403 658 1464 intolerando
685 1405 918 1464 caeremoniarum
943 1406 1016 1483 jugo
1041 1403 1202 1481 exprimere
1226 1403 1322 1463 voluit

114 1480 187 1558 quid
206 1480 338 1540 homines
353 1480 500 1560 deberent,
516 1491 545 1542 ct
559 1484 630 1562 quid
643 1484 715 1563 ipsis
729 1485 766 1545 ob
780 1483 906 1544 officium
924 1504 982 1544 non
1004 1484 1165 1562 prestitum
1179 1491 1256 1543 esset
1270 1503 1320 1542 ex·

113 1559 307 1638 pectendum3
328 1581 387 1638 quo
406 1571 540 1640 respectu
555 1563 626 1650 Lex
639 1571 761 1624 vocatur
782 1565 880 1624 Litcra
900 1563 1042 1640 occidens,
1066 1570 1083 1621 2
1105 1564 1170 1622 Cor.
1191 1563 1231 1622 iii.
1248 1567 1276 1638 6,
1291 1572 1321 1622 et

115 1639 347 1718 Chirographum
370 1641 454 1716 uobis
479 1645 662 1720 cambarium,
689 1644 751 1702 Col.
766 1645 797 1703 ii.
813 1648 860 1719 14,
875 1644 944 1722 quia
967 1663 1019 1720 per
1039 1641 1113 1702 illud
1133 1642 1264 1702 homines
1289 1663 1320 1702 sc

114 1719 241 1780 debendi
262 1739 336 1797 reos,
352 1729 381 1780 et
395 1723 496 1782 mortis
509 1723 594 1800 filios,
609 1724 804 1784 declaratione
819 1723 926 1801 scripta
939 1741 977 1781 ex
996 1721 1114 1801 proprio
1128 1722 1268 1798 sanguine
1290 1722 1321 1782 in

114 1799 350 1876 Circumcisioue,
366 1808 395 1860 et
409 1802 550 1880 sanguine
565 1803 757 1880 victimarum,
772 1802 990 1880 profitebantur.
1031 1803 1133 1860 Altera
1146 1802 1321 1879 Euangeliou

115 1880 241 1954 suavior,
254 1889 397 1957 quatenus
413 1883 431 1914 “
441 1881 505 1941 Lex
515 1891 577 1942 erat
590 1883 769 1962 paedagogus
779 1882 817 1941 ad
832 1881 1008 1956 Christum,”
1022 1881 1088 1940 Gal.
1099 1879 1140 1938 iii.
1152 1884 1200 1957 24,
1212 1890 1243 1941 et
1253 1901 1320 1940 con·

114 1959 227 2018 tinebat
243 1960 404 2019 “umbram
417 1981 513 2021 rerum
527 1961 716 2040 futurarum,”
733 1962 810 2022 Heb.
825 1983 855 2022 x.
873 1966 899 2038 1,
915 1961 999 2039 eujus
1013 1980 1117 2038 corpus
1131 1968 1161 2020 et
1185 1980 1322 2040 expressa

112 2039 211 2116 imago
232 2047 277 2100 est
298 2039 330 2098 in
351 2039 475 2102 Christo.
518 2041 613 2118 Unde,
629 2050 770 2122 quantum
791 2042 932 2102 molestia
954 2049 984 2100 et
998 2040 1163 2099 vexationis
1183 2039 1322 2101 afferebat

112 2117 165 2176 illa
179 2119 340 2178 oeconomis
353 2139 405 2196 pcr
418 2139 498 2180 susm
513 2121 637 2198 priorem
651 2121 743 2199 σχίσιν,
760 2130 873 2181 tantum
893 2120 1046 2200 posteriori
1067 2118 1232 2180 conferebat
1246 2121 1320 2180 sola-

113 2197 201 2257 minis
215 2208 244 2258 et
258 2199 358 2278 gaudii
371 2200 536 2260 bominibus
549 2202 606 2279 piis
620 2201 657 2260 ad
678 2202 758 2260 illam
773 2201 998 2275 attendentibus,
1013 2208 1043 2259 et
1056 2199 1252 2277 quaerentibus
1266 2199 1321 2259 sub

113 2277 166 2336 illo
187 2279 294 2338 cortice
316 2287 345 2338 et
358 2279 424 2338 velo
438 2280 591 2340 veritatem
613 2281 792 2358 spiritualem
807 2289 836 2341 et
851 2281 1069 2357 Evangelicam,
1085 2299 1173 2358 qnam
1196 2279 1321 2358 Spiritus

115 2358 242 2418 Sanctus
256 2377 305 2418 eos
319 2357 449 2436 docebat,
471 2379 524 2437 per
542 2360 751 2420 revelationem
770 2359 892 2420 subinde
908 2359 1075 2435 clariorem;
1109 2359 1173 2418 Deo
1194 2359 1278 2437 plura
1292 2361 1322 2418 et

112 2437 226 2514 majora
245 2457 298 2515 pro
310 2445 439 2516 tempore
453 2438 583 2500 subsidia
598 2441 842 2516 subministrante,
864 2460 923 2498 non
936 2439 1023 2499 modo
1043 2459 1095 2518 per
1114 2440 1321 2517 promissiones

114 2523 146 2576 et
161 2515 286 2576 Oraema
304 2517 463 2578 identidem
484 2520 615 2598 repetita,
638 2520 690 2579 sed
710 2528 740 2580 et
759 2540 811 2598 per
831 2519 1034 2579 delineatiores
1049 2528 1144 2597 typos,
1160 2519 1278 2579 umbras
1292 2527 1322 2577 et

112 2597 226 2674 figuras
239 2597 430 2675 perfectiores,
453 2599 603 2676 inquibus
624 2600 770 2659 habebant
784 2601 960 2660 exactiorem
981 2600 1023 2658 rei
1045 2599 1137 2676 ipsius
1151 2598 1320 2659 delineatio-

113 2697 193 2754 nem,
209 2686 238 2735 et
252 2679 412 2738 accuratius
428 2679 535 2738 Christi
549 2678 587 2738 ob
602 2679 701 2739 ocsrlos
715 2680 799 2759 quasi
812 2679 843 2738 in
856 2679 935 2758 typis
949 2677 1080 2737 crucifixi
1094 2678 1263 2760 xgiygaeaua.

414 2761 562 2822 XXXII.
577 2762 673 2822 Juxta
686 2761 831 2840 duplicem
845 2761 929 2821 istam
945 2761 1028 2838 σχέσιν
1042 2760 1251 2820 administratio
1265 2761 1322 2820 ista

112 2809 360 2915 Dffififflss'iif
380 2849 476 2919 potest
484 2843 616 2922 spectari,
628 2843 677 2901 vel
690 2842 786 2920 quoad
795 2851 941 2902 extensam
952 2842 1130 2902 neomeniam
1143 2840 1322 2917 paedagogica

144 2925 183 2994 Τ..
201 2923 223 2970 1.
243 2925 361 2996 Eatenus.
381 2920 493 3000 legalis,
508 2923 557 2981 vel
571 2922 667 3000 quoad
687 2924 827 2982 internam
846 2923 991 2981 veritatem
1010 2919 1208 2998 promissionis
1223 2919 1321 2977 Evan-

143 2997 213 3039 ψ
224 2983 337 3029 Materna
377 3001 478 3078 gelieae
493 3001 547 3062 sub
567 3002 618 3061 illa
630 3003 778 3064 latentem.
819 3001 947 3060 dicteria
961 3009 1089 3059 externae
1102 2999 1186 3058 istius
1207 3018 1320 3058 oecono-

113 3082 182 3142 miae
192 3081 249 3142 fuit
262 3083 325 3143 Lex
340 3081 454 3158 triplex,
469 3081 595 3159 moralis,
612 3081 826 3157 caeremonialis,
847 3090 876 3140 et
889 3079 1030 3139 forensis:
1053 3079 1110 3137 Illa
1122 3078 1321 3138 fundamenta-

380 3160 416 3220 lis
437 3170 490 3235 est,
507 3161 576 3220 Istae
589 3161 668 3222 illius
683 3161 865 3240 appendices.
909 3163 1020 3219 Forma
1036 3158 1091 3219 fuit
1104 3159 1199 3237 pactio
1213 3158 1256 3216 illi
1270 3177 1320 3216 ex-

380 3248 469 3300 ternae
483 3241 692 3318 dispensationi
711 3241 818 3317 addita,
833 3261 898 3317 quae
913 3260 950 3299 ex
967 3247 1048 3318 parte
1064 3239 1120 3298 Dei
1133 3237 1189 3298 fuit
1201 3238 1322 3316 promis·

112 3320 157 3379 sio
173 3329 256 3380 terroe
271 3320 395 3396 Canaan,
411 3329 440 3379 et
458 3320 564 3397 quietis
578 3341 611 3380 ac
622 3321 768 3381 felicitatis
781 3321 811 3378 in
825 3321 884 3396 illa,
900 3329 937 3398 et,
954 3318 1007 3380 sub
1021 3319 1171 3396 utriusque
1184 3319 1320 3396 imagine,

112 3399 181 3459 coeli
194 3409 225 3458 et
238 3406 420 3477 σιμιτισμοῢ
432 3400 462 3457 in
477 3399 537 3476 illo,
554 3401 630 3460 Heb.
645 3401 685 3460 iv.
700 3404 728 3477 3,
744 3403 771 3476 9,
788 3421 839 3462 seu
852 3401 921 3460 vitae
935 3407 1050 3460 aeternae
1060 3401 1148 3478 juxta
1161 3399 1321 3459 clausulam

103 3482 161 3554 fac
174 3481 227 3540 too
248 3491 275 3540 et
292 3483 372 3539 cirea
415 3481 464 3537 Ex
483 3489 565 3556 parte
586 3481 686 3558 populi
705 3480 760 3541 Iuit
780 3480 927 3559 stipulatio
949 3479 1120 3540 obedientiae
1140 3499 1210 3557 erga
1230 3487 1321 3538 totam

113 3559 234 3638 Legem,
250 3561 312 3618 sive
318 3559 433 3636 justitio
447 3579 512 3618 oum
523 3564 659 3636 perfecto,
671 3560 758 3620 Dent.
768 3561 871 3637 xxvii,
887 3560 954 3622 Gal.
968 3559 1019 3630 iii,
1035 3567 1097 3618 tum
1106 3559 1276 3636 personalis,
1292 3569 1322 3618 et

111 3659 165 3717 per
179 3640 260 3698 illam
271 3639 450 3719 justificatio,
467 3639 551 3699 Rom.
566 3641 596 3698 ii.
620 3639 679 3700 Sed
691 3641 754 3698 baec
768 3641 915 3718 stipulatio
929 3640 960 3698 in
970 3639 1077 3698 foedere
1092 3639 1253 3699 Israelitico
1267 3639 1322 3698 fuit

112 3725 227 3778 tantum
240 3718 441 3794 accidentaria,
463 3727 563 3797 utpote
584 3737 650 3797 quae
670 3720 736 3780 ideo
756 3718 843 3780 fuerit
863 3729 973 3780 tantum
995 3719 1103 3796 addita,
1118 3727 1151 3778 ut
1171 3739 1222 3797 per
1242 3719 1321 3780 illius

110 3795 252 3875 &dumpho
264 3800 351 3858 bomo
361 3797 399 3858 sd
409 3818 468 3858 suae
478 3798 601 3878 justitia
615 3799 833 3876 abdicationem,
849 3807 879 3858 et
892 3800 1002 3875 alienae,
1013 3819 1078 3878 quae
1092 3798 1146 3858 sub
1157 3798 1236 3876 Lege
1250 3799 1322 3857 late·

110 3877 171 3955 bat,
188 3879 354 3957 amplexum
368 3879 567 3938 deduceretur.

220 4011 226 4023 ,
247 4011 253 4024 ,
406 3957 572 4018 XXXIII.
589 3959 670 4020 Finis
684 3959 768 4019 istius
782 3959 948 4018 oeconomiae
962 3958 1021 4018 κατ’
1033 3953 1110 4051 ἔξω,
1125 3977 1184 4015 non
1197 3955 1320 4032 Iuitjur·

196 4011 274 4057 mnu.
379 4038 491 4119 uflcotio
501 4039 635 4114 hominis,
648 4038 727 4116 quod
735 4039 845 4099 ratione
858 4039 946 4118 Legis
959 4038 1077 4098 morahs
1091 4036 1174 4096 facile
1187 4044 1321 4112 poterant

112 4136 291 4197 cognoscere
300 4117 539 4196 exsuispeceatis,
553 4119 659 4196 quibus
668 4128 750 4180 erant
763 4119 891 4196 obnoxii,
908 4119 991 4178 Rom.
1004 4117 1044 4176 iii.
1056 4119 1104 4192 20,
1116 4115 1321 4175 assimilatione

112 4217 231 4258 suarum
246 4196 446 4275 cupiditatum,
462 4198 546 4258 Rom.
562 4199 621 4276 vii,
638 4220 676 4259 ex
690 4200 907 4278 impossibilitate
919 4199 1014 4276 legem
1028 4195 1165 4254 moralem
1171 4194 1319 4272 implendi,

112 4277 199 4338 Rom
211 4277 274 4336 viii.
289 4281 317 4352 3,
333 4297 371 4338 ex
391 4279 583 4338 maledictione
603 4279 686 4357 legis,
702 4299 788 4357 quam
801 4279 995 4338 denunciabat
1014 4275 1139 4335 minimae
1160 4282 1320 4350 transgres-

111 4358 196 4436 sioni,
207 4358 276 4418 Gal.
287 4357 329 4417 iii.
347 4359 397 4433 10;
412 4360 523 4418 ratione
533 4359 622 4437 Legis
632 4359 847 4436 caeremoniulis,
865 4363 891 4419 1.
903 4379 940 4418 ex
950 4366 1057 4416 canera
1072 4354 1320 4430 ceremoniarum,

111 4459 177 4516 quse
191 4446 256 4498 tota
269 4445 332 4498 erat
345 4438 492 4498 mundana
505 4447 534 4498 et
548 4439 680 4516 carnalis,
696 4459 760 4517 qua
774 4438 848 4497 nihil
861 4457 1012 4498 commune
1033 4433 1159 4494 habebat
1172 4453 1237 4493 cum
1252 4453 1320 4492 oon·

112 4519 245 4594 scientia,
267 4521 297 4576 2.
319 4537 358 4576 ex
378 4517 498 4578 istarum
518 4519 680 4596 repetitione
701 4527 730 4577 et
750 4518 910 4595 iteratione,
931 4517 1046 4596 qualem
1067 4513 1235 4595 justificatio
1255 4532 1321 4588 qnae

187 3213 284 3260 Forma

112 4598 248 4661 consistit
262 4597 299 4662 in
312 4616 371 4656 non
391 4597 589 4660 recordatione
610 4609 802 4678 peccatorum,
819 4597 894 4660 Heb.
911 4597 981 4675 viii,
997 4616 1056 4656 non
1076 4593 1211 4672 admittit,
1233 4595 1261 4652 3.
1284 4612 1321 4650 ex

110 4679 232 4743 istarum
247 4677 412 4756 conditore,
425 4685 486 4740 tum
500 4679 569 4758 quia
582 4689 663 4740 erant
677 4680 828 4757 mutabiles,
844 4678 923 4758 quod
942 4678 1038 4740 locum
1053 4697 1110 4737 non
1124 4673 1281 4749 habuisset,
1297 4672 1322 4730 si
