3202 5194
162 409 282 461 auser.
297 387 383 469 aru]
675 407 714 446 ns
729 407 805 448 snas
820 407 879 448 nnn.
1337 395 1375 454 85

156 551 255 629 magis
278 545 435 626 magisque
457 546 642 624 invalescere,
667 548 718 608 nbi
744 547 812 608 Diei
836 547 983 609 Dominici
1001 549 1083 628 justa
1104 550 1179 611 ratio
1202 571 1260 612 non
1284 553 1373 614 habe·

161 643 221 691 tur.

205 709 333 768 XVIII.
356 707 424 766 Hoc
437 726 508 766 vero
521 714 589 765 ante
603 707 700 766 omnia
720 708 767 766 hic
781 708 1003 786 observandum,
1018 717 1052 769 ut
1071 729 1130 770 non
1151 717 1210 770 tam
1225 711 1260 771 de
1274 712 1370 773 inves-

158 789 283 868 tiganda
296 788 392 866 prima
405 785 489 846 istius
503 785 562 845 diei
576 787 687 864 origine
708 787 798 846 simus
819 788 945 865 solliciti,
960 808 1047 866 qnam
1068 787 1104 848 de
1125 791 1200 848 seria
1220 798 1250 850 et
1270 792 1371 852 sedtila

159 871 226 948 ejus
240 867 480 928 sanctificatione.
522 865 729 943 Quamcunque
751 867 922 927 sententiam
936 869 1002 946 quis
1024 870 1106 946 sequi
1119 871 1257 946 volnerit;
1279 871 1370 931 libere

160 943 239 1008 enim
255 968 310 1008 suo
324 953 469 1024 quemque
488 945 600 1024 judicio
614 945 671 1005 frui
683 947 827 1024 patimur3
848 947 905 1006 hoc
926 955 1004 1006 arcte
1025 957 1055 1008 et
1074 948 1219 1009 inviolate
1236 951 1369 1011 omnibus

159 1028 331 1102 curandum,
342 1034 375 1086 ut
388 1045 427 1085 ex
439 1025 607 1105 praecripto
619 1026 726 1086 Christi
739 1026 840 1086 fideles
854 1047 871 1085 a
883 1027 1131 1105 profanationibus
1141 1028 1266 1106 abducti,
1280 1031 1369 1090 sacris

158 1109 279 1186 pietatis
302 1105 450 1168 exercitiis
478 1106 553 1165 serio
572 1106 749 1182 incumbant,
773 1115 802 1166 et
823 1115 1036 1167 sacrosanctum
1060 1108 1137 1168 hunc
1164 1108 1241 1168 diem
1269 1119 1368 1170 sancte

158 1189 327 1247 observent.
370 1186 415 1246 De
440 1187 524 1266 cujus
548 1185 757 1246 observationis
777 1187 948 1248 nscesntate
972 1195 1003 1247 et
1022 1187 1108 1248 modo
1128 1189 1160 1247 in
1180 1190 1367 1267 sequentibus

163 1275 279 1345 agetur.

375 1405 382 1418 ‚
432 1341 435 1348 ⁴
467 1344 563 1404 XIX.
585 1345 1079 1408 De'observationenicinominiei
1092 1368 1151 1408 non
1164 1369 1266 1428 parum
1280 1349 1366 1410 etiam

157 1405 406 1510 Qffissssffiffi
426 1424 618 1502 disceptatur;
641 1426 706 1485 aliis
719 1425 750 1483 in
763 1445 887 1486 excessu
900 1427 938 1486 ad
951 1428 1071 1487 nimium
1082 1429 1206 1506 rigorem
1216 1437 1246 1489 et
1259 1431 1366 1490 severi·

191 1522 248 1568 niet
275 1521 407 1568 nominat
428 1512 517 1564 tatem
531 1505 785 1582 propendentibus,
801 1514 830 1565 et
842 1506 885 1565 ita
898 1506 936 1565 ad
946 1507 1132 1567 Judaismum
1147 1509 1366 1586 accedentibus3

191 1581 253 1638 Ejus
273 1581 405 1626 amites
426 1583 492 1642 aliis
512 1593 612 1642 contra
633 1585 663 1642 in
686 1584 801 1644 deiectu
822 1586 911 1644 nimia
931 1587 1108 1646 relaxatione
1130 1589 1286 1665 utentibus,
1301 1609 1366 1666 qna

188 1640 316 1696 ”mm
427 1663 608 1741 profanitatis
622 1672 651 1723 et
670 1665 795 1724 lieentire
811 1666 932 1743 januam
952 1667 1052 1758 aperit.
1093 1667 1186 1727 Nobis
1198 1687 1269 1726 vero
1282 1668 1366 1727 tutis-

159 1743 237 1802 sima
258 1742 377 1802 videtur
397 1743 448 1801 via
473 1742 576 1819 media,
592 1762 678 1822 quam
699 1743 812 1803 duabus
838 1744 1081 1822 propositionibus
1109 1745 1151 1804 sio
1178 1747 1365 1824 explicamus.

160 1823 262 1881 Prima
274 1824 472 1898 martenam,
489 1823 623 1882 Secunda
636 1826 749 1883 modum
763 1823 973 1883 observationis
987 1823 1071 1882 istius
1085 1824 1177 1884 docet.

202 1903 279 1960 XX.
303 1902 402 1960 Prima
423 1903 605 1980 Propositio:
630 1904 792 1964 obseratio
812 1904 882 1961 Dici
899 1904 1044 1962 Dmninici
1071 1925 1127 1964 non
1148 1914 1189 1963 cst
1206 1907 1366 1966 accaronis

154 2003 215 2060 per
226 2003 256 2040 se
269 1992 302 2041 at
310 2002 386 2059 pars
399 1984 489 2040 acltm
503 1983 597 2058 ἅιῖνίιιί,
613 1993 664 2042 aut
676 1984 797 2059 mysticos
809 1983 1017 2062 significationis
1028 1985 1134 2060 pratris,
1149 1987 1200 2042 sed
1212 1994 1304 2044 wmen
1317 2007 1364 2044 ne·

156 2064 285 2121 cessaria
294 2072 336 2120 est
344 2063 456 2121 rabbae
469 2064 581 2134 ιύτιξίοις
597 2071 624 2122 et
631 2063 740 2139 politia
750 2063 918 2139 Apostolicoe
928 2072 954 2122 et
961 2064 1165 2122 Ecclesiasticus
1175 2065 1364 2126 οόεενυαηᾱω.

160 2143 230 2200 Νοιι
243 2149 341 2220 potest
356 2141 415 2200 diei
427 2161 496 2218 pars
510 2143 606 2201 cultus
618 2143 649 2199 in
664 2161 704 2218 se,
727 2142 779 2201 scd
800 2150 912 2202 tautum
934 2143 997 2220 ejus
1018 2141 1187 2220 adjunctum
1201 2151 1231 2202 et
1244 2144 1364 2203 ciccum-

155 2221 275 2297 stantia,
290 2221 361 2299 qnia
374 2222 471 2281 cultus
485 2221 681 2300 Evangelicus
695 2231 724 2282 et
738 2227 838 2295 napata
859 2223 936 2281 Novi
950 2223 1128 2282 Testamenti
1149 2242 1207 2282 non
1227 2223 1364 2302 alligatur

156 2302 284 2378 amplius
305 2301 393 2360 certis
417 2301 489 2359 locis
509 2302 558 2360 val
582 2303 769 2380 temporibus,
791 2310 825 2361 ut
849 2303 903 2362 sub
917 2302 1017 2361 Veteri
1039 2303 1233 2378 Testamento,
1256 2304 1308 2363 sed
1332 2305 1362 2362 iu

156 2380 263 2458 spiritu
277 2388 307 2440 et
320 2381 443 2439 veritate
453 2381 551 2439 ubivis
564 2389 594 2439 et
608 2400 721 2459 semper
735 2382 865 2460 praestari
879 2389 982 2459 potest.
1024 2382 1195 2442 Necessaria
1207 2393 1303 2444 tamen
1318 2392 1363 2443 est

154 2479 198 2518 ex
212 2460 314 2518 ordine
330 2459 395 2535 Dei,
411 2459 522 2518 ratione
535 2460 644 2538 politia
658 2461 688 2518 in
703 2461 835 2520 Ecclesia
847 2461 988 2538 perpetim
1003 2463 1160 2538 servande,
1171 2464 1240 2541 quia
1253 2463 1362 2540 absquo

158 2547 240 2599 certo
254 2539 302 2598 die
316 2559 370 2598 nee
385 2539 456 2597 ordo
470 2559 523 2598 neo
537 2539 672 2598 decorum
687 2540 831 2600 constabit
845 2539 992 2616 Ecclesiae,
1008 2540 1059 2600 sed
1072 2561 1151 2601 mera
1164 2543 1219 2601 erit
1232 2542 1362 2602 confusio

157 2619 190 2676 in
204 2619 399 2678 conventibus
413 2619 634 2678 Ecclesiasticis.
669 2624 697 2677 2.
713 2618 788 2693 Quia
800 2639 859 2678 non
872 2620 1004 2680 instituta
1017 2621 1073 2680 fuit
1086 2621 1224 2698 peculiari
1237 2622 1362 2698 quadam

157 2698 197 2756 de
210 2719 300 2758 cansa
313 2719 367 2776 pro
388 2706 467 2757 sema
482 2698 613 2758 Ecclesia
632 2698 718 2758 unius
739 2699 884 2776 temporis,
900 2699 951 2758 sed
972 2700 1145 2776 generaliter
1163 2721 1216 2779 pro
1231 2701 1364 2760 Ecclesia

157 2779 289 2838 omnium
303 2787 484 2855 temporum3
506 2778 580 2837 Nam
594 2786 628 2837 ut
642 2777 777 2856 Apostoli
791 2779 842 2857 qui
862 2779 917 2837 hoc
938 2779 1071 2855 exemplo
1096 2799 1148 2838 suo
1169 2789 1199 2838 et
1218 2788 1362 2857 praecepto

157 2859 355 2932 sanciverunt,
373 2857 510 2916 lCorint.
525 2857 586 2916 xvi.
601 2862 629 2932 2,
645 2857 713 2918 Aet.
728 2877 779 2917 xx.
795 2863 822 2933 7,
845 2858 949 2935 Legati
969 2858 1148 2916 universales
1169 2859 1298 2934 filerunt3
1316 2860 1362 2918 Ita

154 2937 196 2995 ad
209 2937 319 2996 bonum
333 2937 424 2996 totius
439 2936 577 2996 Ecclesia
599 2945 787 3016 respexemnt
810 2939 840 2994 in
861 2938 915 2996 hae
937 2937 1094 2996 sanctione.
1136 2937 1176 2995 Et
1195 2945 1229 2995 ut
1248 2945 1363 3013 recepta

154 3015 215 3074 ruit
224 3019 287 3093 jam
302 3024 386 3075 atate
401 3014 625 3093 Apostolorum
649 3017 695 3075 lta
717 3023 882 3075 constanter
902 3024 1015 3074 retenta
1033 3016 1088 3073 fuit
1101 3015 1236 3091 deinceps
1250 3015 1287 3072 ab
1301 3035 1360 3074 om·

155 3093 248 3152 nibus
262 3095 410 3170 Ecclesiis,
425 3103 459 3154 ut
471 3095 563 3172 liquet
576 3117 614 3156 ex
628 3095 695 3155 hist.
711 3096 834 3154 Ecclesi.
870 3098 897 3152 3.
914 3095 988 3169 Quia
1001 3095 1082 3151 nulla
1095 3113 1182 3152 causa
1195 3095 1362 3154 mutationis

155 3193 227 3231 esse
241 3183 342 3250 potest,
357 3195 422 3234 oum
445 3183 479 3234 ut
499 3176 608 3250 mortis,
623 3176 665 3234 sic
687 3183 717 3234 et
738 3174 956 3234 resurrectionis
970 3173 1077 3231 Christi
1100 3173 1237 3231 memoria
1257 3173 1361 3234 debeat

157 3271 227 3311 esse
240 3263 375 3330 perpetua
388 3254 420 3311 in
435 3253 574 3330 Ecclesia,
592 3258 607 3313 1
624 3255 689 3314 Cor.
704 3255 744 3312 xi.
760 3257 808 3331 26,
824 3257 842 3311 2
857 3253 931 3311 Tim.
947 3252 977 3311 ii.
992 3254 1020 3310 8.
1062 3255 1091 3311 4.
1107 3253 1181 3327 Quia
1195 3253 1362 3313 confirmate

153 3341 203 3392 est
223 3331 360 3412 deinceps
379 3341 442 3392 tum
457 3334 622 3392 Canonibus
635 3333 724 3392 variis
739 3333 931 3392 Conciliomm
947 3331 1210 3408 oecumenicorum,
1226 3341 1286 3392 tum
1302 3335 1361 3392 Im·

152 3421 322 3490 paratorum
338 3412 468 3489 Legibus
481 3419 511 3472 et
525 3412 638 3471 Edictis
651 3413 791 3490 plurimis.

152 3535 155 3542 .
193 3493 292 3551 XXI.
314 3491 400 3550 Licet
411 3511 482 3550 vero
495 3491 579 3552 facile
593 3491 784 3551 concedamus
799 3493 902 3568 Deum
918 3492 969 3570 qui
983 3491 1126 3551 Dominus
1141 3500 1185 3551 est
1208 3492 1358 3570 Sabbathi,

150 3591 239 3650 posse
253 3580 379 3647 mutare,
390 3570 414 3628 si
422 3571 520 3646 vellet,
531 3571 608 3630 diem
621 3572 698 3630 huno
712 3573 836 3649 primum
849 3571 880 3629 in
895 3571 983 3630 alium
993 3571 1126 3648 quemvis
1139 3592 1177 3630 ex
1192 3572 1359 3648 septimana,

152 3670 212 3708 non
233 3659 373 3728 putamus
388 3658 484 3709 tamen
497 3651 553 3709 hoc
570 3651 704 3729 cuiquam
724 3650 887 3709 mortalium
908 3650 1005 3728 licere,
1028 3659 1095 3728 post
1108 3660 1166 3711 tam
1181 3659 1361 3710 constantem

153 3739 185 3788 et
198 3729 396 3789 universalem
409 3729 468 3788 diei
487 3729 572 3789 istius
586 3731 825 3790 observationem.
867 3730 929 3790 Nee
951 3730 975 3788 si
996 3749 1080 3788 casus
1101 3739 1223 3808 possunt
1244 3731 1315 3806 dari,
1330 3731 1361 3787 in

153 3809 263 3886 quibus
277 3809 397 3887 publica
416 3809 532 3885 pietatis
554 3809 692 3868 exercitia
711 3810 767 3868 hoc
789 3808 836 3868 die
856 3809 986 3888 prestari
1007 3829 1066 3868 non
1087 3819 1217 3887 possunt,
1233 3810 1363 3884 sequitur

154 3889 392 3948 observationem
406 3888 480 3946 hanc
494 3890 680 3966 temporalem
694 3897 807 3948 tantum
820 3895 850 3948 et
869 3889 1038 3948 mutabilem
1051 3909 1132 3965 esse;
1153 3888 1290 3964 quiahoc
1303 3907 1361 3945 non

155 3967 190 4026 lit
257 3977 317 4044 nte,
333 3967 387 4026 sed
399 3987 437 4026 ex
451 3970 630 4043 necessitate,
646 3988 710 4046 quae
723 3969 817 4046 legem
832 3987 890 4026 non
902 3968 1000 4027 habet.

234 4047 314 4107 XII.
331 4047 365 4106 Si
377 4047 465 4126 prisci
477 4047 632 4107 Christiani
647 4048 826 4107 sabbathum
840 4047 927 4106 etiam
940 4066 992 4125 per
1005 4045 1123 4124 aliquod
1136 4052 1250 4124 tempus
1264 4046 1360 4106 obser-

156 4134 264 4185 varunt
277 4147 345 4186 curn
361 4127 417 4184 Die
432 4127 594 4203 Dominioo,
608 4135 642 4186 ut
662 4147 758 4186 saeros
778 4127 809 4184 in
830 4145 864 4185 eo
885 4135 1045 4185 conventus
1065 4126 1212 4202 haberent,
1229 4134 1258 4185 et
1282 4127 1362 4184 nefas

156 4203 298 4264 ducerent
327 4225 363 4264 eo
392 4205 440 4264 die
461 4207 603 4284 jejunare,
625 4215 658 4266 ut
678 4205 825 4284 colligitur
849 4225 887 4264 ex
908 4206 1050 4264 Constitu.
1073 4205 1237 4280 Clementis,
1259 4205 1309 4263 lib.
1331 4206 1361 4264 ii.

157 4303 222 4362 cap.
238 4287 288 4359 59,
302 4293 334 4344 et
356 4286 485 4360 Socrate,
500 4286 550 4344 lib.
565 4286 606 4344 iii.
621 4306 646 4344 c.
661 4289 708 4360 21,
731 4287 786 4344 hoo
806 4285 944 4362 pertinuit
965 4285 1003 4342 ad
1023 4285 1174 4344 honestam
1197 4285 1362 4359 Synagogae

158 4383 189 4422 se
210 4365 352 4439 ultnram3
368 4373 398 4423 et
412 4373 525 4424 constat
541 4365 680 4424 Sabbathi
694 4365 890 4440 festivitatem,
900 4364 988 4423 etiam
1002 4383 1068 4422 cum
1083 4364 1259 4433 servabatur,
1269 4360 1361 4420 multo

152 4384 233 4500 iniis
248 4443 334 4502 Diem
348 4441 535 4502 Dominioum
548 4444 676 4504 habitam
691 4444 799 4504 fuisse:
821 4443 905 4517 Quod
918 4443 967 4502 vel
981 4463 1019 4501 ex
1032 4463 1067 4501 eo
1081 4443 1180 4518 liquet,
1195 4437 1273 4513 quod
1287 4437 1363 4528 ister

155 4541 269 4581 errores
293 4523 504 4599 Ebionitarum,
528 4531 645 4602 propter
664 4543 738 4601 quos
759 4523 796 4581 ab
817 4523 950 4582 Ecclesia
972 4519 1154 4580 condemnati
1178 4523 1253 4588 sunt,
1275 4523 1362 4573 etrum

158 4601 245 4660 istius
258 4611 431 4678 arguuntur,
445 4603 524 4680 quod
539 4604 623 4662 Diem
639 4603 822 4663 Dominicum
837 4611 866 4661 et
881 4601 1061 4662 Sabbathum
1075 4596 1161 4656 simul
1174 4593 1360 4670 celebrarent,

153 4679 238 4760 apud
260 4681 367 4741 Enseb.
381 4680 434 4740 lib.
449 4681 489 4740 iii.
504 4702 565 4761 cap.
577 4686 633 4760 213
655 4683 695 4742 Et
708 4703 746 4743 ex
760 4683 877 4742 Canone
891 4683 940 4758 29,
957 4675 1068 4758 Synodi
1083 4673 1261 4748 uadens,
1278 4673 1361 4751 ⁰¹¹i¹¹¹
