3152 5198
47 431 49 436 ,
145 385 258 430 eomer.
276 367 318 446 a]
570 387 609 426 na
625 385 906 428 saacrirrcarroxr.
1300 375 1358 438 637

147 527 216 584 tiam
252 526 428 602 odlr'qetioais
462 531 492 582 et
522 525 623 596 debiti,
655 545 716 601 qua
748 527 899 601 obligatus
930 535 975 584 est
1008 545 1045 584 ex
1075 529 1232 586 commisso
1263 531 1358 588 bomi-

148 625 231 664 num.
274 605 302 662 3.
328 605 359 662 N
362 623 400 661 on
421 622 459 661 ex
479 604 570 660 verbo
591 609 718 674 trabem,
740 605 812 679 qnia
833 611 938 661 notum
959 612 1003 662 est
1024 625 1101 680 saepe
1121 608 1192 681 poni
1212 626 1267 681 pro
1288 609 1356 665 sim-

146 684 216 760 plici
226 691 317 754 ·totm,
338 683 448 740 Mattb.
464 681 556 739 xxvii.
572 681 619 752 58,
636 683 708 741 Luc.
724 684 763 740 ir.
784 683 832 752 20,
847 688 876 741 et
889 683 929 739 ix.
944 683 992 752 42,
1008 683 1076 741 Act.
1092 686 1131 741 iv.
1154 685 1201 756 33,
1222 691 1252 741 et
1272 687 1353 744 alibi.

149 761 264 820 Paulus
288 767 389 819 autem
415 760 465 817 hic
487 759 626 818 adhibuit
648 763 772 818 verbum
799 761 880 817 istud
904 762 1004 834 potius
1029 780 1121 836 quam
1146 762 1271 838 simplex
1295 783 1357 821 non

148 847 270 915 propter
277 839 499 914 proportionem
510 839 699 912 aequalitatis,
711 857 778 913 quae
787 838 950 896 intercedat
957 839 1034 896 inter
1045 858 1121 915 opus
1135 848 1165 896 et
1176 843 1356 913 mercedem

146 920 197 976 sed
211 925 333 993 propter
346 917 495 992 duplicem
518 925 596 984 exim
610 917 648 974 ad
663 917 894 991 promittentem,
904 917 979 974 etad
994 926 1174 990 operantem,
1186 917 1259 994 quia
1269 921 1358 979 datur

147 999 310 1070 praemium,
325 1001 436 1070 etpost
455 995 639 1069 promissum,
655 1001 685 1052 et
703 1001 770 1069 post
790 1013 864 1068 opus
883 995 1075 1068 praeteritum.
1118 997 1176 1055 Sed
1198 998 1269 1073 quia
1288 1018 1356 1074 pro·

146 1073 247 1132 missio
261 1093 379 1151 prorsus
393 1080 437 1130 est
450 1073 579 1146 gratuita
593 1081 622 1130 et
632 1073 775 1141 indebita,
789 1080 820 1128 et
834 1090 907 1146 opus
921 1073 1063 1143 debitum,
1077 1075 1194 1133 finitum
1208 1083 1238 1132 et
1249 1075 1356 1152 imper-

146 1152 265 1223 fectum,
290 1171 400 1209 merces
421 1151 538 1209 infinita
560 1159 590 1209 et
610 1160 730 1220 aeterna,
754 1157 910 1206 elevarem
928 1169 989 1208 non
1012 1159 1110 1227 potest
1133 1153 1287 1228 designare
1308 1159 1356 1212 vel

147 1232 285 1289 meritum
299 1233 348 1286 vel
362 1230 539 1304 dignitatem
553 1230 658 1304 operis.

190 1307 327 1366 XXXV.
350 1307 400 1365 Ad
415 1308 481 1365 loca
496 1306 619 1364 Petrum
633 1307 744 1382 quibus
759 1308 804 1364 uti
817 1308 913 1365 solent
928 1307 1104 1366 Adversarii
1126 1311 1190 1368 lraec
1203 1311 1235 1367 ln
1248 1329 1355 1386 genere

149 1387 252 1461 reponi
271 1392 415 1461 possunt:
439 1386 464 1443 1.
487 1385 611 1443 Frustra
624 1385 734 1442 adduci
749 1403 784 1442 ea
797 1386 872 1456 loca,
886 1386 918 1442 in
932 1388 1041 1460 quibus
1055 1389 1089 1443 fit
1103 1389 1215 1446 mentio
1229 1390 1356 1448 beatitu-

147 1465 226 1522 dinis
236 1471 270 1522 ut
278 1483 402 1534 coronae,
413 1463 527 1539 praemii
538 1471 568 1521 et
577 1464 731 1532 mercedis,
739 1463 772 1519 in
782 1464 892 1538 quibus
903 1471 1050 1522 testantur
1060 1464 1160 1522 Deum
1168 1467 1356 1526 redditurum

147 1543 308 1618 unicuique
322 1545 485 1600 secundum
500 1560 597 1616 opera,
612 1541 684 1616 quia
697 1542 753 1599 boc
766 1542 905 1599 meritum
919 1561 978 1600 non
993 1543 1101 1600 inferre
1115 1545 1355 1617 supradiximus.

146 1622 173 1678 2.
189 1621 334 1678 Meritum
353 1621 414 1677 illis
433 1638 495 1678 esse
519 1637 597 1695 saepe
618 1619 865 1689 consecutionem,
880 1627 910 1678 et
931 1621 1169 1696 impetrationem
1183 1622 1226 1678 rei
1245 1625 1356 1696 qualis·

150 1717 267 1774 cunque
291 1699 382 1756 etiam
395 1699 534 1773 gratuitae
550 1705 580 1756 et
595 1698 744 1767 mdebitae,
759 1691 839 1772 qnod
854 1697 1057 1756 BellarmInus
1070 1699 1133 1773 ipse
1147 1699 1288 1773 agnoscit,
1303 1704 1356 1776 qui

147 1777 269 1846 fatetur,
283 1777 335 1834 lib.
349 1776 374 1834 1.
386 1779 424 1834 de
437 1775 521 1834 Grat.
530 1784 561 1833 et
572 1775 638 1834 Lib.
649 1776 723 1833 Arb.
736 1795 760 1833 c.
774 1776 819 1850 14,
833 1777 1038 1850 Augustinum
1052 1777 1192 1833 meritum
1206 1779 1357 1852 appellare

146 1855 309 1930 quemlibet
322 1861 421 1912 actum
436 1855 549 1912 bonum
558 1854 673 1912 ratione
683 1855 770 1927 cujus
785 1855 900 1930 aliquid
914 1855 998 1912 aliud
1013 1855 1180 1929 accipimus.
1216 1855 1242 1913 3.
1255 1855 1356 1916 Solere

146 1934 274 2008 priorem
287 1934 414 2008 gratiam
429 1932 580 2007 appellare
594 1931 735 1988 meritum
749 1933 927 2006 posterioris,
942 1942 972 1990 ct
986 1933 1180 2008 posteriorem
1196 1935 1352 2008 praemium

145 2011 260 2086 prioris,
275 2030 335 2069 non
358 2019 478 2086 propter
499 2010 595 2067 ullam
618 2009 764 2068 rationem
787 2013 851 2068 veri
875 2012 981 2081 meriti,
1003 2013 1055 2068 sed
1078 2017 1199 2085 propter
1221 2013 1356 2071 ordinem

145 2090 241 2159 illum,
256 2107 346 2164 quem
361 2090 443 2146 Deus
457 2088 594 2158 instituit,
609 2095 640 2146 ct
653 2106 713 2164 quo
727 2089 824 2146 voluit
837 2096 872 2148 ut
892 2090 996 2164 gratias
1018 2107 1081 2146 sese
1095 2098 1355 2164 consequerentur,

145 2173 175 2225 et
198 2168 255 2225 sibi
278 2167 406 2224 invIcem
430 2167 627 2225 succederent.
668 2168 695 2222 4.
723 2165 756 2224 Si
777 2169 916 2242 quaedam
937 2168 1017 2227 dicta
1041 2166 1163 2224 duriora
1186 2177 1355 2240 occurrunt,

144 2247 266 2320 quando
277 2246 443 2320 loquuntur
453 2245 637 2318 demegorice
648 2251 678 2302 et
688 2245 905 2315 declamatorie,
918 2253 952 2302 ut
962 2245 1109 2303 efficacius
1121 2254 1356 2319 promoveantur

145 2323 279 2380 homines
293 2325 331 2380 ad
346 2324 480 2380 studium
493 2323 640 2380 bonorum
655 2341 788 2397 operum,
803 2325 980 2398 exponenda
993 2330 1064 2381 sunt
1085 2342 1123 2380 ex
1146 2323 1212 2381 aliia
1226 2325 1308 2395 locis,
1323 2326 1354 2383 in

145 2401 254 2475 quibus
268 2401 436 2474 dogmatice
449 2407 479 2458 et
492 2417 529 2456 ex
542 2401 673 2474 professo
684 2402 721 2457 de
735 2401 793 2457 boc
803 2409 980 2475 argumento
994 2409 1125 2476 agentes,
1136 2403 1255 2459 nullum
1269 2403 1356 2460 meri-

146 2484 212 2535 tum
225 2478 291 2535 dari
306 2496 391 2552 posse
405 2495 476 2551 erga
490 2477 589 2534 Deum
602 2479 745 2547 fatentur,
760 2486 790 2536 et
803 2479 906 2536 onmia
919 2480 1013 2554 gratis
1027 2481 1065 2538 ab
1079 2481 1143 2554 ipso
1157 2480 1256 2555 recipi.

187 2555 344 2614 XXXVI.
367 2555 494 2614 Possent
507 2556 566 2612 buc
579 2557 699 2630 congeri
722 2555 881 2614 innumera
904 2559 978 2627 loca,
994 2577 1031 2615 ex
1053 2559 1162 2632 quibus
1183 2559 1240 2615 boc
1253 2565 1354 2632 patet;

147 2633 204 2692 Sed
226 2652 322 2710 pauca
344 2640 501 2692 tantuma
524 2635 627 2692 multis
648 2641 767 2692 notasse
789 2635 921 2693 sufficiet.
964 2635 1202 2709 chrysostomus,
1217 2638 1354 2710 quamvis

144 2712 212 2786 plus
226 2731 312 2788 aequo
327 2729 404 2788 saepe
414 2730 527 2788 pronus
541 2712 572 2768 in
586 2713 691 2769 laudes
704 2711 813 2769 virium
828 2721 953 2783 natura,
967 2714 1057 2786 longe
1078 2721 1178 2770 tomen
1199 2712 1296 2772 abfuit
1315 2717 1354 2773 ab

146 2791 284 2866 opinione
295 2792 406 2862 meriti3
422 2790 537 2848 Homil.
551 2790 596 2847 12.
609 2791 639 2846 in
652 2790 748 2865 Epist.
760 2792 799 2848 ad
811 2791 908 2861 Rom,
924 2791 1110 2866 “Apostolus
1120 2791 1229 2865 dicens,
1237 2791 1355 2866 StIpen-

144 2869 227 2926 dium
241 2870 354 2944 peccati
367 2887 457 2940 mors,
468 2887 528 2926 non
543 2870 671 2926 eundem
686 2869 763 2926 eirca
777 2869 856 2928 bona
870 2869 1000 2926 servavit
1014 2869 1158 2940 ordinem,
1169 2869 1278 2944 quippe
1293 2889 1354 2929 non

144 2947 225 3017 dicit,
235 2965 477 3022 mercesoperum
488 2953 667 3016 nosborum,
682 2949 733 3004 sed
749 2948 870 3004 Donum
882 2947 947 3015 Dei,
959 2948 1117 3005 ostendens
1131 2949 1212 3022 quod
1227 2965 1287 3004 non
1301 2968 1354 3023 per

145 3025 256 3099 seipsos
278 3026 398 3084 liberati
420 3031 498 3096 sunt,
514 3043 568 3082 nec
590 3025 724 3083 debitum
746 3035 929 3100 receperunt,
943 3043 998 3082 nec
1018 3025 1157 3082 laborum
1181 3042 1353 3100 compensa-

145 3102 257 3159 tionem
271 3109 301 3160 et
314 3105 487 3174 mercedem,
503 3105 554 3160 sed
568 3104 649 3178 quod
665 3103 765 3161 omnia
777 3104 874 3176 gratia
886 3103 966 3161 facta
979 3105 1077 3160 sunt.”
1120 3103 1161 3160 Et
1175 3105 1253 3160 hom.
1269 3105 1296 3175 2,
1312 3107 1351 3164 ad

146 3179 209 3238 Col.
226 3187 243 3214 “
255 3179 315 3238 Cur
328 3189 416 3239 vocat
428 3182 653 3241 haeredictemt
676 3181 843 3239 Ostendens
857 3183 939 3256 quod
953 3200 991 3238 ex
1012 3182 1097 3239 bonis
1110 3181 1172 3239 suis
1186 3181 1353 3242 actionibus

144 3265 175 3314 ct
187 3265 265 3316 recto
279 3258 373 3330 lactis,
388 3277 476 3316 nemo
491 3259 631 3335 Regnum
656 3261 832 3334 assequitur,
848 3262 898 3317 &c
940 3258 1054 3316 Nullus
1068 3259 1147 3317 enim
1162 3259 1202 3316 sic
1216 3278 1246 3317 se
1259 3261 1352 3319 vltam

143 3336 282 3409 probavit
290 3337 460 3406 instituisse,
469 3345 505 3393 ut
515 3340 625 3413 dignus
635 3339 781 3395 habeatur
792 3338 907 3412 Regno,
918 3339 968 3395 sed
980 3337 1120 3413 quicquid
1132 3337 1226 3408 idest,
1237 3340 1352 3397 donum

143 3419 189 3469 cst
199 3413 273 3486 ejus,
281 3412 441 3489 Propterea
454 3415 540 3486 dixit,
553 3417 629 3474 Cum
644 3416 745 3473 omnia
756 3416 894 3486 feceritis,
906 3416 1005 3485 dicite,
1015 3416 1091 3472 servi
1104 3415 1226 3474 inutiles
1237 3435 1350 3487 sumus,

144 3509 211 3566 quaa
226 3491 306 3550 enim
320 3492 479 3550 debuimus
491 3494 758 3566 facere,feci1nus.’'
803 3493 929 3552 Hieron.
943 3495 994 3551 lib.
1006 3495 1024 3551 i.
1037 3501 1115 3552 cont.
1126 3493 1227 3569 Pelag.
1243 3494 1353 3553 “Tunc

139 3569 215 3644 justi
225 3587 339 3641 sumus,
348 3587 443 3644 quum
451 3587 506 3630 nos
513 3579 680 3647 peccatores
687 3572 827 3642 fatemur,
838 3579 868 3629 et
876 3573 996 3647 justitia
1006 3578 1108 3630 nostra
1117 3573 1220 3630 nonin
1231 3575 1352 3650 proprio

144 3648 258 3720 merito,
273 3651 325 3706 sed
348 3649 380 3705 in
405 3647 462 3705 Dei
486 3651 622 3710 consistit
641 3650 870 3707 nrisericordia.'’
913 3651 1044 3726 August.
1059 3651 1110 3708 lib.
1125 3652 1164 3708 iv.
1179 3653 1218 3708 ad
1232 3651 1349 3711 Bonita.

143 3743 206 3800 cap.
221 3727 250 3797 4,
272 3726 437 3786 “Christus
457 3747 512 3803 pro
533 3728 619 3787 nobis
632 3729 713 3786 solus
726 3728 855 3803 suscepit
868 3728 931 3785 sinc
944 3729 1032 3786 malis
1045 3730 1158 3786 meritis
1171 3747 1298 3803 poenam,
1315 3738 1350 3788 ut

142 3821 197 3861 nos
209 3823 262 3879 per
275 3805 372 3880 ipsum
387 3805 449 3864 sine
463 3808 549 3865 bonis
562 3806 674 3864 meritis
688 3823 935 3881 consequeremur
944 3807 1108 3864 indebitam
1121 3805 1277 3880 gratiam.”
1309 3807 1351 3866 Et

142 3899 205 3956 cap.
221 3882 248 3952 9,
262 3885 300 3940 dc
324 3881 395 3942 Gra.
420 3891 451 3942 et
473 3884 540 3942 Lib.
557 3885 642 3954 Arb,
671 3883 809 3942 “Maluit
827 3884 933 3954 dicere,
950 3883 1055 3942 Gratia
1069 3883 1126 3940 Dei
1146 3884 1208 3942 vita
1229 3889 1349 3956 aeterna,

141 3966 176 4015 ut
188 3959 423 4035 intelligeremus
436 3981 497 4020 non
510 3981 565 4038 pro
578 3961 691 4019 meritis
705 3961 813 4018 nostris
834 3961 933 4018 Deum
957 3979 1011 4018 nos
1032 3962 1070 4018 ad
1091 3967 1233 4018 aeternm
1246 3962 1349 4034 vitam,

141 4040 193 4096 sed
207 4057 261 4113 pro
274 4057 330 4096 sua
353 4039 556 4098 misericordia
574 4039 764 4116 perducere.’'
806 4038 847 4096 Et
869 4037 901 4093 in
922 4036 1001 4097 Psal.
1016 4039 1078 4095 lxx.
1094 4037 1182 4097 Cone.
1198 4040 1225 4111 2,
1255 4039 1349 4100 “rue

141 4124 262 4190 peccata
275 4123 354 4187 sunt,
369 4118 477 4176 merita
490 4118 547 4176 Dei
561 4125 639 4188 sunt,
655 4124 685 4175 ct
698 4135 767 4174 curn
780 4115 935 4192 proemium
949 4115 1073 4186 venerit,
1088 4135 1143 4174 sua
1162 4118 1243 4174 dona
1262 4137 1346 4176 coro-

141 4193 233 4264 nabit,
247 4212 308 4252 non
322 4195 429 4253 merita
442 4199 524 4255 tua.’'
566 4196 739 4254 Bernardus
754 4195 846 4254 Scrm.
862 4195 910 4268 61,
924 4194 955 4251 in
971 4194 1066 4266 Cant,
1082 4201 1100 4228 ‘⁶
1109 4194 1215 4252 Meum
1223 4197 1347 4270 proinde

141 4271 290 4343 meritum,
304 4273 455 4332 miseratio
476 4275 608 4344 Domini,
622 4291 683 4330 non
703 4275 792 4347 plane
812 4274 910 4332 meriti
931 4291 997 4331 sum
1020 4273 1115 4348 inops,
1136 4274 1271 4347 quandiu
1295 4275 1347 4332 ille

139 4365 199 4406 non
223 4351 447 4409 miserationum
468 4353 588 4412 fuecit?
611 4349 734 4410 Concili.
758 4351 880 4410 Arausi.
904 4351 975 4411 Can.
992 4351 1038 4422 12,
1054 4357 1071 4385 ‘⁸
1083 4350 1169 4408 Tales
1189 4369 1244 4409 nos
1265 4359 1347 4410 amat

141 4425 232 4498 Deus,
247 4429 351 4502 quales
364 4429 459 4487 firturi
474 4449 577 4488 sumus
592 4429 657 4503 ejus
670 4429 759 4498 dono,
773 4447 834 4486 non
849 4431 952 4506 quales
965 4448 1069 4487 snmus
1084 4435 1185 4486 nostro
1198 4431 1334 4488 merito.”

181 4505 357 4564 XXXVII.
381 4505 449 4566 Imo
463 4508 493 4564 in
508 4510 574 4584 ipsa
595 4506 729 4566 Ecclesia
746 4505 885 4566 Romana
898 4527 959 4566 non
980 4527 1076 4584 pauca
1097 4515 1265 4577 occurrunt,
1280 4527 1347 4583 quae

140 4583 251 4640 meritis
264 4585 469 4656 adversantur,
483 4593 519 4644 ut
532 4605 627 4662 quum
642 4583 774 4642 Ecclesia
786 4585 818 4641 in
834 4587 972 4646 collectis
987 4585 1148 4645 Domitii).
1169 4586 1251 4656 dicit,
1277 4585 1348 4644 “Ex

140 4661 665 4734 nullaaetionenostraconfidimus,”
678 4661 753 4719 Etin
761 4661 980 4723 CenomMissae
992 4671 1059 4740 post
1068 4673 1239 4738 consecrat,
1251 4663 1305 4723 “N
1308 4683 1347 4722 on
