3202 5194
134 403 236 454 neser.
251 383 334 468 nu]
646 405 686 446 ne
701 406 777 448 neus
792 403 853 448 ner.
1292 389 1330 447 83

54 578 55 639 p
166 547 233 606 VII.
256 545 372 622 Tertio,
388 545 436 639 br
448 543 541 624 Apoo.
562 543 582 606 i,
605 549 651 623 10,
674 547 724 606 ubi
747 547 898 608 Jobnnnes
919 547 989 608 dicit
1008 568 1038 608 ae
1057 505 1172 626 raptum
1185 548 1276 622 firiree
1297 548 1326 608 in

55 643 56 714 t
129 628 219 704 spirite
237 629 300 686 Die
313 629 474 702 Domrnzco,
495 647 554 685 non
575 646 643 686 sane
666 627 813 689 Sabbatho
834 628 1013 707 Judaeorum,
1036 629 1114 707 quod
1135 627 1325 706 proculdubio

128 708 316 783 nominasset,
340 726 399 766 non
419 706 516 784 aliquo
537 715 649 766 tentum
670 707 716 766 die
738 709 914 787 septimana,
929 709 999 787 quie
1018 710 1061 770 sie
1080 699 1234 787 ambiguus
1248 715 1333 766 esset·

127 787 226 863 titulus,
250 787 291 846 ud
314 786 523 865 implicandum
544 788 748 866 potiusquam
769 789 973 866 explicandum
994 798 1183 868 comparatus,
1205 788 1258 848 sed
1277 787 1325 848 die

126 866 176 942 illo,
191 888 249 944 quo
265 867 405 928 Christus
424 876 627 942 resurrexerat,
643 887 700 944 quo
715 868 868 928 convenire
883 869 1015 928 solebant
1028 869 1164 948 Apostoli
1184 868 1222 927 ed
1242 887 1325 928 saera

126 947 290 1026 peragenda,
317 956 428 1024 atquo
452 947 561 1007 Paulus
581 947 764 1007 ordinaverat
786 949 922 1008 collectas
944 949 1102 1025 habendus,
1126 957 1212 1028 prout
1235 947 1324 1007 moris

126 1037 179 1086 erut
197 1028 228 1086 in
249 1028 405 1106 prImitiva
427 1027 567 1086 Ecclesia.
609 1027 682 1086 Cum
702 1047 772 1105 ergo
792 1028 829 1088 de
849 1029 901 1088 illa
920 1028 967 1088 die
988 1037 1126 1107 tanquam
1148 1037 1217 1088 nota
1238 1035 1268 1088 et
1291 1028 1323 1086 in

127 1105 247 1167 Ecclesia
268 1107 383 1168 usitata
401 1107 544 1184 loquetur,
566 1107 686 1168 dubium
707 1127 765 1166 non
781 1116 834 1183 est,
850 1109 920 1185 quin
934 1129 971 1167 ex
985 1118 1100 1187 recepto
1116 1108 1254 1169 Ecclesia
1267 1125 1323 1168 usu

125 1185 170 1246 boc
179 1186 297 1246 nomine
312 1187 455 1264 insignite
469 1187 522 1263 sit;
542 1186 613 1261 Quis
624 1187 700 1246 enim
711 1187 783 1246 alins
795 1188 1022 1248 Christianorum
1036 1190 1235 1263 intellexisset,
1251 1187 1322 1265 quid

124 1265 264 1404 Jplhmnes
286 1268 347 1327 hac
369 1266 561 1345 appellatione
583 1267 782 1346 significasset,
805 1267 830 1328 si
852 1287 940 1345 quam
961 1268 1048 1328 eliam
1069 1269 1147 1328 diem
1169 1269 1321 1346 designare

124 1365 139 1402 v
165 1347 276 1408 ulsset?

49 1407 51 1472 i
156 1427 242 1485 VIII.
265 1427 391 1502 Quarto,
414 1425 499 1486 Solus
520 1425 569 1485 ille
590 1433 700 1487 mumre
722 1427 817 1506 potuit
841 1427 1029 1504 sabbathum,
1044 1429 1093 1487 vel
1114 1427 1278 1488 immediate
1292 1433 1322 1486 et

49 1505 51 1570 “
123 1505 1251 1660 i‘iffi‘iffliifflliiflibbilisiiiiiibiiii·
1265 1507 1320 1646 iil
1415 1607 1418 1612 -

124 1663 152 1720 N.
165 1666 196 1724 T.
210 1687 227 1725 a
240 1686 301 1743 quo
316 1665 417 1724 cultus
437 1666 499 1743 ipse
512 1665 567 1724 luit
580 1665 738 1742 institutus,
754 1675 783 1726 et
797 1687 814 1726 e
828 1687 886 1744 quo
900 1668 994 1727 omnis
1013 1667 1177 1727 benedictio
1197 1666 1228 1724 in
1242 1665 1321 1726 omni

49 1791 50 1801 ,
124 1744 190 1804 cultu
202 1745 391 1824 expectanda
404 1753 457 1804 est

157 1825 211 1884 IX.
232 1826 356 1901 erinto,
381 1825 414 1884 si
435 1844 489 1884 nec
510 1844 528 1883 a
548 1823 672 1901 Christo,
694 1843 749 1884 nec
770 1824 806 1883 ab
821 1823 974 1902 Apostolis
995 1825 1169 1884 constitutus
1189 1831 1234 1882 est
1248 1823 1321 1882 Dies

50 1955 51 1962 ,
126 1901 289 1982 Dominicus,
314 1904 444 1966 deterior
464 1905 519 1964 erit
539 1905 666 1964 conditio
681 1903 822 1964 Ecclesiae
843 1904 1013 1964 Christianae
1036 1905 1091 1965 sub
1113 1904 1198 1964 Novo
1219 1904 1319 1962 Testa·

124 1994 215 2060 mento,
229 2005 322 2063 quem
338 1984 360 2045 J
362 1984 510 2044 udreonrm
524 1984 555 2042 in
568 1984 670 2044 Veteri
681 2006 688 2060 ;
709 1983 778 2062 quie
796 1983 827 2042 in
841 1984 943 2044 Veteri
956 1985 1035 2044 Test.
1050 1984 1105 2046 luit
1118 1983 1181 2042 dies
1195 1982 1320 2042 destine-

49 2095 51 2108 »
123 2069 162 2120 tus
174 2065 260 2142 quieti
274 2087 293 2125 a
310 2065 413 2124 labore
427 2064 526 2140 seculi,
542 2084 599 2141 quo
613 2064 730 2124 familie
744 2083 778 2122 ec
791 2063 933 2141 jumentis
946 2064 1157 2125 concedebatur
1169 2062 1320 2141 respiratio

49 2187 50 2204 ι
124 2141 155 2200 ab
166 2165 243 2221 opere
257 2144 374 2218 servili,
392 2145 478 2204 Dent.
494 2164 522 2202 v.
540 2147 586 2218 14,
601 2145 696 2222 qualis
710 2144 741 2202 in
755 2143 840 2203 Novo
854 2144 1039 2204 Testamento
1052 2145 1150 2204 nullus
1164 2143 1226 2219 erit,
1242 2142 1321 2220 quod

125 2221 263 2284 ebmrdum
278 2245 350 2286 esse
364 2244 451 2283 nemo
463 2243 523 2284 nou
535 2223 625 2300 videt,
641 2243 706 2284 eum
726 2223 813 2300 longe
834 2224 929 2301 potior
943 2225 981 2284 sit
994 2225 1121 2284 conditio
1142 2231 1241 2284 nostre
1260 2243 1320 2302 pra

126 2309 191 2363 stetu
202 2304 356 2380 Veterum,
372 2304 423 2382 qui
433 2305 508 2382 jugo
523 2303 611 2381 Legis
625 2303 783 2380 ἆβκπιίιτρ
797 2303 1008 2380 premebantur.

159 2383 196 2442 X.
217 2385 321 2460 Sexte,
338 2384 372 2444 Si
389 2383 456 2444 Diei
471 2383 616 2444 Dominiei
636 2384 780 2444 institutio
794 2384 832 2444 sit
846 2382 1035 2444 ordinaberis
1048 2391 1162 2444 tantum
1174 2383 1318 2459 humanm,

129 2459 179 2520 sive
198 2465 336 2541 politiore,
358 2463 422 2523 slve
437 2463 658 2538 Ecclesiasticus,
681 2471 714 2523 ut
735 2463 844 2540 publici
864 2464 960 2524 cultus
981 2463 1183 2524 necessitatem
1197 2465 1320 2523 circum·

129 2542 256 2619 scripserit
267 2546 401 2604 bumana
411 2542 587 2618 constitutio,
599 2542 723 2604 rescindi
737 2543 843 2620 poterit
853 2543 954 2602 eedem
967 2543 1113 2620 facilitate,
1126 2562 1184 2621 qna
1195 2542 1319 2619 coaluit3

128 2637 171 2678 nee
187 2623 225 2681 its
242 2624 360 2686 sortiter
373 2623 471 2700 urgeri
490 2623 596 2701 peterit
610 2623 673 2701 ejus
688 2622 898 2682 observationis
910 2623 1085 2701 necessitas;
1107 2623 1149 2682 sic
1162 2622 1240 2682 enim
1253 2641 1319 2700 pro·

129 2695 199 2760 lenus
217 2723 316 2764 secum
339 2703 507 2781 dispensare
528 2703 643 2780 poterit,
666 2723 703 2763 ne
723 2701 837 2762 intersit
859 2703 994 2781 precibus
1017 2711 1047 2762 et
1070 2702 1266 2777 concionibus,
1290 2708 1321 2760 et

129 2779 234 2852 quilibet
255 2783 378 2862 quidvis
398 2783 504 2860 egendi
524 2783 574 2842 vel
597 2782 766 2860 negligendi
787 2782 844 2842 sibi
867 2782 1031 2860 indulgeret
1052 2783 1176 2858 veniem,
1200 2781 1226 2840 si
1246 2779 1321 2839 nihil

130 2857 261 2923 siceram
275 2883 317 2924 ex
334 2863 499 2939 Scripturis,
515 2861 594 2940 quod
613 2870 718 2940 praeter
737 2862 896 2922 humanum
915 2861 1081 2922 institutum
1094 2861 1238 2937 obligaret
1250 2879 1319 2918 eon·

132 2938 274 3003 scientiam.
321 2942 483 3002 Prudenter
496 2963 566 3019 ergo
580 2950 610 3002 et
629 2943 686 3020 pie,
707 2950 812 3019 prester
832 2943 981 3002 solennem
1001 2951 1031 3001 et
1051 2959 1110 2999 non
1130 2939 1320 3014 interruptum

133 3013 253 3082 Ecclesia
278 3022 472 3098 treditionem,
497 3021 668 3100 Apostoliea
690 3029 812 3098 urgetur
832 3021 943 3080 sanctio
967 3027 997 3079 et
1020 3019 1128 3095 praxis,
1151 3024 1185 3076 ut
1208 3025 1321 3077 constet

133 3093 278 3162 Ecclesiam
293 3102 367 3162 nibil
387 3101 483 3180 egisse
501 3102 532 3160 in
552 3121 583 3162 re
603 3101 677 3161 tanti
696 3099 834 3160 momenti
855 3097 935 3176 quod
955 3097 1058 3158 eviris
1080 3093 1248 3161 eumdum
1261 3115 1321 3155 non

134 3177 1086 3320 tttlttltttltttttlttttttttt”ttfflttni
1105 3255 1222 3317 neme
1241 3255 1321 3316 see

135 3340 160 3390 et
172 3281 337 3420 temporibus
351 3307 569 3418 iposrolorum.
602 3341 682 3402 Inter
695 3359 768 3418 quos
782 3347 828 3399 est
840 3303 867 3398 J'
888 3279 909 3336 q
927 3278 980 3414 iri:
993 3338 1077 3416 epist.
1091 3337 1130 3396 ad
1143 3337 1276 3414 Magnes.
1290 3343 1321 3397 et

135 3411 235 3494 Tralli3
248 3421 335 3481 Justi.
350 3419 439 3497 Apol.
452 3420 498 3497 ii.;
521 3421 626 3497 Dierp.
643 3420 768 3482 C'orintlr.
789 3439 846 3497 epu
888 3419 995 3478 Euseb.
1016 3417 1037 3479 l.
1051 3417 1091 3478 iv.
1106 3437 1131 3478 e.
1144 3421 1199 3493 223
1220 3419 1320 3476 Melite

136 3496 199 3568 apud
211 3500 341 3577 eundem,
362 3501 413 3559 lib.
432 3499 473 3560 iv.
487 3521 512 3558 e.
530 3503 587 3577 263
608 3502 735 3560 Irencena
748 3499 826 3577 apud
839 3499 971 3574 eundem,
992 3499 1013 3556 l.
1027 3518 1056 3558 v.
1072 3519 1097 3558 c.
1112 3501 1168 3573 243
1191 3497 1320 3556 Tertulli.

136 3570 165 3630 de
182 3577 288 3640 Corona
308 3579 428 3657 Militis;
453 3581 588 3656 Θάρυκι
607 3581 638 3638 in
651 3600 714 3657 cap.
729 3600 779 3638 xv.
795 3578 891 3640 Exod.
910 3579 962 3638 lib.
976 3578 1027 3654 iii,
1042 3586 1073 3637 et
1090 3577 1140 3636 alii
1153 3597 1212 3636 non
1225 3576 1319 3655 pauci.

138 3649 191 3713 Huc
211 3661 334 3738 perfluet
359 3659 423 3719 Lex
444 3659 481 3722 de
504 3679 539 3719 eo
563 3661 622 3720 lata
645 3679 664 3718 a
688 3658 876 3720 Constantino
904 3659 1014 3736 Magno
1042 3657 1219 3734 Imperetore
1242 3655 1321 3734 apud

138 3729 227 3798 Eoseb.
239 3741 292 3802 lib.
306 3741 347 3800 iv.
363 3739 399 3798 de
413 3740 476 3799 vita
489 3739 681 3806 Constantini,
696 3758 759 3816 cap.
775 3741 821 3815 18,
835 3737 959 3815 repetita
978 3745 1009 3798 et
1028 3737 1196 3798 confirmata
1208 3735 1246 3794 eb
1260 3737 1319 3794 Im-

137 3820 298 3884 ltretoribus
319 3819 549 3894 succedentibus,
571 3819 745 3892 Theodosio,
766 3817 980 3892 Valentiniano,
1003 3816 1139 3891 Arcadio,
1162 3816 1269 3889 leone,
1291 3821 1321 3872 et

138 3889 256 3972 trono,
279 3899 424 3977 equibus
444 3899 635 3960 severissimis
655 3898 832 3976 prohibitum
854 3905 898 3958 est
921 3897 1015 3975 poenis
1037 3896 1174 3956 exhibere
1196 3894 1251 3952 boo
1273 3890 1321 3952 die

137 3979 290 4056 metronia,
306 3986 359 4039 eut
371 3979 570 4056 voluptatibus
584 3997 700 4058 operam
714 3977 791 4053 dare,
806 3985 839 4038 ut
852 3977 952 4036 videre
966 3984 1011 4036 est
1025 3975 1131 4034 Codice
1145 3973 1181 4032 de
1195 3971 1283 4032 teriia

151 4129 157 4141 ·
170 4052 237 4116 x11.
259 4059 343 4118 Idem
357 4066 492 4118 asserunt
504 4059 620 4136 plurimi
634 4077 673 4116 ex
686 4057 809 4132 nostris3
833 4055 972 4116 Calvinus
985 4056 1016 4114 iu
1026 4053 1095 4114 Aet
1104 4073 1174 4113 run:
1197 4053 1216 4086 ‘⁶
1227 4051 1320 4114 Vero·

139 4133 243 4196 emiliu-
257 4147 302 4198 est
316 4138 478 4216 Apostolos
492 4137 569 4198 diem
582 4137 666 4198 initio
678 4135 831 4197 retinuisse
845 4137 908 4214 jem
920 4135 1068 4210 usitatum,
1081 4141 1183 4212 postea
1195 4132 1217 4194 J
1218 4132 1324 4196 udslca

137 4217 322 4286 mpentitione
337 4225 453 4278 coaetos
466 4218 518 4278 illo
531 4218 671 4296 abrogato
685 4217 773 4276 elium
787 4215 999 4276 substituisse.”
1022 4215 1152 4274 Bucerus
1165 4214 1202 4273 de
1217 4213 1321 4288 Regno

55 4339 56 4352 ι
137 4287 234 4369 tbi-leti,
248 4317 311 4376 esp.
329 4301 382 4358 15:
405 4299 424 4332 ‘⁴
436 4297 507 4358 Dies
522 4297 691 4358 Dominicus
702 4297 739 4356 ab
753 4295 824 4374 ipsis
835 4295 986 4372 Apostolis
1000 4295 1089 4354 serris
1102 4292 1263 4354 notionibus
1277 4299 1323 4352 est

137 4379 331 4438 e⁰11⁸ecratusJ'
365 4379 414 4437 Sie
429 4377 508 4436 Bere
521 4377 551 4435 in
566 4378 643 4455 Apo.
657 4375 677 4435 i.
694 4379 741 4452 10,
755 4373 941 4434 traditionem
950 4375 1026 4434 banc
1040 4393 1103 4434 esse
1113 4392 1181 4432 vere
1192 4369 1322 4428 divinam

137 4453 229 4530 *hbuit
242 4466 273 4517 et
295 4457 407 4536 Spiritu
429 4456 555 4517 dictante
575 4457 613 4516 eb
627 4455 779 4534 Apostolis
798 4453 921 4532 lactem
944 4457 962 4490 “
975 4454 1134 4514 DomIniese
1154 4450 1244 4524 igitur
1263 4446 1322 4538 dlei

137 4527 224 4609 eelim
243 4537 325 4616 qnod
345 4537 435 4598 etiarn
449 4537 538 4597 Justi.
561 4537 593 4596 in
617 4535 705 4614 Apol.
721 4539 748 4611 1,
774 4534 880 4594 diserte
905 4539 1117 4604 commemorat,
1144 4525 1322 4619 ᾼΡοῠῐοῑὶοω

137 4623 163 4664 ⁸0
184 4631 246 4676 vere
268 4617 379 4676 dlvinee
403 4624 472 4676 sunt
493 4616 684 4692 traditionis,'’
707 4613 762 4676 &e
806 4615 855 4674 Sie
881 4613 1035 4686 Gallonius,
1051 4607 1214 4698 Gelvimct
1236 4603 1322 4664 Bere

138 4683 248 4772 &stega
269 4697 301 4756 in
316 4696 414 4758 Exed.
430 4695 533 4758 xxxi:
555 4697 652 4760 “Hoc
668 4695 841 4770 institutum,
863 4703 897 4754 ut
909 4693 973 4754 dies
987 4687 1156 4751 Dominicus
1176 4703 1206 4744 m
1226 4682 1322 4746 locum
