3150 5206
246 368 306 428 258
651 379 743 420 nocua
758 377 887 418 necinus
902 375 1036 416 rasurus.
1282 353 1405 437 [sumar.
1419 379 1449 420 rr.

247 523 409 588 ordinarius
423 523 504 584 vocis
518 519 548 582 in
564 521 713 600 Scriptura
726 521 756 580 in
766 539 818 578 sex
830 519 894 578 aliis
902 519 974 577 locis
986 519 1015 576 in
1027 516 1133 594 quibus
1142 517 1363 602 occurrit,·Gen.
1374 521 1451 580 xxiv.

247 611 295 682 43,
320 607 402 666 Cant.
417 604 436 665 i.
452 608 480 679 3,
492 611 525 681 ,et
538 602 578 660 vi.
600 605 627 676 8,
651 601 746 659 Exod.
762 601 790 658 ii.
807 603 833 674 8,
868 599 944 658 Psal.
967 597 1060 656 lxviii.
1084 600 1131 672 25,
1154 605 1183 656 ct
1204 597 1290 657 Prov.
1313 619 1387 661 xxx.
1410 603 1451 660 19.

249 689 285 746 In
306 707 364 764 quo
385 693 530 763 postremo
550 683 615 740 loco
635 683 741 741 frustra
762 680 861 740 Judaei
881 679 1056 758 pertendunt
1075 687 1197 736 scortum
1219 678 1374 756 designari,
1390 683 1453 758 qnia

247 767 364 828 additur
378 765 484 840 statim,
499 773 652 842 postquam
663 762 773 822 dictum
787 769 832 819 est
845 762 921 819 uiam
934 754 991 819 oiri
1003 763 1087 818 antra
1100 779 1157 818 esse
1167 761 1367 835 absconditam,
1386 765 1402 794 ‘⁴
1411 763 1451 822 si.
1555 775 1556 780 κ

247 849 320 908 milis
334 857 374 907 eat
386 848 433 908 cia
447 847 570 906 mulieris
584 842 752 916 adultere,'’
774 861 832 919 qua
852 850 920 900 nota
935 839 1132 899 similitudinis
1152 839 1283 899 adhibita
1296 841 1453 902 ostenditur

247 929 466 991 similitudinem
479 924 582 1000 notari,
604 944 663 982 non
677 922 874 996 identitatem,
899 923 1008 980 Sensus
1022 929 1067 980 cst
1080 919 1159 978 viam
1179 920 1235 978 viri
1255 920 1294 980 ad
1314 921 1453 999 virginem
1555 933 1556 958 l

246 1009 446 1070 absconditam
460 1027 532 1080 esse,
548 1005 684 1064 nimirum
698 1013 775 1062 artos
789 1001 896 1078 quibus
916 1001 1049 1060 homiues
1072 1001 1202 1077 virgines
1225 1000 1280 1060 sibi
1302 1004 1452 1062 conciliare
1555 1045 1556 1076 ,

248 1089 374 1165 student,
397 1089 459 1147 slve
480 1087 518 1145 ad
537 1087 691 1144 honestum
712 1081 934 1158 matrimonium,
957 1081 1019 1140 sive
1041 1080 1078 1139 ad
1092 1081 1313 1158 corruptionem.
1357 1083 1453 1144 Potest

247 1170 335 1228 ctiam
348 1170 433 1245 virgo
447 1168 498 1226 illa
511 1165 610 1224 vocari
624 1167 824 1237 antecedenter,
840 1182 904 1239 quae
918 1161 985 1220 talis
1000 1170 1061 1219 erat
1075 1169 1149 1237 ante,
1165 1181 1224 1220 non
1238 1175 1452 1240 consequenter,

248 1249 297 1308 vel
310 1247 458 1321 ιοὶιπιιὸς
479 1254 508 1306 et
522 1248 713 1326 συγχυμτικός
734 1265 772 1303 ex
794 1243 1014 1320 opinionemve
1036 1242 1115 1320 quod
1135 1242 1201 1302 talis
1215 1242 1379 1320 haberetur,
1395 1245 1453 1304 sive

248 1330 327 1406 quod
341 1329 408 1389 talis
422 1327 523 1386 haberi
536 1327 642 1400 vellet;
665 1325 743 1402 quod
756 1325 804 1382 hic
814 1325 910 1382 locum
924 1343 983 1382 non
996 1331 1091 1400 potest
1105 1323 1220 1381 habere.

288 1409 385 1468 XIII.
407 1407 560 1484 Virginem
573 1413 670 1464 autom
685 1404 808 1463 Mariam
820 1403 916 1480 fuisse,
932 1423 997 1481 quae
1011 1403 1032 1462 J
1034 1423 1115 1462 esum
1125 1412 1256 1462 nostrum
1266 1403 1388 1482 peperit,
1398 1425 1453 1465 uon

247 1489 334 1548 modo
345 1488 466 1548 historia
481 1486 660 1563 Evangelica
673 1493 803 1559 testatur,
817 1484 869 1542 scd
883 1483 1002 1543 etfama
1016 1484 1079 1560 ipsa
1091 1484 1230 1561 loquitur.
1272 1483 1347 1542 Nam
1363 1487 1388 1543 si
1402 1486 1453 1544 hoc

247 1589 349 1629 verum
370 1589 429 1628 non
449 1567 512 1643 fuit,
524 1566 574 1644 qui
595 1565 658 1624 fieri
670 1565 772 1643 potuit,
787 1572 820 1624 ut
834 1565 928 1640 Virgo
942 1583 1002 1622 rem
1018 1571 1127 1622 tantam
1141 1574 1170 1623 ot
1183 1573 1242 1622 tam
1257 1563 1454 1625 incredibilem

247 1649 424 1725 mentiretur,
441 1657 470 1709 et
490 1656 523 1707 ut
536 1646 681 1724 Apostoli,
697 1645 747 1722 qui
767 1645 851 1704 facile
874 1643 1006 1703 falsitatis
1026 1645 1160 1702 convinci
1173 1652 1314 1722 poterant,
1330 1645 1387 1704 hoc
1398 1655 1455 1704 tam

247 1731 385 1791 audacter
408 1748 567 1810 proponere
589 1727 737 1802 auderent,
752 1725 866 1784 nemine
889 1725 1085 1784 reclamante?
1127 1725 1158 1784 Si
1180 1725 1299 1783 veroin
1313 1725 1455 1786 adulterio

235 1811 427 1889 'deprehensa
449 1819 502 1885 est,
524 1816 557 1868 ut
571 1808 592 1868 J
594 1807 669 1866 urlaei
691 1805 824 1866 nonnulli
838 1805 1011 1864 recentiores
1025 1804 1235 1883 blasphement,
1252 1805 1310 1864 Cur
1324 1806 1368 1864 illi
1383 1827 1453 1866 nuu-

248 1911 335 1969 quam
349 1912 367 1951 a
382 1889 536 1950 l'har'rsaeis
547 1897 576 1949 et
592 1887 701 1948 Scribis
714 1889 770 1946 hoc
784 1896 829 1945 est
842 1885 1071 1963 exprobratum?
1112 1884 1220 1959 Quidni
1233 1905 1271 1944 ex
1283 1885 1363 1963 Lego
1375 1886 1414 1946 lis
1428 1888 1456 1945 in

248 1971 329 2030 illam
349 1972 491 2032 intentata
512 1977 564 2044 est,
586 1977 616 2027 et
636 1967 808 2046 supplicium
824 1966 979 2040 decretum,
996 1974 1028 2025 ut
1042 1965 1095 2022 filii
1109 1965 1185 2023 fama
1198 1985 1251 2042 per
1263 1967 1364 2025 matris
1379 1967 1456 2027 latus

248 2051 467 2126 confoderetnr3
480 2049 531 2108 scd
542 2057 688 2125 superstes
698 2047 784 2106 fuerit
795 2047 856 2105 filio
867 2066 928 2121 sno,
936 2046 1050 2104 nemine
1062 2045 1187 2104 invitam
1199 2047 1263 2122 ejus
1274 2047 1458 2123 inquitente?

287 2169 397 2215 Secunda
428 2167 476 2214 De·
551 2128 642 2186 XIV.
666 2127 799 2188 Secunda
814 2126 1028 2186 Demonstratio
1049 2126 1157 2204 petitur
1176 2146 1194 2184 a
1210 2127 1338 2186 Criteriia
1352 2129 1455 2188 Perso-

248 2227 491 2273 monscrnuooxcri-
510 2227 555 2266 nce
579 2217 608 2266 et
621 2208 726 2266 Status.
752 2211 778 2265 1.
801 2206 939 2266 ltlessiam
962 2207 1057 2265 Deum
1076 2205 1213 2280 futurum,
1228 2227 1286 2266 non
1308 2207 1398 2267 modo
1422 2229 1457 2268 ex

248 2286 315 2330 ‘0⁶³⁸
336 2287 491 2368 Personam
513 2287 653 2363 Oraculis,
669 2308 734 2365 quae
753 2287 797 2344 illi
815 2307 921 2346 nomen
937 2287 992 2344 boc
1003 2287 1143 2362 tribuunt,
1159 2287 1211 2346 sed
1224 2296 1254 2346 et
1267 2307 1305 2346 ex
1319 2289 1457 2365 operibus

249 2344 333 2389 Status
349 2342 462 2396 M⁰⁸'¹⁸⁰'
513 2366 629 2442 divinIs,
643 2387 707 2444 queo
720 2367 886 2444 peragenda
899 2367 1001 2425 habuit
1018 2367 1056 2425 ad
1070 2386 1142 2444 opus
1152 2367 1373 2444 Redemptionis
1388 2390 1455 2429 exe-

249 2446 404 2526 quendum,
418 2455 495 2506 carto
515 2447 670 2524 colligitur.
713 2447 756 2505 At
778 2447 883 2506 Jesnm
906 2447 1007 2505 Marios
1023 2447 1139 2522 Filium,
1156 2455 1185 2506 et
1214 2447 1271 2506 Dei
1294 2447 1407 2508 Filium
1429 2459 1458 2508 et

248 2528 345 2586 Deum
372 2526 460 2587 fuisse
488 2525 607 2586 indubio
631 2527 777 2604 probatur,
801 2535 863 2585 tum
880 2546 918 2584 ex
945 2527 1080 2604 operibus
1107 2527 1195 2585 variis
1220 2527 1327 2586 divinis
1355 2529 1395 2588 ab
1424 2551 1458 2590 eo

210 2601 216 2620 '
247 2607 340 2681 factis,
362 2616 395 2668 ut
415 2607 490 2666 infra
510 2606 685 2681 ostendetur,
701 2615 763 2666 tum
786 2626 823 2665 cx
843 2606 950 2666 Christi
968 2608 1060 2685 ipsius
1082 2608 1255 2684 testimonio,
1279 2608 1330 2685 qui
1356 2630 1390 2670 se
1414 2619 1456 2670 to·

247 2687 303 2747 ties
319 2687 375 2747 Dei
397 2687 504 2748 Filium
525 2687 704 2765 praedicavit.
746 2687 785 2746 Et
806 2686 831 2745 si
851 2687 924 2746 falso
946 2687 1001 2746 hoc
1016 2688 1071 2746 sibi
1085 2688 1270 2762 vindicasset,
1286 2693 1338 2748 An
1351 2698 1456 2768 putau-

247 2767 317 2828 dum
328 2769 430 2844 Deum
443 2769 613 2828 acerrimum
628 2768 728 2846 gloriae
742 2787 802 2827 sua
813 2767 966 2844 vindicem,
976 2788 1127 2844 passurum
1139 2769 1228 2828 luisse
1238 2769 1362 2846 gloriam
1373 2791 1456 2831 snam

247 2850 330 2909 alteri
345 2850 448 2910 tradi?
489 2849 598 2908 Annon
619 2857 729 2908 tautum
752 2849 928 2925 scelusque
948 2849 1061 2908 nullum
1079 2849 1174 2926 majus
1193 2869 1256 2908 csse
1270 2851 1374 2929 potuit,
1390 2873 1455 2928 gra-

247 2929 279 2988 vi
299 2930 396 3008 aliquo
418 2930 558 3008 supplicio
579 2929 693 2990 ulturus
714 2929 816 2989 luisset
829 2931 857 2988 ι’
885 2929 918 2987 Si
938 2928 1073 3006 Angelus
1093 2929 1166 2988 adeo
1187 2931 1315 3006 graviter
1336 2933 1457 3008 punitus

247 3019 292 3069 est
312 3019 429 3089 propter
449 3010 612 3071 affectatam
634 3010 691 3070 Dei
711 3010 915 3087 aequalitatem,
938 3009 1008 3086 qnid
1029 3008 1136 3070 factum
1158 3009 1260 3070 luisset
1282 3012 1456 3090 Usurpatori

246 3090 290 3149 illi
304 3101 334 3150 et
348 3091 470 3170 Raptori
490 3100 600 3152 naturae
615 3091 705 3170 ipsius
721 3090 890 3150 Divinitatis
904 3093 918 3147 Ρ
959 3087 1002 3148 At
1021 3089 1042 3149 J
1044 3109 1110 3148 esus
1125 3111 1183 3149 uon
1197 3091 1283 3150 modo
1297 3112 1356 3150 non
1369 3093 1455 3170 puni·

247 3178 295 3230 tua
315 3171 370 3231 suit
382 3193 401 3230 a
416 3173 488 3246 Deo,
511 3172 563 3231 scd
583 3191 696 3231 summa
716 3171 809 3248 gloria
829 3179 859 3230 et
879 3169 1029 3246 majestate
1044 3179 1205 3244 coronatus,
1221 3172 1272 3249 qni
1285 3171 1369 3232 brevi
1383 3183 1455 3232 tem·

246 3250 325 3325 poris
339 3251 433 3328 spatio
447 3259 540 3310 totmn
554 3251 652 3310 orbem
664 3251 795 3310 doctrina
809 3271 862 3309 sua
871 3249 1002 3328 replevit,
1013 3260 1042 3309 et
1052 3250 1283 3328 potentissImum
1295 3251 1455 3330 Imperium

248 3329 350 3387 erexit.

287 3407 360 3467 XV.
393 3413 421 3466 2.
444 3409 568 3468 Messias
590 3407 763 3467 describitur
789 3416 822 3468 ut
846 3409 952 3484 triplici
980 3431 1098 3470 munero
1119 3411 1312 3488 instruendus,
1339 3413 1455 3490 quade

246 3505 334 3546 causa
353 3487 508 3564 ungendus
530 3488 635 3546 dicitur
649 3488 724 3545 Dan.
739 3487 780 3546 ix.
795 3492 834 3546 24
851 3509 857 3546 :
880 3489 1052 3566 Prophetico
1075 3512 1111 3550 ex
1126 3491 1214 3552 Dent.
1229 3493 1312 3552 xviii.
1330 3496 1377 3568 15,
1394 3495 1454 3554 Isa.

246 3565 299 3624 lxi,
323 3569 349 3642 1,
372 3571 411 3643 2;
435 3566 611 3626 Sacerdotali
627 3587 665 3626 ex
680 3567 758 3626 Psal.
773 3588 837 3644 cx.;
861 3568 954 3647 Regio
969 3589 1007 3628 ex
1032 3571 1109 3630 Psal.
1133 3573 1162 3630 ii.
1186 3575 1213 3648 6,
1240 3581 1269 3632 et
1293 3573 1355 3632 xlv.
1371 3577 1401 3650 6,
1426 3579 1453 3647 7,

246 3643 334 3705 Zach.
359 3646 399 3705 vi.
427 3649 473 3721 12,
497 3649 543 3706 13.
587 3647 653 3706 lloc
677 3655 771 3706 autem
795 3648 825 3706 in
845 3648 919 3708 Jcsu
940 3660 1039 3710 nostro
1062 3651 1212 3728 impletum
1228 3653 1381 3730 ceruimus,
1403 3653 1453 3731 qui

245 3725 371 3786 officium
386 3727 539 3804 Prophetae
547 3727 579 3785 in
586 3727 730 3806 praeconio
741 3729 904 3807 Evangelii,
918 3730 1083 3791 Sacerdotis
1097 3733 1127 3790 in
1137 3733 1181 3791 sui
1192 3733 1282 3810 ipsius
1292 3733 1452 3810 oblatione,

245 3813 275 3865 et
289 3806 380 3886 Regis
394 3807 425 3865 iu
440 3807 536 3884 Regni
550 3809 676 3868 coelestia
691 3808 834 3867 erectione
848 3809 976 3886 perfecit,
992 3819 1024 3870 ut
1039 3832 1091 3870 suo
1105 3811 1169 3870 loco
1184 3812 1362 3890 probabitur.

285 3887 376 3948 XVI.
398 3891 426 3949 3.
449 3889 545 3948 Status
565 3891 671 3965 duplas
691 3889 734 3948 illi
756 3889 929 3966 assignatur,
945 3891 1054 3966 primus
1068 3891 1240 3951 humilitatis
1255 3901 1283 3952 et
1296 3895 1452 3970 passionis,

243 3987 302 4045 quo
315 3968 388 4028 mori
398 3969 520 4044 debuit;
544 3969 687 4029 secundus
702 3969 887 4028 exaltationis
901 3978 930 4029 et
944 3971 1052 4047 glorie,
1069 3991 1126 4048 quo
1140 3991 1290 4050 resurgere
1305 3981 1335 4032 ot
1350 3975 1380 4032 in
1394 3995 1452 4033 coe·

242 4047 303 4107 lum
318 4051 474 4110 ascendere
488 4050 570 4110 illum
585 4050 720 4127 oportuit,
736 4058 769 4108 ut
783 4058 897 4108 constat
911 4070 948 4108 ex
964 4051 1041 4110 Psal.
1057 4051 1129 4108 xxii
1145 4060 1174 4111 et
1188 4073 1234 4112 ox.
1258 4053 1347 4113 Zach.
1365 4056 1406 4114 ix.
1423 4056 1452 4112 9.

243 4127 303 4189 Isa.
317 4129 369 4188 liii.
382 4131 419 4189 Id
432 4131 527 4207 ipsum
537 4139 632 4190 autem
647 4131 678 4188 in
692 4130 766 4189 Jesu
781 4129 931 4188 Nazareno
946 4129 1102 4206 observari,
1119 4151 1157 4189 ex
1178 4131 1300 4192 historia
1314 4133 1452 4211 Evange-

240 4207 298 4268 lica
318 4219 406 4288 patet,
419 4231 484 4288 qum
503 4212 652 4288 passiones
672 4211 734 4287 ejus
755 4218 784 4268 ct
803 4210 926 4286 gloriam
941 4209 1086 4286 describit,
1105 4211 1219 4272 Statum
1234 4213 1450 4289 exinanitionis,

240 4287 271 4346 in
285 4309 343 4368 quo
357 4289 525 4350 admortem
539 4309 631 4367 usque
647 4289 740 4349 crucis
754 4309 818 4348 sese
833 4289 957 4366 demisit,
968 4298 997 4349 et
1013 4292 1126 4350 Statum
1141 4293 1338 4370 exaltationis,
1353 4295 1453 4372 inquo

239 4387 277 4428 ex
298 4369 419 4430 mortuis
440 4369 595 4430 suscitatus
616 4370 741 4429 obtinuit
761 4389 868 4428 nomen
889 4391 975 4446 supra
996 4391 1080 4430 omne
1094 4392 1208 4449 nornen,
1224 4381 1254 4432 et
1267 4375 1399 4434 consedit
1411 4374 1452 4432 ad

240 4447 373 4508 dextram
388 4450 553 4526 Majestatis
573 4451 604 4509 in
625 4450 757 4522 excelsis,
774 4449 849 4510 Phil.
864 4449 895 4509 ii.
917 4455 944 4527 6,
961 4454 988 4526 l,
1005 4454 1032 4526 8,
1049 4454 1076 4527 9,
1093 4452 1170 4510 Heb.
1186 4453 1204 4512 i.
1220 4457 1248 4514 3.
1264 4454 1344 4531 quod
1358 4455 1453 4514 fusius

238 4537 334 4664 potest
354 4529 468 4589 ostendi
489 4529 586 4606 quoad
602 4550 702 4589 omnes
717 4530 947 4590 circumstantias
961 4532 1128 4608 passionum
1143 4540 1173 4591 et
1186 4533 1288 4610 gloriae
1303 4534 1333 4592 in
1347 4535 1451 4594 Veteri

265 4615 425 4668 estamento
435 4607 472 4667 dc
484 4609 594 4669 Massia
617 4609 778 4689 praedictas,
791 4629 856 4687 quae
871 4611 899 4668 in
914 4611 937 4672 J
938 4631 989 4671 esu
1004 4612 1058 4671 sub
1074 4611 1158 4672 Novo
1172 4623 1307 4674 accurate
1321 4614 1450 4692 impletae

239 4685 503 4763 deprehenduntur.
