3152 5198
266 274 324 332 596
688 297 778 338 cocus
794 297 922 338 ruminus
937 297 1057 341 sexsus.
1279 279 1400 360 [quesn.
1413 296 1466 338 ιἰιι.

266 454 323 492 ιιοιι
335 454 372 492 cx
386 433 492 510 debito,
509 446 624 514 propter
638 459 724 517 opere
738 439 937 499 antecedentia
950 441 1045 514 iidem,
1066 441 1116 499 rel
1143 441 1363 521 subsequentia,
1382 439 1427 498 sed
1439 459 1468 496 cx

267 517 370 590 gretie,
381 527 412 574 ut
423 536 480 575 non
491 515 610 578 heberet
622 519 657 578 de
667 541 723 598 quo
733 522 912 598 gloriaretur.
945 521 1019 579 Nem
1032 523 1055 579 si
1072 525 1089 553 “
1103 521 1300 580 Abrahemus
1311 521 1469 598 justificatus

268 605 363 688 estex
378 598 521 673 operibus,
536 595 624 660 habet
638 601 674 660 de
689 622 746 678 quo
761 602 908 678 glorietur,
925 601 1047 660 sednon
1062 602 1144 680 apud
1161 603 1293 679 Deum,”
1310 603 1383 660 Rom
1396 600 1431 658 ir.
1443 603 1465 670 t,

268 676 377 735 scilicet
388 680 542 740 nonhabet
557 691 680 753 καύχημα,
690 683 838 757 gloriandi
849 681 1006 756 materiam,
1019 682 1097 759 quod
1110 683 1310 760 repetendum
1322 690 1406 740 estex
1416 698 1468 735 rer·

266 754 312 813 bis
326 757 564 834 precedentibus.
608 762 821 838 Argumentum
846 771 921 820 este
946 761 1144 822 destructione
1160 763 1369 840 consequentis
1382 759 1416 818 ed
1428 758 1468 814 dc·

267 839 454 898 structionem
465 843 680 916 antecedentis,
705 843 737 900 si
753 842 903 900 Abraham
911 843 1087 918 justificatus
1117 855 1166 902 est
1181 863 1222 901 ex
1238 843 1381 920 operibus,
1395 837 1469 896 hebet

265 916 343 994 quod
358 919 393 978 de
409 941 439 978 ee
454 923 599 999 glorietur,
616 922 700 998 quasi
721 922 832 1000 eliquid
853 921 889 980 de
904 941 956 980 suo
972 922 1136 998 contulerit,
1166 923 1217 982 cui
1241 941 1353 981 merces
1378 919 1464 976 debes·

265 1005 311 1057 tur
326 999 356 1057 in
371 999 427 1059 Dei
436 1003 567 1076 judicio:
603 1001 696 1078 Atqui
710 1022 768 1061 non
792 1003 880 1062 habet
893 1003 972 1079 quod
986 1002 1022 1062 de
1050 1023 1081 1062 se
1103 1003 1255 1080 glorietur
1277 1001 1355 1080 epud
1370 1001 1467 1058 Deum:

266 1078 344 1154 Ergo
359 1100 416 1138 non
440 1089 484 1139 est
503 1082 681 1156 justificatus
705 1103 756 1160 per
780 1103 874 1160 opera.
918 1082 979 1141 Nec
993 1083 1040 1141 hic
1055 1083 1113 1142 dici
1137 1091 1241 1161 potest
1256 1081 1373 1140 excludi
1395 1095 1467 1154 opere

264 1157 349 1215 fidem
363 1159 563 1238 procedentia,
579 1183 637 1221 non
651 1182 716 1241 quae
731 1163 789 1222 sint
803 1183 840 1221 ex
853 1161 910 1220 fide
925 1161 1009 1236 facta,
1029 1171 1150 1241 propter
1164 1184 1235 1241 quse
1261 1161 1356 1240 potuit
1377 1157 1465 1218 bebere

263 1236 385 1313 gloriam
400 1239 477 1316 apud
492 1241 595 1318 Deum,
611 1251 645 1302 ut
658 1243 768 1302 amicus
783 1243 839 1301 Dei
853 1248 897 1300 est
921 1242 1091 1320 eppelletus.
1136 1243 1218 1318 Quia
1237 1243 1295 1301 hoc
1320 1249 1363 1299 est
1383 1245 1464 1315 operte

263 1317 390 1394 obloqui,
405 1320 478 1378 etin
493 1342 525 1380 oe
554 1323 749 1382 contradicere
773 1321 872 1396 Peulo,
888 1322 938 1399 qni
963 1341 1098 1399 expresse
1126 1331 1261 1383 testetur
1284 1320 1462 1380 Abrehemun

261 1417 318 1456 non
340 1399 476 1459 habuisse
497 1402 533 1462 de
550 1423 608 1480 quo
623 1403 794 1480 gloriaretur
815 1400 892 1480 apud
909 1402 1013 1461 Deum.
1047 1403 1158 1462 Gratis
1181 1404 1263 1463 enim
1284 1411 1315 1461 et
1331 1395 1464 1458 falsissime

263 1479 441 1556 supponitur,
466 1483 583 1542 excludi
597 1491 708 1544 tentum
723 1502 809 1560 opera
828 1481 915 1540 fidem
936 1483 1157 1560 antecedentie3
1181 1483 1255 1560 quie
1270 1478 1396 1541 excludit
1414 1493 1461 1532 om·

262 1557 312 1650 pie
332 1560 448 1619 omnino
463 1582 550 1640 opera
573 1563 635 1623 eine
650 1563 843 1639 distinctione,
859 1561 1018 1639 etquidem
1033 1581 1120 1640 opere
1135 1563 1272 1622 Abrahae
1289 1581 1348 1620 non
1367 1564 1461 1617 eninm

260 1639 393 1714 mfidelis,
421 1642 472 1700 sed
493 1646 579 1703 etiem
599 1643 701 1720 fidelis,
718 1663 782 1702 eum
802 1644 858 1702 hoo
872 1641 981 1701 dictum
1003 1643 1040 1701 sit
1060 1643 1097 1701 de
1118 1643 1187 1722 ipso
1204 1643 1271 1718 jem
1293 1639 1371 1700 fideli
1384 1645 1410 1696 et
1426 1651 1461 1690 re·

260 1720 368 1794 genito.
406 1721 520 1783 Deinde
540 1724 670 1784 excludit
692 1743 775 1783 omne
800 1724 938 1797 debitum,
964 1741 1024 1782 ver.
1051 1727 1087 1783 4:
1120 1724 1206 1801 Ergo
1232 1733 1263 1781 et
1288 1738 1370 1779 omne
1393 1731 1459 1790 opus·

261 1797 393 1877 Denique
418 1803 443 1861 si
468 1825 525 1863 non
550 1805 703 1864 excludere
728 1804 868 1863 voluisset
893 1823 979 1880 opere
993 1823 1030 1860 ex
1053 1802 1112 1862 fide
1137 1804 1227 1878 fecte,
1251 1821 1311 1861 non
1332 1794 1461 1879 debuisset

260 1898 402 1957 opponere
417 1895 578 1958 operantem
593 1887 716 1944 credenti
729 1885 905 1960 simpliciter,
922 1882 973 1942 sed
993 1892 1162 1960 operantem
1186 1884 1251 1943 sine
1266 1881 1332 1955 fide,
1348 1880 1457 1955 opertet¹

260 1979 297 2017 ex
311 1960 377 2036 fide,
393 1963 471 2039 quod
485 1967 616 2044 nuspiam
638 1975 734 2025 temen
748 1964 826 2024 fecit.

474 2114 478 2124 Ι
561 2047 620 2105 ΧΙ.
643 2046 759 2121 Quarto,
776 2045 850 2119 Quis
861 2045 986 2122 grotiect
996 2063 1047 2122 per
1058 2045 1185 2122 gretiam
1198 2043 1257 2104 Dei
1266 2039 1456 2117 justificemur:

258 2105 280 2154 ⁴*
300 2107 438 2220 Empe
464 2114 497 2157 ¹¹¹·
519 2128 598 2204 Ergo
613 2127 675 2186 sola
688 2126 753 2200 fide,
770 2125 838 2203 quie
853 2125 914 2183 sola
934 2125 1007 2183 fides
1022 2133 1117 2202 potest
1132 2126 1296 2184 consistere
1319 2135 1380 2178 cum
1402 2127 1455 2188 grt-

519 2209 567 2272 tia,
585 2208 669 2266 Rom.
684 2207 724 2265 iii.
741 2209 788 2280 at,
813 2209 861 2265 25.
904 2205 964 2263 Nec
987 2205 1149 2264 audiendus
1174 2205 1325 2276 Bellann,
1340 2195 1385 2288 qtfi
1399 2187 1450 2246 llll

255 2285 424 2360 particulam
436 2288 529 2361 pratis
543 2307 600 2343 non
615 2286 770 2345 excludere
784 2287 886 2345 merite
907 2285 1046 2359 absolute,
1070 2285 1122 2344 sed
1142 2285 1249 2345 merite
1274 2293 1391 2364 propm,
1412 2284 1453 2326 ⁵²¹¹

256 2383 320 2440 quae
335 2363 393 2422 sint
407 2383 445 2422 ex
460 2365 551 2438 nobis,
568 2385 626 2423 non
649 2385 687 2423 ex
703 2366 783 2440 Deo;
809 2367 878 2443 quia
891 2366 995 2424 merite
1016 2373 1079 2424 orte
1101 2386 1139 2423 ex
1154 2365 1254 2444 gratia
1267 2357 1451 2439 preveniente,

255 2463 319 2520 qnae
334 2451 474 2502 vocentur
487 2444 558 2521 ipsis
572 2444 674 2502 merite
688 2444 724 2502 de
747 2465 885 2521 congruo,
900 2465 960 2502 non
981 2445 1174 2505 adversentur
1200 2442 1311 2522 gratie,
1327 2433 1379 2494 nisi
1392 2427 1450 2521 vell·

254 2543 318 2582 mus
330 2524 451 2602 gretiam
466 2543 595 2603 pugnare
610 2543 675 2582 cum
700 2525 811 2600 gretia;
847 2525 947 2600 Neque
972 2525 1040 2583 hinc
1066 2525 1155 2602 sequi,
1181 2522 1330 2584 hominem
1344 2511 1451 2592 qniJus·

253 2603 379 2664 tificatur
393 2607 491 2682 gratis,
503 2604 658 2681 justificari
673 2605 734 2663 sola
747 2603 815 2680 fide,
831 2604 900 2682 quia
923 2611 956 2662 ut
966 2605 1136 2682 justificatio
1155 2602 1287 2682 gratuite
1301 2615 1357 2656 non
1369 2586 1450 2650 exclu-

254 2683 298 2743 dit
319 2685 414 2760 fidem,
444 2687 512 2764 quie
540 2695 584 2746 est
612 2685 749 2763 agretia,
772 2685 813 2744 ite
840 2705 893 2742 nec
921 2684 1076 2744 excludere
1104 2685 1193 2746 debet
1217 2673 1408 2762 poenitentiem
1428 2669 1449 2719 tl

254 2764 448 2842 dilectionem,
464 2787 529 2843 ques
544 2775 611 2826 sunt
625 2787 642 2825 e
657 2766 758 2843 gretie.
802 2765 876 2823 Nem
900 2772 933 2823 ut
948 2785 1034 2843 supre
1044 2767 1106 2842 jem
1131 2773 1178 2824 est
1192 2767 1384 2826 observatum,
1397 2761 1440 2825 1³³¹

253 2845 342 2904 ticula
353 2847 445 2921 prate
456 2847 553 2906 omnia
567 2847 683 2906 omnino
698 2845 827 2906 excludit
841 2846 962 2920 merite3
983 2844 1121 2922 quicquid
1135 2847 1215 2905 enim
1229 2835 1447 2922 gradidimur,

253 2923 284 2982 id
297 2925 378 2984 nullo
392 2927 495 2985 merito
510 2927 676 3003 acquiritur.
720 2926 781 2985 Nec
796 2925 889 3002 gretie
903 2944 968 3003 quae
982 2937 1027 2984 est
1047 2925 1177 2985 indebite
1201 2921 1355 2986 subsistere
1367 2909 1446 3002 p9l⁸⁵¹

253 3025 319 3064 cum
329 3006 441 3080 merito,
457 3006 536 3083 quod
559 3005 721 3066 mercedem
745 3005 814 3064 fecit
828 3005 975 3064 debitum:
998 3005 1084 3064 Unde
1108 3005 1194 3064 Rom.
1218 3004 1259 3063 xi.
1286 3001 1313 3074 6,
1337 2991 1391 3080 “S!
1415 2997 1444 3038 ΒΧ

252 3086 346 3162 gretia
360 3095 421 3146 tum
436 3107 494 3145 non
509 3087 705 3164 exoperibus,
721 3086 793 3145 elias
807 3085 901 3163 gretie
914 3105 973 3144 non
987 3093 1063 3144 esset
1072 3086 1173 3162 gratie,
1190 3093 1220 3146 et
1235 3083 1306 3143 siex
1319 3065 1443 3161 operibus

252 3185 310 3223 non
324 3186 362 3224 ex
376 3167 478 3244 gretie,
495 3167 567 3225 alies
581 3187 654 3244 opus
668 3186 725 3224 non
740 3174 816 3225 esset
831 3165 932 3243 opus.”
975 3165 1057 3224 Licet
1081 3174 1178 3225 eutem
1192 3165 1266 3224 fides
1280 3161 1309 3218 in
1320 3145 1441 3234 justifie-

251 3245 329 3305 tione
344 3265 402 3305 non
416 3247 596 3321 excludatur,
621 3246 687 3306 ideo
708 3265 766 3304 non
780 3245 814 3305 fit
827 3246 906 3322 quod
929 3244 967 3303 sit
981 3264 998 3304 e
1012 3245 1114 3322 gretie,
1143 3265 1211 3303 nem
1227 3247 1268 3304 ite
1291 3253 1348 3297 non
1360 3221 1440 3318 exclu-

252 3323 347 3384 denda
364 3335 461 3386 essent
483 3346 571 3404 opere
585 3347 621 3386 ex
644 3327 737 3404 gretia
756 3326 840 3398 lecta,
862 3323 913 3383 sed
928 3325 996 3401 quie
1019 3325 1080 3384 sole
1094 3344 1154 3402 pree
1173 3323 1286 3384 ceteris
1306 3303 1441 3389 vincebat

252 3403 312 3461 vim
340 3405 428 3463 habet
455 3407 632 3484 receptivam
647 3416 676 3466 et
699 3406 903 3484 applicativem
922 3404 1044 3481 justitiae
1067 3404 1183 3480 Christi,
1208 3412 1293 3481 etque
1315 3389 1439 3453 it⁸l¹⁰¹¹¹¹'

251 3485 527 3620 nemtsupponendo
551 3493 731 3562 peccatorem
760 3494 789 3544 et
819 3484 899 3543 omni
922 3485 1036 3562 justitie
1064 3504 1199 3562 vacuum,
1226 3473 1352 3544 excludit
1370 3472 1438 3524 0¹⁰¹¹⁸

253 3581 324 3622 meri
338 3581 395 3619 um.

259 3681 433 3730 emnem.
446 3679 480 3728 17⁸
553 3643 630 3702 XII.
653 3645 770 3721 Quinto,
800 3647 868 3723 quie
884 3645 1036 3707 “Justitie
1065 3645 1120 3705 Dei
1135 3645 1164 3704 in
1180 3635 1338 3718 Evangelio
1351 3617 1435 3702 dicite

510 3723 631 3783 revelari
650 3723 686 3782 de
700 3724 757 3782 fide
771 3725 802 3782 in
812 3724 907 3801 fidem,
919 3734 952 3785 ut
963 3727 1162 3803 scriptumest,
1181 3726 1203 3785 J
1205 3733 1286 3786 ustus
1294 3733 1331 3776 ex
1342 3705 1392 3766 fid⁰
1403 3711 1435 3750 W

247 3803 326 3878 vot,”
337 3803 422 3864 Rom.
434 3802 452 3863 i.
464 3804 567 3881 ll,nbi
579 3803 682 3882 Apost.
692 3803 813 3881 probare
821 3804 945 3864 intendit
955 3807 1148 3884 Evangelinm
1159 3823 1221 3865 esee
1232 3792 1378 3883 potentium
1384 3769 1433 3838 Del

234 3881 289 3943 id.
305 3885 398 3944 solum
412 3883 636 3946 instrumentum
651 3882 888 3959 efficacissimum,
903 3884 1086 3962 adsalutem,
1102 3886 1264 3966 oppositum
1279 3869 1379 3940 scilcet
1391 3855 1432 3914 Μ’

272 3963 296 4022 s
310 3965 479 4041 inermies,
496 3967 580 4025 nom.
596 3966 657 4024 vni.
673 3967 701 4041 e,
717 3973 747 4024 e
762 3964 838 4022 neu.
854 3965 904 4023 vn.
923 3967 968 4040 19,
994 3965 1063 4042 quii
1076 3967 1107 4024 n
1129 3986 1163 4025 ιο
1177 3961 1298 4026 susem
1317 3945 1374 4019 Dei,
1388 3947 1432 4020 ΜΡ

263 4044 409 4104 ormeliter
422 4053 451 4104 et
466 4047 636 4124 subjective,
658 4066 723 4123 quae
748 4043 829 4104 sitin
855 4045 928 4120 Deo,
947 4043 999 4104 sed
1023 4044 1163 4121 effective,
1189 4065 1253 4123 qus
1267 4061 1284 4100 e
1297 4013 1429 4096 D0⁰¹¹⁰b¹⁸

250 4122 343 4198 detur,
358 4143 417 4183 non
431 4126 582 4200 inherens,
598 4127 667 4204 quia
680 4125 786 4185 dicitur
807 4124 937 4203 patelieri
958 4125 1066 4202 absque
1091 4125 1170 4202 Lege
1192 4145 1244 4203 per
1256 4119 1343 4184 fidem,
1362 4101 1429 4196 {³⁰¹4

250 4201 290 4261 iii.
306 4207 354 4279 21,
370 4212 399 4263 et
409 4205 545 4283 imputari
558 4208 668 4284 absque
683 4205 828 4282 operibus,
846 4205 929 4264 Rom.
944 4205 984 4263 iv.
1000 4207 1028 4280 6,
1058 4204 1110 4264 sed
1123 4205 1269 4282 imputata,
1293 4209 1350 4286 <121ae
1359 4179 1426 4304 W}

250 4282 298 4341 tiae
312 4283 445 4342 humanee
469 4293 499 4344 et
512 4286 635 4364 propriis
660 4286 795 4362 operibus
818 4285 981 4363 opponitur,
1008 4283 1093 4344 Rom.
1107 4305 1138 4343 x.
1154 4287 1183 4359 3,
1206 4275 1392 4360 4,Phi11p.1n.
1421 4285 1426 4298 ·

250 4363 373 4422 Justitie
387 4363 498 4423 scillcet
513 4365 619 4424 Christi
634 4364 850 4442 perfectissime,
866 4385 930 4442 quee
959 4363 1021 4422 sole
1044 4371 1141 4443 potest
1165 4365 1302 4424 sustinere
1327 4343 1425 4406 ⁰¹³¹¹¹⁶¹¹

250 4441 362 4501 Jndicii
376 4440 477 4519 divini,
493 4453 593 4520 utpote
608 4444 708 4502 divina
731 4453 761 4502 et
781 4443 902 4518 infinita,
926 4463 991 4520 quse
1016 4453 1166 4504 causaest
1187 4453 1218 4504 et
1239 4421 1422 4512 suffimentum

251 4521 317 4578 vitee
332 4529 361 4579 et
376 4521 486 4598 salutis,
501 4527 643 4582 revelatur
654 4525 751 4601 defide
762 4525 894 4602 infidcm,
919 4523 958 4582 id.
974 4543 1025 4601 per
1040 4524 1233 4604 Evangeliurn
1257 4501 1405 4594 en111¹¹¹⁰J⁸lu
1406 4501 1422 4550 τ’

249 4605 280 4651 ut
291 4617 342 4669 per
361 4599 445 4657 fidem
467 4600 557 4659 solam
572 4601 810 4678 apprehendetur,
823 4601 968 4678 quienihil
986 4612 1090 4681 praeter
1110 4603 1238 4663 fidemed
1247 4617 1304 4662 cem
1313 4583 1411 4654 1⁰⁰¹l¹⁸¹¹

1512 2817 1514 2892 l
