3108 5198
222 361 260 418 56
668 379 760 420 iocus
774 377 955 420 uunncruus.
1248 354 1374 436 [onaan.
1390 375 1421 415 x.

223 517 410 596 temporibus,
435 524 465 579 et
484 518 666 597 potissimum
688 518 764 580 circa
785 520 913 581 seculum
934 519 963 594 8,
985 517 1016 576 in
1037 515 1289 577 Pseudo-Nicaea
1309 515 1431 595 synodo

225 597 279 657 sub
294 597 388 674 Irene,
403 597 499 658 cultus
513 599 568 659 iste
583 600 710 660 sancitus
728 607 782 659 ost.

699 835 894 912 cumauro
915 835 958 895 x.

227 993 275 1052 Aa
290 992 388 1053 Cultus
402 1001 518 1070 matum,
534 981 637 1054 Annon
651 996 734 1055 etium
741 995 882 1071 sonnatio
893 1004 994 1054 stesso
1006 991 1168 1070 Imapiaam
1182 992 1392 1069 Rdiqioeceum
1403 992 1433 1051 in

269 1073 336 1132 locis
347 1074 445 1150 soom,
455 1085 602 1153 precepto
611 1078 732 1136 secando
741 1077 777 1134 eit
785 1076 961 1152 prohibitae!
982 1073 1075 1149 Affir,
1088 1081 1188 1131 contra
1198 1072 1391 1132 Lutheranos.

270 1232 295 1291 1.
319 1231 497 1293 Praecedenti
512 1233 677 1310 Quaestione
699 1243 795 1295 actum
817 1243 862 1294 est
883 1233 920 1293 de
940 1233 1100 1310 Imaginem
1121 1232 1226 1304 Oulw
1247 1231 1332 1290 Nune
1357 1231 1431 1290 ulte-

229 1311 290 1370 rius
310 1311 513 1389 inquirendum
534 1324 665 1392 superest
684 1315 721 1374 de
741 1334 839 1374 earum
858 1315 925 1388 Usu,
947 1311 998 1372 An
1018 1319 1161 1391 praecepto
1182 1310 1218 1369 de
1239 1310 1432 1388 Imaginibus,

230 1398 335 1468 prater
347 1391 554 1470 adorationem,
566 1394 653 1454 etiam
668 1395 731 1472 ipsa
743 1394 854 1453 factura
868 1413 966 1452 earum
978 1392 1016 1452 sit
1028 1391 1195 1470 prohibita?
1217 1390 1276 1450 Ubi
1287 1410 1334 1448 res
1348 1391 1434 1450 nobis

231 1471 294 1546 erit,
309 1489 368 1528 non
381 1471 468 1531 modo
482 1492 549 1534 cum
558 1474 727 1549 Pontificiis,
743 1473 795 1532 sed
809 1473 895 1532 etiam
910 1493 975 1532 cum
988 1470 1229 1547 Lutheranis,qui
1241 1470 1311 1529 licet
1322 1471 1433 1530 cultum

232 1549 396 1625 Imaginum
411 1562 581 1613 aversentur
591 1562 620 1613 et
630 1553 775 1629 damnmt,
787 1562 821 1612 ut
831 1552 964 1611 illicitum
975 1559 1004 1612 et
1018 1550 1262 1629 superstitiosum
1277 1553 1435 1609 darmatas

232 1648 283 1689 seu
299 1629 363 1688 Ima
385 1629 392 1644 ’
414 1650 464 1689 um
478 1632 713 1709 efformationem,
733 1641 763 1692 et
775 1652 861 1692 usum
875 1632 904 1690 in
918 1631 991 1690 locis
1006 1631 1095 1690 sacris
1109 1637 1247 1707 tanquam
1259 1631 1432 1708 legitimum,

233 1709 330 1770 sinum
405 1710 524 1788 cultum,
540 1713 642 1773 saltem
657 1713 695 1772 ad
707 1713 858 1772 historiam
872 1720 902 1771 et
915 1731 1010 1771 rerum
1025 1719 1171 1788 gestarum
1185 1711 1354 1769 memoriam
1368 1730 1432 1787 pro·

230 1808 360 1867 pugnare
374 1799 523 1852 conantur.

555 1870 597 1931 II.
620 1872 687 1932 Non
700 1872 847 1948 queritur,
869 1870 920 1929 An
930 1889 1031 1930 omnes
1045 1869 1075 1927 in
1088 1868 1256 1928 universum
1278 1869 1433 1945 cujuscun-

263 1933 443 2038 smffif'*
494 1971 551 2030 que
565 1951 624 2012 sint
637 1952 751 2030 generis
765 1951 914 2030 imagines,
931 1949 1018 2010 etiam
1031 1949 1062 2008 in
1076 1968 1130 2008 usu
1141 1947 1222 2006 civili
1235 1956 1264 2007 et
1278 1949 1435 2008 oeconomi-

494 2051 538 2106 co,
553 2049 571 2088 a
586 2031 649 2090 Deo
663 2032 877 2109 prohibeantur,
893 2030 975 2107 quasi
990 2049 1037 2088 ars
1051 2031 1180 2090 πλιπικὲ
1195 2036 1224 2086 et
1237 2028 1360 2106 picturae
1375 2049 1434 2088 om-

233 2131 286 2170 nes
301 2129 430 2187 aqueae
451 2111 605 2188 sculpturae
619 2110 841 2170 damnarentur:
863 2108 1002 2184 Quamvis
1023 2109 1099 2167 euim
1120 2107 1268 2166 nonnullis
1282 2107 1434 2183 Veterum,

233 2197 294 2248 tam
316 2189 487 2250 Judoeomm
511 2207 598 2266 quam
623 2189 859 2264 Christianorum,
884 2190 940 2247 hoc
963 2189 1058 2247 visum
1074 2187 1128 2264 sit3
1157 2195 1190 2246 ut
1213 2207 1251 2246 ex
1276 2187 1435 2247 Clementis

235 2267 438 2342 Alexandrini,
454 2267 634 2342 Tertulliani,
657 2276 687 2326 et
700 2268 821 2326 aliorum
842 2268 931 2326 variis
951 2267 1023 2326 locis
1036 2275 1168 2326 constare
1182 2275 1286 2344 potest,
1306 2269 1360 2344 qui
1376 2287 1435 2325 om·

233 2367 301 2406 nem
316 2347 480 2424 Imaginum
495 2367 580 2406 usum
594 2346 725 2406 absolute
745 2347 929 2406 interdictum
944 2347 1108 2422 censebant,
1130 2366 1188 2424 quo
1209 2345 1323 2405 facilius
1338 2347 1436 2406 Chris·

234 2427 330 2488 tienos
342 2427 380 2484 ab
394 2426 537 2485 horrenda
551 2425 711 2486 Gentilium
725 2426 906 2485 Idolornania
929 2427 1147 2503 abstraherent;
1170 2427 1324 2503 Perperam
1340 2435 1437 2486 tamen

234 2507 291 2566 boc
306 2505 404 2582 statui,
419 2506 466 2564 vel
481 2507 543 2565 sola
556 2506 748 2565 Tabemaculi
762 2515 792 2565 et
804 2507 918 2584 Templi
933 2515 1076 2566 structura
1090 2505 1193 2566 docere
1206 2513 1311 2583 potest,
1334 2507 1365 2564 in
1380 2527 1438 2583 quo

234 2585 323 2645 variae
337 2586 438 2663 figuras
453 2585 689 2661 Cherubinorum,
704 2585 801 2662 boum,
823 2595 852 2646 et
865 2587 986 2646 aliarum
999 2605 1094 2644 rerum
1115 2585 1222 2645 affabre
1243 2585 1398 2646 elaboratae
1421 2607 1439 2644 a
1538 2651 1539 2656 η

234 2665 335 2743 peritis
349 2665 508 2724 artificibus
528 2665 710 2741 videbantur,
731 2665 837 2743 quibus
852 2667 932 2726 Deus
946 2665 984 2724 ad
999 2663 1028 2723 id
1048 2673 1174 2724 mentem
1194 2664 1347 2724 indiderat.
1391 2665 1439 2724 Ita

235 2765 295 2804 non
307 2744 480 2804 damnamus
493 2745 640 2823 Imagines
657 2746 803 2804 betoricae
816 2765 911 2804 rerum
926 2753 1081 2822 gestarum,
1102 2745 1152 2805 vel
1165 2745 1302 2804 Vironun
1316 2765 1438 2822 magno-

235 2845 309 2901 rum,
324 2824 374 2885 vel
385 2825 556 2902 symbolicae,
576 2824 683 2903 quibus
695 2825 819 2885 virtutes
838 2833 868 2884 et
880 2825 953 2884 vitia
966 2833 1215 2901 representantur,
1231 2823 1280 2884 uel
1294 2825 1438 2900 polib'cua

236 2925 302 2984 qnae
315 2905 440 2964 monetis
453 2904 664 2983 imprimuntur.
708 2905 767 2964 Sed
780 2905 829 2964 hio
848 2905 945 2982 agitur
964 2903 1000 2963 de
1021 2905 1194 2981 Imapimbuo
1213 2905 1304 2962 sace
1324 2914 1351 2962 et
1370 2905 1438 2963 reli·

234 2986 327 3064 pionis,
342 3005 408 3064 quae
421 2983 459 3045 ad
471 2985 609 3062 pietatem
623 2983 807 3043 excitandam
820 2982 930 3060 aliquid
944 2983 1073 3042 conferre
1087 2984 1297 3043 existimantur.

277 3066 338 3124 III.
360 3066 427 3125 Non
441 3065 587 3142 quaritur,
610 3064 660 3123 An
673 3064 760 3124 liceat
780 3071 926 3123 creaturas
943 3063 1108 3140 depingere,
1131 3072 1160 3123 et
1173 3083 1268 3122 rerum
1289 3071 1439 3140 gestarum

236 3145 372 3204 historias
391 3145 528 3222 penicillo
542 3144 722 3218 adumbrare,
744 3143 794 3203 vel
807 3151 926 3202 ornatus
947 3143 1048 3219 gratia,
1070 3143 1119 3202 vel
1140 3143 1342 3202 oblectationis
1355 3163 1438 3220 ergo,

237 3225 286 3282 ⁷rel
299 3224 386 3282 etiam
400 3222 439 3281 ad
461 3223 673 3282 institutionem
694 3230 724 3281 et
743 3241 838 3282 rerum
858 3221 1068 3300 praeteritarum
1086 3222 1250 3298 penpinas:
1273 3223 1339 3285 Hoc
1360 3223 1440 3280 enirn

237 3321 323 3361 nemo
343 3309 474 3360 nostrum
494 3309 603 3377 negat:
626 3299 684 3359 Sed
703 3299 754 3358 An
774 3301 860 3360 liceat
881 3301 976 3360 Deum
993 3301 1088 3379 ipsum
1112 3313 1142 3360 et
1162 3301 1312 3360 Ihinitetis
1332 3302 1438 3361 Perso-

236 3399 291 3440 nas
315 3379 441 3456 imagine
463 3379 560 3456 aliqua
579 3387 802 3456 repraesentare3
835 3380 942 3438 sinon
969 3399 1022 3458 per
1044 3380 1239 3440 immediatam
1267 3389 1297 3440 et
1326 3383 1439 3459 propri-

239 3479 286 3518 am
307 3457 523 3517 similitudincm
555 3457 593 3516 ad
613 3457 829 3535 exprimendam
859 3457 1014 3536 perfectam
1042 3460 1197 3538 imaginem
1228 3467 1339 3519 nature
1372 3461 1438 3538 Dei,

238 3537 318 3616 quod
347 3535 491 3596 Pontifieii
518 3535 581 3596 fieri
607 3555 667 3594 non
696 3555 781 3614 posse
809 3536 953 3600 latentem:
984 3539 1086 3599 saltem
1113 3559 1166 3617 per
1191 3540 1365 3618 analogiam,
1388 3561 1441 3600 seu

237 3615 448 3694 metaphoricae
468 3624 498 3676 et
517 3616 656 3694 mysticas
677 3615 919 3695 significationem
942 3617 1027 3694 Quod
1050 3616 1221 3678 Adversarii
1239 3619 1352 3696 volunt,
1378 3619 1441 3679 Nos

237 3715 275 3756 na
314 3713 388 3754 mus.

238 3827 243 3836 .
275 3715 337 3836 ᾖ.
358 3774 426 3834 Non
446 3774 585 3852 quaeritur
606 3774 739 3853 denique,
763 3775 814 3834 Aa
835 3776 982 3854 Imagines
1005 3775 1142 3836 Virorum
1169 3777 1341 3838 Sanctorum
1362 3777 1442 3837 domi

238 3856 345 3916 babere
358 3855 445 3914 liceat
458 3854 496 3913 ad
508 3854 586 3932 piam
596 3873 695 3914 eorum
706 3856 942 3930 recordationem,
952 3864 982 3915 st
991 3855 1159 3917 imitationis
1173 3857 1338 3933 exemplum
1350 3879 1358 3934 3
1383 3857 1441 3917 Sed

239 3935 290 3993 An
304 3936 334 3994 in
347 3935 420 3995 locis
435 3933 533 4008 sacris,
547 3943 618 4012 puta
631 3933 760 4012 Templis
774 3947 804 3995 et
817 3935 966 4012 Oratoriis,
981 3935 1123 3996 collocare
1137 3956 1187 3996 ees
1208 3936 1251 3995 fas
1265 3937 1313 4011 sit,
1328 3957 1389 3996 non
1403 3937 1442 3995 ad

238 4014 349 4073 cultum
363 4022 392 4074 et
402 4015 625 4089 venerationem,
635 4014 687 4074 scd
697 4014 734 4073 ad
743 4015 1039 4084 commonefaciendoa
1049 4015 1158 4090 fideles,
1173 4023 1203 4075 et
1213 4014 1332 4074 ciendos
1341 4035 1442 4076 eorum

239 4091 368 4166 affectus,
389 4112 556 4170 perrarum
575 4094 785 4170 preteritarum
805 4094 980 4170 memoriam,
1002 4093 1080 4172 quod
1097 4095 1256 4155 Lntherani
1276 4115 1343 4154 curn
1367 4098 1442 4158 Con-

238 4169 306 4230 cilio
321 4170 556 4232 Francoiurtensi
569 4181 716 4249 statuunt;
739 4174 801 4232 Nos
813 4193 963 4252 negamus.

311 4301 317 4314 .
562 4251 601 4310 V.
622 4253 763 4312 Rationes
784 4262 859 4330 sunt,
887 4257 914 4313 1.
936 4251 1011 4328 Quia
1032 4253 1113 4312 Dens
1127 4273 1263 4332 expresse
1276 4253 1333 4314 hoc
1347 4255 1443 4314 vetuit

240 4299 400 4404 mmm
410 4315 481 4406 '¹223
500 4349 593 4407 praece
613 4339 644 4390 to
659 4332 794 4406 secundo,
806 4332 856 4390 ubi
867 4331 924 4391 duo
938 4332 1135 4410 prohibentur,
1147 4341 1208 4392 tum
1215 4335 1318 4408 secere
1331 4336 1441 4412 Imagi-

239 4473 252 4521 1
271 4418 436 4520 gifflfflt,
446 4487 481 4520 κ.
500 4349 711 4547 ηωέοξςξοῃίε
724 4429 803 4504 ergo,
825 4419 886 4470 tum
901 4415 1070 4505 casaclore:
1091 4410 1441 4508 Necnrepouendumnest,

253 4533 331 4578 ΜΟ
340 4533 417 4580 Μ’
426 4546 468 4580 xx.
502 4489 927 4646 donatiiuuiglessffmffiffldd
941 4491 1442 4647 qetlrlieldi,eipsdillidimvelklidiidniil

237 4619 340 4704 ¹Sancti
360 4644 391 4702 in
411 4645 637 4723 apparitionibus
658 4655 906 4724 repraesentantur.
948 4648 1023 4707 Nam
1043 4649 1099 4706 hoo
1123 4648 1226 4708 falsum
1248 4669 1312 4709 esse
1334 4650 1441 4710 exinde
