3146 5210
247 368 304 426 -na
652 393 743 434 torus
759 393 889 434 11661666
904 393 1051 442 ausurus.
1249 373 1382 455 [661661.
1399 393 1456 434 mr.

245 545 358 613 partum
383 535 549 594 nullatenus
570 544 739 611 agnoscunt,
769 543 798 594 61
827 536 1015 612 Pelagianum
1044 555 1169 594 errorem
1191 536 1228 594 ab
1253 535 1355 594 inferis
1375 557 1454 594 revo-

246 617 342 674 cant.’'

288 695 417 753 XXXI.
441 695 561 752 Frustra
582 715 652 753 vero
674 694 722 753 hic
746 695 877 754 nonnulli
900 696 1083 773 distinguunt
1106 696 1262 754 Decretum
1282 695 1320 753 de
1341 696 1454 754 Christo

246 776 331 833 morti
346 776 494 849 tradendo,
511 775 548 832 ab
562 774 625 851 ipsa
638 784 739 849 morte,
755 796 820 852 quae
842 775 965 852 contigit
985 776 1015 832 in
1032 782 1219 852 1616161661
1239 776 1315 834 illud
1336 777 1453 853 quidem

245 856 448 914 antecedenter
462 876 493 914 se
507 855 640 913 habuerit
654 855 691 912 ad
712 855 892 932 quorundam
913 855 1092 929 electionem,
1108 856 1160 913 sed
1174 875 1232 912 non
1246 857 1312 929 ista,
1329 877 1396 933 quae
1412 877 1453 914 sc·

246 949 313 996 6616
328 945 371 995 661
391 937 545 994 Decretum
567 935 722 994 electivum
743 945 895 994 certorum.
938 936 1012 992 Nam
1031 936 1092 1012 ipsc
1115 935 1218 1012 Amyr.
1242 936 1278 994 de
1302 936 1453 995 Praedesti

244 1039 273 1094 p.
290 1021 337 1091 77,
352 1017 474 1092 loquens
489 1014 525 1073 de
539 1025 630 1073 morte
645 1015 753 1073 Christi
767 1017 944 1092 intempore,
960 1015 1031 1073 dicit
1046 1019 1064 1048 “
1075 1014 1302 1092 redemptionem
1318 1017 1453 1076 debuisse

245 1117 309 1155 esse
325 1097 473 1172 aequalem,
489 1095 558 1171 quia
579 1096 721 1171 respicere
745 1095 870 1154 debebat
890 1115 999 1168 omnes,
1015 1103 1048 1154 ut
1063 1096 1215 1154 Creaturas
1232 1097 1287 1154 Dei
1302 1097 1453 1173 aeqnaliter

247 1176 395 1248 miseras,'’
412 1173 466 1232 116.
510 1175 549 1233 Et
561 1175 604 1232 rei
618 1175 709 1251 ipsius
724 1185 826 1234 natura
839 1176 895 1234 hoe
909 1175 1035 1250 evincit;
1058 1176 1131 1234 Cum
1146 1176 1223 1233 enirn
1239 1176 1309 1234 Filii
1322 1177 1402 1235 idem
1418 1179 1454 1236 611

245 1257 275 1313 16
290 1257 423 1313 omnibus
438 1275 539 1313 seusus
560 1263 589 1312 et
610 1255 730 1314 affectus
751 1276 816 1314 cum
835 1256 929 1330 Patre,
945 1263 977 1314 ut
990 1255 1119 1332 loquitur
1133 1256 1224 1328 Idem,
1239 1265 1306 1332 part
1320 1261 1349 1330 2,
1365 1259 1452 1334 speci.

245 1357 272 1413 p.
289 1339 356 1410 356,
372 1355 449 1392 mors
464 1335 571 1394 Christi
592 1335 622 1392 in
642 1344 770 1412 tempore
792 1335 892 1394 debuit
912 1335 1084 1394 conformari
1102 1335 1287 1394 destinationi
1305 1337 1401 1395 Patris
1415 1339 1451 1396 ab

245 1425 409 1486 alemant
430 1415 655 1474 satisfactionem
675 1435 733 1472 non
754 1415 861 1474 faceret
882 1416 937 1473 nisi
958 1436 997 1474 ex
1017 1417 1185 1492 praescripto
1200 1417 1335 1476 Paterno.
1379 1418 1452 1476 Cum

244 1516 313 1573 ergo
330 1497 485 1555 Decretum
501 1496 595 1554 Patris
610 1495 646 1553 de
661 1495 776 1554 Christo
789 1496 874 1554 morti
885 1495 1025 1554 tradendo
1040 1503 1135 1554 ortum
1149 1496 1188 1555 611
1202 1516 1239 1554 ex
1253 1495 1361 1556 affeetu
1374 1518 1451 1556 eaur-

244 1577 323 1635 muui
338 1597 408 1653 erga
421 1597 521 1634 omnes
535 1576 674 1649 homiues,
692 1585 758 1634 6616
779 1575 868 1633 1111661
887 1576 1147 1634 considerationem
1161 1576 1312 1636 electionis
1326 1597 1452 1654 quorun-

243 1657 310 1715 dam
325 1658 361 1716 ad
377 1658 479 1734 lidem;
503 1657 634 1715 Christus
648 1655 710 1732 ipse
723 1656 755 1714 in
768 1656 831 1732 ipsa
844 1664 936 1714 morte
947 1676 1005 1714 nou
1017 1656 1102 1713 aliam
1117 1656 1305 1715 intentionem
1322 1667 1351 1716 et
1366 1659 1451 1716 linem

242 1738 348 1796 habere
363 1739 465 1815 potuit,
481 1747 513 1796 nt
527 1745 719 1813 exequeretur
736 1736 888 1794 consilium
912 1736 1015 1795 Patris.
1059 1735 1173 1794 Deinde
1184 1737 1272 1813 juxta
1285 1737 1370 1796 illum
1384 1759 1451 1796 ceu·

242 1827 367 1894 ceptum,
384 1819 515 1877 Christus
535 1817 566 1875 in
588 1825 680 1874 morte
695 1816 767 1874 alios
788 1825 820 1874 ut
842 1817 959 1888 eleetos,
975 1817 1047 1874 alios
1069 1826 1102 1875 ut
1116 1817 1253 1894 reprobos
1269 1817 1452 1877 considerare

243 1898 361 1972 debuit3
385 1919 450 1956 nam
466 1919 530 1955 cum
546 1896 649 1955 electio
660 1916 718 1954 uon
733 1896 771 1955 sit
785 1897 846 1954 sine
862 1897 1069 1973 reprobatione,
1085 1917 1144 1955 non
1158 1896 1252 1973 potuit
1268 1897 1401 1956 Christus
1416 1899 1451 1957 de

242 1979 423 2056 quorundam
446 1978 585 2037 electione
606 1976 742 2052 cogitare,
766 1977 836 2053 quin
857 1986 886 2034 61
908 1977 993 2034 611661
1015 1977 1050 2034 de
1070 1976 1191 2036 aliorum
1214 1978 1409 2053 praeteritione
1425 1989 1452 2037 ct

241 2060 442 2135 reprobatione
451 2058 592 2134 cogitaret
604 2078 610 2130 ;
624 2057 647 2114 si
660 2056 749 2133 igitur
760 2077 811 2133 pro
822 2056 880 2114 illis
890 2077 962 2133 quos
974 2057 1081 2114 electos
1096 2065 1177 2115 uetat
1189 2057 1329 2133 singulari
1345 2057 1451 2118 affectu

242 2139 314 2196 mori
329 2140 422 2196 voluit
436 2159 493 2215 qua
508 2137 615 2196 tahbus
629 2136 826 2212 consideratis,
842 2137 929 2195 etiam
943 2157 995 2213 pro
1010 2137 1075 2194 aliis
1088 2156 1162 2214 qnos
1176 2138 1313 2214 reprobos
1329 2139 1450 2214 sciebat,

241 2239 300 2294 qua
324 2219 461 2294 reprobis,
486 2216 543 2274 alio
572 2217 697 2292 quodam
720 2216 825 2276 6116616
852 2217 925 2274 mori
953 2217 1055 2274 noluit.
1117 2217 1178 2276 Nec
1203 2218 1289 2294 juvat
1316 2238 1452 2295 regerere

242 2297 386 2355 Christum
403 2317 461 2354 non
475 2305 620 2354 mortuum
634 2316 685 2372 pro
700 2297 830 2372 reprobis
851 2297 880 2372 in
893 2317 974 2355 sense
988 2299 1146 2372 composito,
1163 2305 1192 2355 et
1206 2297 1366 2357 formaliter
1380 2320 1452 2374 qua·

240 2386 324 2434 tenus
338 2376 453 2450 reprobi
468 2385 542 2448 suut,
560 2374 611 2432 sed
634 2375 662 2432 ia
680 2395 762 2432 66666
784 2377 880 2450 11111166,
896 2387 925 2436 61
946 2376 1132 2436 materialiter
1156 2398 1208 2454 pro
1222 2377 1258 2434 iis
1272 2378 1451 2453 homiuibus,

240 2456 290 2532 qui
305 2455 406 2512 166116
421 2455 528 2512 decreti
543 2463 688 2512 momento
703 2456 847 2530 reprobati
868 2465 944 2515 sunt.
987 2457 1069 2532 Quia,
1086 2459 1371 2536 praeterquamquod
1387 2462 1453 2537 capi

240 2555 297 2592 nou
312 2543 415 2611 potest,
432 2534 576 2612 quomodo
591 2533 733 2609 ejusmodi
748 2534 957 2594 abstractiones
968 2537 997 2594 16
1011 2538 1097 2595 116166
1112 2547 1141 2596 61
1155 2537 1369 2614 simplicissimo
1385 2550 1454 2598 actu

240 2615 348 2673 decreti
365 2616 419 2672 Dei
433 2617 528 2673 locum
544 2615 649 2671 habere
664 2614 795 2690 possint;
819 2615 860 2673 sic
882 2625 1018 2691 sequetur
1040 2618 1185 2676 Christum
1200 2637 1252 2695 pro
1267 2618 1380 2677 Electis
1395 2639 1455 2696 qua

239 2695 346 2755 talibus
362 2696 433 2754 mori
448 2717 506 2754 nou
522 2696 669 2772 potuisse:
692 2694 834 2771 siquidem
849 2696 949 2753 eadem
965 2697 1051 2756 debet
1065 2717 1128 2756 csse
1142 2698 1216 2756 ratio
1230 2699 1454 2759 contrariorum.

242 2777 280 2835 Et
294 2777 499 2854 inexplicabile
521 2776 636 2835 videtur
657 2775 802 2852 quomodo
825 2776 956 2835 Christus
976 2776 1006 2834 in
1026 2785 1118 2835 morte
1132 2778 1260 2855 respexit
1274 2778 1311 2836 ad
1325 2780 1455 2855 primum

241 2867 270 2917 61
285 2867 419 2934 quartum
437 2858 592 2916 Decretum
604 2856 699 2932 quoad
714 2855 840 2930 Eiectos,
856 2856 896 2915 id.
917 2856 1043 2916 voluerit
1057 2857 1131 2915 mori
1144 2877 1196 2934 pro
1210 2857 1246 2915 iis
1260 2859 1455 2920 consideratis

238 2946 268 2995 et
282 2939 468 2996 materialiter
481 2958 539 3015 qua
551 2936 726 3010 hominibus,
743 2946 772 2996 et
785 2936 943 2996 formaliter
956 2937 1076 2996 electis:
1098 2946 1238 3014 quantum
1259 2959 1329 2996 varo
1352 2939 1391 2997 ad
1407 2961 1453 2998 16-

237 3019 343 3094 116166
355 3019 547 3077 abstractione
562 3038 631 3078 usus
646 3016 740 3092 fuerit,
753 3016 1181 3076 611116666661161611116616111
1192 3027 1223 3076 ut
1234 3019 1376 3090 homines,
1392 3041 1454 3078 non

239 3099 435 3176 utrcpr0b0s;
460 3100 532 3158 Cum
549 3099 652 3158 electio
675 3107 704 3156 et
727 3098 890 3175 reprobatio
913 3099 974 3175 pari
997 3117 1085 3174 passu
1100 3097 1243 3172 incedant,
1260 3106 1288 3156 61
1304 3119 1334 3157 se
1349 3111 1454 3160 166166

238 3188 347 3255 ponant
362 3189 391 3238 et
405 3179 518 3238 tollant.

279 3259 426 3316 XXXII.
450 3259 524 3332 Quia
538 3279 607 3316 vero
632 3257 697 3316 Viri
712 3257 789 3316 docti
817 3258 1016 3332 observarunt,
1046 3277 1127 3315 suam
1150 3259 1225 3317 hanc
1254 3259 1451 3336 hypothesim,

237 3357 294 3411 qua
315 3337 489 3412 portendunt
502 3338 589 3395 fidem
604 3357 661 3394 non
677 3357 739 3395 esse
760 3337 885 3396 fructum
900 3338 994 3396 meriti
1015 3338 1116 3396 mortis
1141 3338 1256 3414 Christi,
1273 3339 1326 3398 sed
1339 3339 1452 3398 donum

239 3417 341 3489 Patris,
359 3416 447 3474 variis
461 3417 947 3494 116111116666111161116,6116161166
963 3439 1026 3476 6666
1038 3417 1161 3492 Christe,
1178 3428 1208 3478 et
1222 3419 1340 3478 noxiam
1353 3421 1450 3496 saluti,

236 3495 322 3552 611616
334 3496 411 3552 viam
421 3498 616 3570 quaesiverunt
627 3496 768 3568 elabendi,
782 3497 912 3555 docendo
923 3497 1079 3576 aliquando
1092 3499 1110 3530 “
1121 3499 1268 3558 Christum
1279 3500 1451 3576 impetrasse

236 3573 323 3632 fidem
338 3583 366 3633 et
380 3574 608 3650 resipiscentiam
618 3575 751 3633 omnibus
763 3577 966 3652 conditionate,
979 3578 1088 3636 Electis
1103 3579 1234 3638 absolute
1246 3580 1274 3652 ;'’
1290 3580 1451 3656 aliquando

237 3657 322 3712 “non
336 3653 505 3731 impetrasse
520 3654 637 3730 quidem
652 3675 702 3731 per
722 3657 799 3714 viam
816 3656 1036 3732 Satisfactionis,
1060 3667 1090 3716 61
1104 3678 1198 3717 causas
1209 3659 1372 3734 meritoriae,
1399 3660 1453 3718 sed

235 3735 378 3812 perviam
394 3754 487 3793 eausae
502 3734 606 3808 finalis,
622 3744 764 3811 quatenus
786 3738 886 3796 electis
905 3738 977 3797 fides
992 3738 1124 3812 donatur,
1140 3747 1173 3797 61
1187 3739 1225 3796 ad
1236 3739 1383 3797 Christum
1399 3739 1451 3798 arl-

235 3815 406 3874 ducanturl'
451 3815 510 3874 Sed
525 3824 657 3874 neutrum
680 3836 748 3875 1616
763 3817 820 3876 dici
834 3827 946 3894 potest;
971 3819 1036 3875 Nou
1057 3819 1145 3895 prius,
1171 3819 1240 3895 quia
1262 3819 1376 3896 concipi
1391 3838 1451 3877 non

234 3905 330 3974 potest
345 3897 398 3956 sub
414 3916 471 3974 qua
486 3896 649 3955 conditione
664 3897 737 3955 fides
751 3898 903 3974 impetrata
916 3898 1001 3956 nohis
1017 3899 1062 3970 sit,
1090 3919 1153 3956 curn
1170 3900 1207 3956 sit
1223 3899 1285 3974 ipsa
1310 3899 1449 3958 conditio.

235 3977 318 4037 Licet
332 3999 401 4036 vero
416 3978 537 4055 proponi
553 3977 644 4036 soleat
658 3997 710 4054 per
723 3978 840 4036 modum
856 3979 1038 4051 conditionis,
1052 3979 1106 4036 sub
1121 3998 1179 4054 qua
1194 3979 1272 4038 salus
1287 3979 1317 4036 in
1333 3979 1450 4038 Christo

233 4059 418 4135 promittitur,
432 4067 528 4117 tamen
542 4059 711 4135 proponitur
721 4058 807 4116 etiam
818 4079 870 4137 per
881 4059 997 4117 modum
1008 4058 1140 4117 beneficii
1154 4059 1184 4116 iu
1195 4059 1318 4117 Foedere
1328 4059 1448 4133 Gratiae,

233 4138 311 4214 quod
327 4139 459 4197 Christus
469 4159 520 4197 sna
534 4149 625 4197 morte
640 4139 725 4196 nobis
738 4137 913 4214 impetravit.
959 4139 1044 4198 llnde
1055 4159 1113 4196 non
1128 4139 1319 4216 acquisivisse
1334 4147 1448 4197 tantum

233 4219 395 4277 censendus
411 4226 454 4277 est
469 4220 591 4278 salutem
606 4220 630 4276 61
645 4219 805 4291 credamus,
822 4219 873 4276 scd
896 4228 925 4277 61
939 4219 1024 4276 fidem
1040 4227 1072 4278 ut
1094 4218 1254 4278 credamus.
1298 4219 1365 4276 Non
1381 4240 1448 4296 166-

232 4300 330 4372 1611116,
356 4300 424 4374 quia
446 4299 576 4358 inaudita
600 4299 654 4357 fuit
668 4300 807 4357 hactenus
830 4299 859 4356 in
885 4299 998 4357 Scholia
1021 4298 1207 4376 Theologicis
1235 4299 1448 4376 impetrationis

231 4379 306 4436 ratio
316 4399 373 4454 per
387 4379 461 4437 eiam
476 4399 569 4437 causor
578 4380 687 4457 finales,
708 4387 738 4436 61
752 4398 876 4452 nonper
889 4379 963 4436 ciam
985 4380 1191 4452 Satissactiom's
1205 4388 1234 4438 et
1249 4399 1345 4438 causae
1362 4379 1446 4436 meri-

230 4458 322 4532 toriae,
346 4459 418 4517 Cum
433 4460 526 4518 6111616
541 4459 703 4534 impetratio
732 4458 844 4534 1161116
871 4457 949 4516 dieta
971 4459 1108 4518 fundetur
1131 4459 1160 4516 in
1186 4459 1387 4517 satisfactione
1416 4467 1446 4517 et

229 4539 334 4598 merito
348 4538 537 4615 impetrantis.
582 4539 694 4596 Deinde
709 4538 733 4595 si
749 4538 880 4595 Christus
891 4557 942 4613 per
967 4538 1045 4595 viam
1060 4559 1155 4598 causae
1178 4538 1335 4598 meritoriae
1358 4538 1446 4596 fidem

229 4637 287 4674 non
302 4618 476 4695 impetravit,
500 4639 563 4677 eam
577 4637 646 4692 ergo
667 4637 725 4675 non
751 4617 862 4674 meruit.
907 4617 966 4676 Sed
980 4637 1033 4676 666
1057 4639 1109 4695 161
1131 4619 1209 4677 11661
1224 4639 1321 4677 cansae
1349 4619 1447 4676 finalis

228 4705 325 4771 potest
339 4697 397 4756 dici
411 4697 490 4754 illam
506 4697 678 4773 quibusdam
693 4697 870 4774 impetrasse,
886 4717 952 4756 cum
967 4699 1039 4758 nulli
1057 4699 1126 4758 dum
1142 4700 1237 4760 Electi
1252 4699 1445 4758 observaren-
