3146 5210
147 351 259 400 Qumsr.
274 329 353 413 xre]
518 348 557 386 ur
572 347 688 389 orricio
702 347 819 390 ouarsrr
835 349 1029 393 nrararonro.
1308 341 1366 398 401

144 493 262 552 nominc
276 492 413 568 insigues,
429 489 479 568 qui
492 509 545 567 per
567 489 710 567 posticum
736 491 903 568 Papismum
926 494 1097 569 revocatur-i,
1124 503 1153 554 et
1173 495 1252 556 idolo
1275 497 1361 558 liberi

144 573 259 633 arbitrii
274 571 391 646 litaturi,
406 570 558 646 plerosque
573 589 683 629 errores
698 591 766 630 suos
780 571 938 632 hauserunt
951 595 988 632 cx
1014 575 1134 650 Melino,
1160 575 1270 652 Lessio,
1288 579 1359 637 Sua·

142 654 230 728 rezi0,
247 663 277 712 ct
290 653 355 712 aliis
369 652 390 709 J
393 650 501 724 escitis,
517 658 603 726 atque
617 651 694 708 hunc
709 651 784 710 inter
798 661 918 712 caeteros
942 653 978 712 de
1002 655 1228 715 Universalitate
1254 658 1358 718 Mortis

145 732 263 808 Christi,
279 734 329 810 qui
345 732 409 790 ideo
423 729 549 788 secundo
564 731 627 787 loco
642 731 788 806 reponitur
802 731 877 791 inter
890 753 949 808 eos,
973 734 1023 810 qui
1046 754 1065 793 a
1090 735 1209 812 Synodo
1233 736 1360 796 Dordra-

145 832 217 870 cena
231 814 331 890 rejecti
346 819 420 886 sunt,
436 819 466 868 et
479 811 562 886 nigro
577 811 658 868 theta
671 810 771 888 notati,
788 812 857 890 Cap.
872 817 900 888 2,
916 813 952 872 de
968 813 1063 874 Morte
1079 815 1186 874 Christi
1207 816 1237 874 in
1253 817 1357 894 Rejec-

145 892 223 952 tione
239 893 386 952 limorum.

447 970 485 1028 V.
508 968 659 1028 Articulus
684 969 750 1028 talis
778 978 823 1029 cst
859 971 889 1029 in
920 972 1034 1050 scriptis
1061 974 1170 1051 Synod.
1213 976 1354 1036 Dordrac.

159 1064 370 1110 Armtntanorum.
407 1049 571 1108 Remonstr.
585 1069 614 1126 p.
630 1052 698 1108 280.
721 1052 739 1082 “
752 1051 880 1110 Pretium
894 1051 1123 1130 Redemptioais,
1134 1055 1214 1131 quod
1226 1057 1358 1117 Christus

407 1129 487 1188 Patri
502 1149 553 1187 suo
568 1129 681 1204 obtulit,
697 1149 756 1188 non
769 1139 881 1190 tantum
895 1133 926 1190 iu
940 1151 971 1190 se
985 1143 1014 1193 et
1025 1155 1076 1211 per
1100 1155 1131 1194 se
1153 1135 1208 1194 toti
1231 1136 1357 1196 humano

141 1210 242 1290 generi
256 1208 423 1269 redimendo
439 1207 582 1267 sufficiens
597 1219 657 1285 cst;
673 1208 825 1268 sedetiam
839 1231 891 1288 pro
905 1213 1039 1272 amnibus
1052 1223 1082 1273 et
1096 1215 1219 1292 singulis
1233 1217 1355 1274 homini-

141 1295 196 1352 bus
211 1311 249 1350 cx
264 1291 388 1363 decreto,
405 1289 556 1347 voluntate
570 1297 600 1347 et
621 1290 714 1365 gratia
740 1291 795 1348 Dei
819 1291 913 1350 Patris
935 1294 1114 1368 persolutum
1138 1303 1201 1371 est3
1224 1316 1315 1373 eoque
1339 1317 1356 1354 a

140 1371 361 1451 participatione
374 1369 517 1428 fructuum
533 1368 633 1426 mortis
648 1369 764 1444 Christi,
776 1390 861 1429 nemo
875 1372 1064 1431 antecedente
1079 1374 1135 1433 Dei
1160 1375 1275 1434 decreto
1289 1396 1353 1453 pra-

141 1453 200 1511 cise
216 1451 353 1510 exclusus
368 1459 421 1508 est.
443 1453 471 1507 2.
515 1448 646 1506 Christus
661 1449 763 1508 merito
777 1451 879 1510 mortis
890 1471 950 1510 suar
966 1453 1061 1511 Deum
1076 1453 1193 1513 Patrem
1214 1457 1355 1514 universo

141 1532 241 1610 generi
256 1532 381 1588 humano
395 1531 535 1586 hactenus
549 1529 755 1604 reconciliavit,
771 1539 803 1588 ut
819 1531 906 1590 Pater
919 1541 1035 1609 propter
1048 1534 1128 1610 ipsus
1149 1535 1283 1594 meritum
1298 1535 1353 1594 sal-

141 1631 179 1670 va
188 1611 305 1690 justitia
318 1618 347 1668 et
360 1610 482 1668 veritate
494 1628 554 1682 sua,
564 1627 672 1666 novum
684 1609 793 1668 Gratiae
808 1611 917 1670 Foedus
932 1632 997 1670 cum
1011 1614 1210 1689 peccatoribus
1231 1624 1260 1673 et
1275 1615 1353 1673 dam·

140 1692 252 1751 nationi
270 1690 404 1749 obnoxiis
418 1688 583 1746 hominibus
597 1687 669 1746 inire
683 1697 713 1747 et
727 1689 837 1749 sancire
851 1691 977 1767 potuerit
991 1701 1021 1750 et
1041 1693 1195 1751 volucrit.'’
1219 1695 1354 1753 Sentiunt

142 1792 212 1848 ergo
229 1775 254 1829 1.
278 1771 423 1829 Christum
438 1789 476 1828 ex
491 1768 547 1826 Dei
561 1767 683 1826 concilio
698 1788 749 1846 pro
764 1771 897 1829 omnibus
912 1780 941 1830 et
950 1771 1072 1848 singulis
1083 1773 1124 1830 ita
1135 1781 1278 1832 mortuum
1290 1793 1353 1834 esse

141 1861 245 1910 utnon
260 1859 370 1909 tautum
385 1869 462 1907 mors
477 1848 621 1906 sufficiens
629 1848 715 1906 suerit
728 1849 759 1905 in
773 1869 804 1907 se
818 1860 935 1927 propter
948 1851 1135 1910 intrinsecum
1150 1853 1286 1928 valorem,
1303 1854 1353 1912 sed

144 1929 318 1990 sufficienter
331 1929 418 1988 etiam
432 1949 484 2005 pro
499 1927 633 1986 omnibus
647 1937 676 1986 ct
690 1928 814 2005 singulis
828 1930 925 1988 oblata
939 1931 985 2006 sit,
1001 1940 1143 2008 quatenus
1159 1933 1239 1990 Deus
1250 1934 1352 2010 voluit,

140 2019 174 2070 ut
189 2010 219 2068 id
230 2009 307 2087 quod
320 2010 350 2067 in
365 2030 395 2068 sc
410 2008 554 2068 sufficiens
569 2017 629 2066 erat
642 2028 694 2086 pro
709 2008 851 2085 omnibus,
863 2010 912 2069 vel
924 2009 990 2069 loco
1004 2012 1051 2069 vel
1076 2012 1152 2070 bono
1177 2013 1305 2072 omnium
1320 2034 1354 2073 ac

141 2088 322 2167 singulorum
337 2089 398 2148 sive
413 2089 501 2148 totius
515 2088 630 2165 generis
643 2089 763 2146 humaui
775 2089 945 2166 solveretur,
961 2091 1033 2149 adeo
1054 2101 1087 2150 ut
1111 2091 1276 2152 interventa
1290 2094 1353 2170 ejus

139 2170 247 2230 factum
262 2171 307 2244 sit,
322 2179 355 2228 ut
370 2170 450 2228 Deus
463 2169 590 2246 gratiose
604 2169 794 2246 inposterum
809 2189 874 2228 cum
888 2190 993 2246 genere
1007 2171 1133 2230 humano
1152 2192 1238 2249 agere
1252 2173 1352 2232 volue-

140 2251 187 2324 rit,
203 2259 289 2326 atquc
304 2250 345 2307 ita
359 2249 466 2308 Christi
480 2269 556 2307 mors
571 2267 630 2306 non
644 2248 682 2306 sit
695 2249 765 2307 novi
780 2249 912 2308 Foedcris
923 2251 1104 2327 promissum,
1121 2251 1173 2310 sed
1187 2254 1251 2329 ejus
1265 2273 1353 2311 causa

140 2339 170 2389 et
184 2329 410 2388 fundamentum.
433 2333 461 2388 2.
485 2328 631 2387 Christum
646 2347 683 2386 ex
699 2327 795 2388 Patris
809 2339 838 2387 et
852 2349 905 2388 sua
928 2331 1088 2390 intentione
1102 2332 1236 2390 omnibus
1251 2341 1280 2391 ct
1295 2332 1351 2390 sin-

140 2409 219 2486 gulis
232 2409 397 2468 hominihus
407 2409 471 2486 jam
484 2408 670 2485 pereuntibus
679 2427 764 2485 quam
777 2409 927 2468 servandis
933 2411 1134 2487 impetravisse
1142 2412 1351 2472 restitutionem

139 2491 171 2547 in
186 2496 292 2547 statum
307 2490 406 2566 gratiae
422 2497 450 2547 et
464 2488 574 2562 salutis,
586 2488 627 2546 ita
640 2497 672 2546 ut
683 2499 893 2567 nemopropter
906 2499 1056 2566 peceatum
1070 2491 1210 2568 originale
1222 2493 1259 2550 sit
1273 2491 1354 2550 dam·

139 2569 256 2627 natione
271 2568 414 2627 obnoxius
425 2578 474 2628 aut
489 2567 677 2643 damnandus,
693 2569 745 2627 scd
766 2589 866 2628 omnes
890 2571 927 2628 ab
951 2569 1035 2630 istius
1058 2572 1171 2649 peccati
1192 2581 1273 2630 reatu
1296 2572 1353 2630 sint

140 2649 293 2708 immunes.
315 2651 343 2708 3.
366 2649 512 2707 Christum
526 2669 563 2706 ex
580 2648 674 2706 Patris
688 2649 809 2708 consilio
824 2657 944 2708 mortem
960 2670 1012 2726 pro
1027 2651 1160 2709 omnibus
1169 2651 1275 2709 obiisse
1290 2652 1352 2710 sine

139 2738 218 2788 certo
232 2749 266 2788 ac
281 2727 399 2788 definito
414 2727 535 2787 consilio
549 2747 713 2805 quenquam
727 2729 896 2788 nominatim
911 2730 1052 2805 salvandi,
1068 2729 1140 2788 adca
1161 2738 1194 2788 ut
1217 2730 1351 2806 impetra·

139 2809 212 2868 tioni
226 2809 327 2867 mortis
341 2808 448 2868 Christi
463 2828 515 2867 sua
528 2806 694 2882 necessitas,
710 2817 739 2868 et
753 2809 863 2868 utilitas
878 2817 955 2867 sarta
968 2817 1053 2884 tecta,
1077 2809 1203 2867 numeris
1218 2808 1352 2868 omnibus

139 2889 272 2948 absoluta
283 2897 414 2947 constare
428 2888 577 2964 potuisset,
593 2887 707 2946 etiamsi
720 2888 872 2965 impetrata
885 2889 1044 2964 redemptio
1053 2888 1127 2946 nulli
1136 2889 1287 2946 individuo
1298 2909 1350 2946 un-

139 2988 226 3045 quam
240 2978 308 3028 actu
321 2969 384 3045 ipso
407 2966 508 3026 suisset
532 2967 684 3045 applicata.
715 2972 743 3026 4.
776 2969 922 3028 Christum
944 2987 996 3044 per
1020 2987 1099 3026 suam
1126 2967 1351 3026 satisfactionem

137 3048 226 3107 nullis
240 3057 319 3108 certo
333 3048 471 3106 meruisse
485 3047 576 3124 ipsam
592 3047 714 3106 salutem
728 3055 758 3106 et
778 3046 873 3122 fidem,
899 3067 956 3124 qua
978 3047 1040 3105 haee
1063 3047 1171 3105 Christi
1195 3047 1352 3107 satisfactio

138 3127 176 3186 ad
190 3129 312 3188 salutem
326 3127 479 3186 efficaciter
492 3128 691 3204 applicaretur,
707 3126 760 3186 sed
773 3135 886 3186 tanturn
901 3127 981 3185 Patri
994 3126 1183 3202 acquisivisse
1194 3127 1352 3203 plenariam

138 3209 318 3268 voluntatem
332 3217 362 3267 et
375 3215 556 3284 potestatem,
572 3207 608 3266 de
623 3227 699 3265 novo
715 3227 780 3266 eum
794 3207 959 3266 hominibus
973 3206 1088 3284 agendi,
1099 3205 1208 3264 Foedus
1219 3207 1267 3264 vel
1277 3207 1350 3266 Gra·

106 3357 110 3362 ,
139 3288 187 3346 tiae
202 3289 250 3346 vel
265 3289 391 3365 Operum
405 3287 533 3361 ineundi,
558 3295 588 3346 et
606 3307 792 3363 quascunque
817 3287 907 3344 vellet
931 3287 1110 3345 conditiones
1135 3287 1349 3364 praescribendi,

139 3387 259 3446 quarum
274 3367 448 3445 praestatioa
460 3367 552 3426 libero
562 3366 687 3424 hominis
698 3367 816 3426 arbitrio
825 3366 957 3444 pendeat,
970 3376 1056 3443 atqua
1067 3364 1132 3426 ideo
1141 3365 1202 3424 fieri
1213 3367 1350 3443 potuisse,

138 3457 171 3508 ut
185 3448 233 3506 vel
247 3468 341 3522 nemo,
357 3449 406 3506 vel
420 3467 520 3506 omnes
535 3447 600 3505 illas
627 3446 788 3523 implerent.
821 3450 849 3506 5.
883 3447 1119 3524 Impetrationem
1143 3447 1230 3505 latius
1252 3455 1351 3526 patere

138 3528 339 3605 applicatione,
355 3536 388 3587 ut
401 3528 550 3604 impetrate
565 3526 603 3584 sit
617 3525 696 3584 salus
710 3526 851 3602 omnibus,
867 3546 932 3603 quae
947 3534 1044 3585 tamen
1067 3528 1168 3603 paucis
1182 3527 1350 3604 applicetur.

139 3608 209 3682 Quae
224 3608 321 3666 omnia
334 3617 396 3666 tam
410 3627 448 3666 ex
463 3605 623 3664 Collatione
639 3606 791 3682 Hagiensi,
807 3615 868 3666 tum
882 3627 920 3666 ex
937 3606 1058 3684 Scriptis
1076 3607 1186 3684 Synod.
1209 3606 1350 3666 Dordrac.

138 3689 302 3746 Remonstr.
317 3687 348 3746 in
361 3687 556 3746 declaratione
579 3687 729 3745 sententia
752 3685 880 3764 ipsorum
905 3687 982 3746 eirca
1005 3687 1162 3746 secundum
1185 3685 1351 3746 Articulum

138 3767 237 3843 colligi
252 3776 381 3844 possunt.

138 3883 372 3930 mmmmm„
443 3846 499 3906 VI.
522 3845 574 3904 Ad
583 3846 658 3904 hanc
673 3845 854 3921 sententiam,
871 3845 895 3904 si
909 3866 968 3904 non
982 3845 1108 3920 omnino,
1131 3865 1238 3920 magna
1251 3852 1349 3903 tamen

374 3916 381 3928 ⁵
402 3945 439 3986 ex
453 3935 543 4004 perte,
566 3925 707 3985 accedunt
728 3945 766 3984 ex
787 3925 910 4000 Nostris,
933 3926 984 4003 qui
999 3925 1130 3984 Gratiam
1146 3923 1349 3982 Universalem

140 4010 268 4061 tuentur.
311 4005 353 4064 Ut
373 4006 449 4064 enim
464 4005 649 4086 persagnia
662 4013 692 4064 et
705 4025 832 4064 amorem
845 4005 900 4063 Dei
915 4025 985 4082 erga
999 4006 1100 4063 Genus
1113 4005 1270 4061 humanum
1285 4002 1349 4059 uni-

141 4081 286 4140 versalem
315 4092 464 4161 statuunt;
488 4087 534 4144 lta
557 4107 595 4144 ex
609 4086 659 4143 illo
673 4104 770 4144 amore
795 4093 913 4144 censent
928 4083 1073 4142 Christum
1088 4103 1106 4139 a
1121 4082 1206 4138 Patre
1220 4081 1250 4136 ia
1265 4101 1349 4139 mun-

140 4161 211 4220 dum
225 4162 353 4238 missum,
369 4173 506 4241 tauquam
530 4165 686 4224 remedium
707 4165 870 4224 universale
885 4163 922 4222 sd
946 4161 1155 4240 procurandam
1170 4160 1297 4218 omnium
1323 4169 1352 4220 et

140 4241 322 4318 singulorum
337 4243 460 4302 salutem
475 4245 529 4304 sub
550 4245 715 4303 conditione
728 4244 816 4320 fidei;
840 4245 878 4302 Et
893 4243 1037 4302 Christum
1054 4259 1088 4297 ea
1101 4239 1260 4298 intentione
1274 4259 1350 4298 mor·

139 4330 221 4382 tuum
244 4340 308 4380 esse
326 4341 378 4398 pro
399 4324 532 4384 omnibus
555 4325 609 4384 sub
631 4325 732 4383 eadem
756 4323 929 4397 conditione,
953 4321 1021 4380 licet
1043 4319 1154 4378 fructus
1173 4327 1202 4377 et
1226 4318 1353 4377 efficacia

138 4399 241 4460 mortis
269 4401 333 4477 ejus
356 4401 393 4460 ad
415 4423 523 4479 paucos
545 4413 656 4464 tantum
679 4404 837 4481 perveniat,
863 4403 969 4480 quibus
993 4401 1073 4458 Deus
1098 4399 1213 4457 decreto
1235 4399 1353 4474 speciali

137 4481 225 4540 fidem
241 4480 309 4538 darc
324 4481 461 4542 decrevit.
518 4484 584 4542 Hoc
604 4484 689 4542 modo
704 4483 879 4561 pertendunt
899 4484 1054 4541 Decretum
1068 4479 1168 4537 mortis
1183 4478 1289 4536 Christi
1303 4498 1353 4536 an-

138 4561 292 4622 tecessisse
318 4561 472 4622 Decretum
489 4563 654 4638 Electionis,
671 4565 710 4622 Et
736 4564 830 4622 Deum
852 4583 910 4622 uon
933 4562 987 4620 hos
1008 4559 1102 4637 magis
1122 4578 1207 4635 quam
1230 4557 1295 4616 illos
1309 4577 1354 4616 re·

138 4640 271 4720 spexissc
287 4641 316 4700 in
331 4641 472 4702 mittendo
488 4643 610 4717 Christo,
627 4643 679 4702 sed
693 4643 827 4702 omnibus
841 4663 879 4702 ex
894 4661 976 4718 ecquo
991 4641 1150 4698 destinasse
1166 4637 1310 4698 Christum
1327 4637 1355 4694 in

182 4741 259 4780 ritas
275 4740 306 4779 rr.
1182 4723 1200 4776 2
1215 4737 1232 4775 c
