3146 5210
344 313 403 370 ctu
743 344 833 388 socrus
855 351 985 394 oucruus
1006 355 1141 404 ccrsrcs.
1351 349 1438 419 [stur.
1450 365 1464 404 ι
1513 409 1514 422 ἢ

342 489 403 608 nepl
409 473 493 549 serio,
509 476 561 535 sed
575 479 752 559 hypocritiae
761 499 868 566 ageret,
877 492 1023 555 offerendo
1036 498 1108 576 ipsis
1121 502 1253 578 gratiam,
1264 524 1342 580 quem
1354 513 1424 563 mnan
1433 507 1465 562 lu

342 569 380 608 no
405 563 441 610 et.
1511 641 1512 650 ἶ

382 631 424 689 ΙΙ.
455 634 516 694 Nos
538 657 606 696 vero
625 641 693 702 licet
714 665 771 704 ιιοιι
793 669 932 726 negemus
956 655 1115 734 Reprobos,
1136 663 1188 738 qui
1203 671 1345 722 versantur
1362 665 1386 720 in
1401 675 1460 721 etti-n
1511 665 1512 688 ¹

341 709 480 772 Ecclesiae
495 722 704 798 communione,
724 730 822 786 vocari
836 749 853 788 a
868 732 932 792 Deo
946 754 998 811 per
1013 737 1227 818 Evangelium3
1243 743 1464 820 Negamustanur·

338 793 459 850 consilio
474 806 503 854 et
518 798 675 862 intentione
690 809 797 881 vocari,
812 819 845 869 ιιι
859 813 961 873 salutis
975 817 1070 894 reipsa
1087 821 1156 880 fiant
1177 824 1336 902 participes,
1355 825 1416 902 quod
1429 829 1468 912 ec·

339 870 420 930 Deus
433 895 580 952 nunquam
596 879 731 960 latinum,
748 889 816 963 quia
830 891 914 951 aliter
927 894 957 952 in
973 896 1098 959 Decreto
1112 921 1165 960 suo
1179 902 1218 961 de
1232 904 1268 962 iis
1282 905 1415 963 constiutit
1442 905 1468 959 le.

336 962 488 1030 propterea
502 977 651 1020 censemus
667 963 761 1024 Deum
776 967 938 1046 hypocrisis
951 976 1039 1036 ullius
1054 980 1101 1038 vel
1116 983 1310 1042 simulationis
1322 1005 1394 1061 posse
1404 985 1471 1040 insius

336 1031 398 1105 lari,
415 1035 465 1092 sed
481 1039 606 1098 maxime
621 1043 695 1101 serio
710 1055 740 1104 et
753 1048 864 1109 sincere
878 1071 990 1131 semper
1003 1077 1100 1134 agere.

376 1113 434 1170 III.
459 1115 543 1188 Quod
558 1127 589 1177 ut
603 1120 767 1186 distinctius
777 1131 958 1208 percipiatur,
969 1139 1136 1214 notandum,
1155 1146 1181 1200 l.
1192 1143 1472 1202 Vocationemexumr

333 1192 451 1250 extendi
466 1203 523 1252 tam
538 1199 576 1256 ad
591 1200 750 1281 Reprobos,
765 1227 851 1284 quarn
873 1213 911 1270 ad
926 1215 1061 1293 Eiectos,
1084 1221 1136 1280 sed
1154 1221 1362 1300 diversimode;
1381 1224 1418 1280 Ad
1429 1223 1475 1278 Ele·-

331 1277 376 1327 tos
391 1271 507 1347 quidem
522 1277 656 1353 primario
671 1293 700 1343 et
714 1286 831 1365 directe,
847 1299 946 1369 utpote
960 1315 1079 1371 quorum
1104 1301 1235 1361 solorum
1260 1305 1350 1382 gratia
1370 1304 1475 1392 institutes

331 1349 369 1407 sit
383 1351 571 1414 ministerium
588 1360 750 1440 Evangelii,
766 1369 802 1427 ad
817 1370 1010 1449 colligendam
1022 1379 1083 1437 scil.
1096 1381 1270 1458 Ecclesiam,
1282 1394 1311 1444 et
1321 1385 1413 1461 Corpus
1422 1383 1477 1469 ihu<-

329 1429 353 1488 ti
366 1433 520 1508 mysticum
535 1445 804 1520 coagmentandum‚
822 1451 896 1528 pr.
912 1453 951 1513 iv.
969 1460 1013 1529 12,
1030 1467 1059 1516 et
1083 1461 1188 1536 quibus
1212 1464 1251 1522 de
1276 1465 1376 1523 mundo
1396 1463 1477 1520 sublate,

329 1511 409 1569 nulla
423 1516 547 1591 emplius
561 1535 725 1596 superesset
738 1529 912 1606 praedicatio
928 1535 996 1610 quia
1010 1537 1139 1598 Verbum
1150 1543 1208 1602 Dei
1223 1563 1282 1604 non
1291 1545 1478 1622 potestneem

329 1592 439 1667 cadere,
458 1595 514 1655 Ise.
529 1597 569 1658 lv.
588 1604 621 1658 11
640 1624 646 1676 ;
671 1603 720 1661 Ad
734 1609 872 1684 reprobos
886 1631 955 1672 vero
970 1619 1147 1693 secundarie,
1164 1632 1194 1682 et
1208 1625 1355 1700 indirecte,
1378 1623 1430 1700 quia
1444 1640 1479 1708 cun

329 1671 440 1732 Electis
454 1676 512 1734 sint
525 1681 670 1758 pemrixti,
687 1685 741 1743 soli
756 1688 820 1747 Deo
834 1691 917 1766 notis,
935 1697 952 1751 2
975 1696 1049 1754 Tim.
1065 1699 1094 1756 ii.
1113 1703 1159 1775 19,
1175 1723 1236 1762 non
1251 1713 1345 1782 potest
1355 1703 1479 1762 Vocation·

327 1751 546 1816 discriminatim
560 1759 597 1817 ad
611 1762 743 1824 homines
757 1767 851 1846 dirigi,
868 1773 938 1848 quin
953 1775 1017 1851 ejus
1031 1778 1117 1837 etiam
1139 1781 1211 1842 liant
1236 1785 1384 1862 participes
1395 1791 1439 1841 iam
1449 1780 1479 1834 lit

326 1833 410 1908 probi
424 1855 510 1912 quam
526 1839 628 1914 Eleon,
652 1851 684 1902 ut
698 1845 783 1904 finem
807 1869 889 1908 suum
905 1867 1097 1932 consequatur
1111 1880 1148 1918 ex
1157 1863 1262 1923 ordine
1273 1865 1344 1924 Dei:
1364 1873 1390 1922 ut
1402 1863 1480 1940 piscem

321 1913 458 1988 paciendo
473 1926 532 1976 rete
547 1920 671 1982 intendit
685 1933 796 1985 tantum
805 1929 897 1990 bonos
907 1934 1001 2009 pisces
1013 1957 1122 2016 cepere,
1134 1942 1185 2001 sed
1194 1944 1336 2004 indirecte
1345 1941 1479 2002 malosctier

325 1993 450 2053 corradit
463 1997 547 2056 bonis
561 2003 728 2076 permixtos.

366 2073 421 2132 IV.
444 2079 472 2134 2.
497 2079 597 2140 Finem
618 2083 775 2145 Vocatiom's
788 2088 920 2150 bifariam
936 2098 1067 2173 spectari,
1083 2101 1131 2159 vel
1146 2122 1163 2160 e
1168 2115 1261 2179 purte
1268 2106 1333 2180 Dei,
1346 2104 1389 2162 vel
1406 2108 1479 2192 sputi

323 2153 369 2210 rei
377 2175 383 2224 ;
400 2156 451 2230 qui
466 2166 588 2218 vocatur
601 2162 666 2220 finis
681 2169 835 2245 operantia,
851 2178 879 2229 et
893 2171 959 2232 finis
970 2178 1073 2254 operis.
1097 2180 1180 2242 Licet
1188 2187 1269 2244 enim
1279 2195 1392 2263 uterque
1403 2197 1480 2272 cccttffi·

323 2241 410 2306 gutur
424 2234 454 2291 in
469 2237 589 2316 Electis,
604 2241 634 2299 in
648 2245 713 2302 aliis
727 2255 824 2306 tumen
839 2262 996 2328 separatur.
1040 2259 1081 2318 Ut
1095 2259 1125 2318 in
1139 2268 1287 2339 preconio
1301 2265 1390 2342 legali,
1403 2262 1479 2349 finum

322 2319 367 2368 est
380 2312 442 2370 vita
455 2333 507 2390 per
518 2315 635 2395 Legem,
652 2323 705 2381 sed
717 2325 784 2385 finis
799 2329 854 2388 Dei
868 2341 934 2408 post
948 2348 1106 2414 peccatum,
1122 2361 1180 2401 non
1201 2355 1301 2421 potest
1322 2365 1381 2404 esse
1401 2344 1480 2428 hoen

321 2388 452 2464 felicitas,
468 2413 532 2469 quse
547 2417 598 2472 per
611 2411 760 2475 peecatum
774 2407 852 2467 faeta
865 2423 909 2471 est
930 2414 1040 2475 homini
1054 2419 1242 2497 impossibilis
1257 2447 1310 2504 per
1334 2427 1439 2501 Legem
1455 2433 1480 2472 a·

321 2468 465 2530 convictio
480 2473 604 2536 bominis
619 2480 803 2560 impotentiae,
820 2498 849 2548 et
864 2494 1049 2557 manuductio
1078 2500 1116 2558 ad
1137 2503 1296 2583 Christum,
1323 2506 1370 2584 qui
1391 2502 1441 2561 finis
1457 2510 1479 2553 e*

323 2549 411 2627 Legis
422 2572 428 2626 ;
453 2551 500 2611 Ite
513 2555 543 2612 in
559 2555 718 2621 Vocetione
734 2563 913 2646 Evangelice
926 2574 992 2634 finis
1005 2578 1047 2636 rei
1061 2588 1106 2638 est
1114 2582 1192 2642 salus
1203 2585 1339 2662 hominis,
1350 2584 1410 2663 quia
1418 2593 1482 2638 natta

321 2650 374 2690 sue
388 2651 422 2690 eo
436 2633 538 2710 tendit,
553 2645 586 2696 ut
599 2641 750 2716 perfidem
765 2656 794 2706 ct
808 2651 1006 2724 poeniteutiam
1016 2657 1190 2722 adsalutem
1206 2664 1381 2740 deducatur;
1400 2660 1480 2750 sede*

320 2711 417 2771 statim
430 2726 563 2792 respectu
575 2721 702 2780 omnium
717 2724 894 2789 Vocatorum
910 2742 954 2792 est
968 2735 1033 2796 finis
1049 2739 1113 2815 Dei,
1129 2743 1180 2800 sed
1194 2753 1309 2807 tentum
1318 2739 1481 2819 ειοιιιιιιιιιιιις

320 2791 401 2851 Deus
415 2793 501 2854 iidem
517 2807 546 2856 et
560 2801 682 2861 salutem
697 2804 765 2865 dare
786 2807 922 2870 decrevit

359 2873 397 2932 V.
421 2875 510 2936 Porro
526 2879 591 2938 finis
606 2881 659 2942 iste
674 2903 692 2943 a
705 2894 786 2962 perte
803 2889 866 2964 Dei,
882 2892 931 2950 vel
945 2903 989 2953 est
1003 2902 1163 2962 eommunis
1187 2909 1323 2968 omuibus
1337 2902 1444 2964 Vocetis.
1455 2893 1481 3003 u}

319 2954 452 3030 specialis
466 2969 600 3034 respectu
616 2963 789 3042 Electorum,
805 2970 854 3027 vel
869 2971 1077 3048 Reproborum.
1121 2983 1159 3042 Et
1183 2985 1220 3044 ed
1245 3003 1417 3049 communem
1435 2996 1482 3066 qua,

321 3043 443 3110 spectat,
460 3036 587 3098 dubitari
600 3062 659 3101 non
673 3043 768 3121 debet,
784 3049 855 3124 quin
869 3050 906 3110 sit
917 3053 993 3129 juris
1009 3056 1065 3116 Dei
1079 3069 1108 3118 et
1122 3062 1207 3123 officii
1222 3065 1348 3127 hominis
1358 3063 1479 3124 declamo

317 3112 395 3170 modi
411 3133 444 3172 ac
459 3119 514 3175 viee
530 3121 631 3179 salutis
645 3123 860 3204 demonstratio,
877 3139 906 3189 et
920 3135 1073 3210 promissio
1088 3141 1189 3202 salutis
1217 3146 1254 3206 iis
1269 3149 1320 3226 qui
1333 3143 1481 3206 condricus·

317 3194 514 3270 praescriptam
528 3199 689 3262 habuerint.
714 3206 772 3265 Sed
787 3210 920 3286 specialis
934 3225 1066 3292 respectu
1081 3221 1247 3284 Electomm
1273 3226 1391 3288 ulterius
1401 3234 1482 3300 pwiff'

318 3270 403 3347 ditur,
418 3275 553 3335 nimirum
568 3280 606 3338 ad
620 3284 721 3343 salutis
735 3287 806 3364 ipsis
820 3293 963 3350 actualem
977 3297 1168 3378 collationem,
1184 3323 1259 3382 quos
1273 3309 1339 3370 ideo
1358 3325 1410 3366 non
1427 3292 1481 3389 neda

168 3347 494 3431 Hesperium,
511 3358 563 3415 sed
576 3368 605 3418 et
619 3366 766 3438 operative
790 3379 884 3446 vocat,
909 3392 968 3431 non
989 3380 1201 3452 prescribendo
1224 3387 1366 3450 duntaxat
1387 3382 1481 3442 officium·

132 3427 166 3448 ‘⁴
317 3429 369 3487 sed
383 3430 455 3489 illud
470 3434 562 3512 ipsum
578 3441 761 3521 perficiendo,
776 3446 854 3507 intus
867 3471 919 3528 per
932 3453 1069 3530 Spiritum
1081 3465 1235 3542 operando,
1245 3470 1326 3545 quod
1333 3487 1381 3547 per
1391 3458 1482 3520 Verbssffl

316 3507 544 3644 f⁰¹i1⁵1prae⁰ipit⁵
568 3517 714 3596 Respectu
739 3544 809 3585 vero
839 3530 1046 3614 Reproborum,
1070 3543 1213 3604 convictio
1238 3568 1338 3608 eorum
1362 3544 1482 3606 etimne-¹1·

317 3606 350 3644 sa
392 3588 456 3648 itas.

356 3666 411 3727 VI.
436 3669 478 3730 Ut
491 3692 560 3732 vero
575 3696 592 3734 a
606 3679 713 3756 triplici
726 3684 867 3764 principio
878 3691 1003 3755 Vocatio
1014 3697 1070 3758 ista
1084 3701 1193 3781 oritur,
1216 3706 1263 3765 Ita
1276 3709 1411 3788 triplicem
1423 3701 1481 3780 fifltss}

316 3747 436 3808 obtinet.
461 3755 486 3810 1.
509 3753 607 3815 Oritur
620 3759 657 3818 ab
672 3765 841 3826 authoritate
855 3773 1049 3852 Leptitanos-is,
1076 3783 1125 3857 qui
1144 3783 1195 3859 jus
1214 3785 1301 3848 habet
1316 3773 1480 3868 prescribenh

315 3829 425 3890 homini
439 3832 564 3894 officium
578 3856 671 3900 suum.
694 3846 721 3903 2.
744 3843 772 3902 A
787 3848 906 3911 bonitate
920 3863 949 3913 et
960 3860 1059 3932 prothi
1072 3863 1197 3940 Domini,
1220 3868 1270 3943 qui
1292 3878 1426 3938 ereatura,
1438 3860 1480 3943 lec

315 3910 443 3990 indigne
457 3923 486 3973 et
500 3936 564 3992 reae,
576 3929 638 3977 'nen
653 3920 759 3984 desinit
770 3926 946 4010 benefecero,
962 3937 1041 3996 viem
1062 3941 1164 4001 salutis
1178 3951 1372 4024 monstrando,
1386 3953 1411 4004 et
1428 3951 1481 3995 rans

315 3989 455 4052 beneficia
468 3994 655 4076 indulgendo.
671 4005 700 4062 3.
716 4004 744 4062 A
751 4009 864 4082 justitia
872 4015 991 4090 chicie,
1004 4019 1054 4095 qui
1063 4030 1260 4084 contumacem
1272 4039 1302 4088 et
1310 4029 1432 4090 rebellem
1439 4012 1479 4073 vult

315 4073 486 4135 convincere
500 4085 530 4136 et
543 4078 770 4144 inexcusabilem
783 4080 913 4152 reddere.
944 4096 1022 4156 Hinc
1036 4098 1143 4177 triplex
1156 4103 1223 4164 finis
1237 4105 1310 4169 fluit.
1347 4109 1443 4168 Primus
1453 4099 1479 4151 ⁰³⁴·

309 4155 490 4230 prescriptio
504 4159 593 4235 (ficii,
609 4170 643 4221 ut
657 4164 730 4224 sciet
743 4168 814 4244 quid
827 4171 864 4230 ab
879 4173 941 4250 ipso
955 4177 1056 4255 exigat
1072 4182 1160 4258 Deus,
1182 4195 1212 4244 et
1235 4189 1307 4263 quid
1325 4189 1378 4268 ipsi
1399 4181 1478 4266 dehac

313 4231 447 4292 nimirum
462 4244 495 4295 ut
508 4239 607 4298 credat
619 4250 650 4301 at
669 4246 827 4323 resipiscat.
871 4253 1022 4316 Secundus
1043 4271 1088 4320 est
1108 4265 1259 4339 promissio
1283 4261 1478 4352 resuscitent?

313 4310 485 4390 conditione,
500 4327 534 4376 ιιι
547 4333 704 4397 eognoscat
717 4327 788 4403 quid
803 4330 884 4390 Deus
907 4333 975 4394 dere
990 4341 1172 4402 constituerit
1186 4346 1368 4410 credentibus
1381 4355 1406 4406 et
1417 4351 1478 4431 pull·

312 4391 448 4454 tentibus.
471 4396 587 4458 Tertius
600 4411 645 4461 est
653 4405 767 4464 detectio
772 4411 924 4483 praedatis
935 4419 1036 4492 cordia,
1050 4420 1121 4482 Luc.
1133 4423 1163 4482 ii.
1173 4427 1221 4501 35,
1234 4421 1476 4504 etincxcusebihcf·

311 4469 381 4529 Joh.
397 4491 446 4532 xv.
463 4480 510 4548 22,
526 4482 674 4558 supposita
688 4485 752 4560 ejus
766 4491 953 4568 contumacia,
969 4503 1002 4554 ut
1016 4506 1078 4558 tum
1093 4502 1179 4563 homo
1203 4506 1264 4584 ipse
1287 4509 1317 4568 in
1341 4503 1478 4570 consciente

310 4568 370 4628 sue,
386 4558 447 4610 tum
462 4555 512 4614 alii
525 4559 620 4635 reipsa
633 4573 817 4641 cognoscent,
829 4567 937 4643 justam
953 4592 1017 4636 esse
1033 4579 1089 4640 Dei
1103 4583 1270 4664 vindictam,
1280 4589 1412 4651 adversus
1424 4579 1477 4640 ltu

1511 2468 1513 2511 l
