3150 5206
129 390 242 444 Quaen
258 369 327 453 vm]
590 387 630 430 na
645 387 772 431 rmosar
784 389 914 432 osirin.
1282 379 1338 439 193

128 541 204 594 rent.
247 533 380 610 AEquum
401 530 487 590 etiam
508 537 570 591 erat
590 539 719 610 apertam
739 532 814 592 tanti
832 531 963 611 mysterii
983 531 1206 593 declarationem
1219 533 1335 597 Christo

128 633 243 674 summo
258 612 411 690 Propheta
432 631 588 686 reservare,
610 619 643 672 ut
663 613 769 671 clarius
789 621 901 690 pateret
920 613 1067 690 quodnam
1083 621 1161 673 essct
1180 612 1335 676 discrimen

127 693 205 754 inter
219 695 335 753 Mosam
348 691 495 766 famulum,
505 701 535 752 et
545 691 692 752 Christum
703 693 869 768 Dominum,
882 693 963 752 Inter
974 694 1130 753 Doctorem
1144 694 1336 772 symbolicum

126 775 221 852 prima
235 774 378 833 elementa
389 772 548 849 docentem,
560 780 591 831 et
602 773 757 831 Doctorem
769 772 915 832 coelestem
926 773 1023 832 omnia
1032 793 1137 832 aroana
1146 775 1333 836 revelantem.

128 853 243 914 Deinde
256 851 419 931 praecedere
433 851 534 912 debuit
548 852 692 912 convictio
706 853 831 912 hominis
845 853 1032 930 impotentia,
1047 861 1080 913 ut
1093 871 1129 912 eo
1142 853 1250 914 clarius
1263 875 1332 934 cog-

126 941 295 993 nosceretur
307 933 466 991 necessitas
487 932 597 1010 gratiae,
612 939 642 992 et
659 931 807 992 ardentius
829 931 998 1010 salvatoris,
1018 953 1171 1012 perquem
1188 933 1334 996 afferenda

124 1013 189 1090 fuit,
205 1012 380 1072 desiderium
393 1011 577 1071 excitaretur.
670 1067 673 1074 .

426 1091 465 1151 V.
487 1095 515 1151 4.
530 1093 649 1151 Notiora
662 1111 758 1152 rmum
766 1116 780 1166 ,-
794 1092 952 1152 Oumenim
966 1092 1070 1154 futura
1080 1091 1289 1172 essentadhuc,
1300 1103 1332 1156 et

387 1171 526 1230 vaticinia
539 1180 605 1230 ante
620 1173 862 1250 complementum
876 1173 988 1232 soleant
1004 1192 1068 1233 esse
1082 1174 1257 1251 obscuriora,
1273 1177 1330 1235 sai-

123 1258 184 1310 tem
198 1251 295 1329 quoad
306 1251 508 1328 complementi
518 1251 667 1328 rationem,
679 1251 783 1312 mirum
793 1271 852 1312 non
863 1259 908 1312 est
918 1253 943 1312 si
952 1254 1046 1330 primo
1056 1254 1215 1331 obscurius,
1226 1254 1331 1315 deinde

122 1331 231 1389 clarius
241 1331 349 1390 fuerint
358 1331 512 1409 proposita,
525 1351 582 1408 quo
592 1331 726 1410 proprius
736 1333 927 1392 accedebatur
937 1333 975 1392 ad
986 1341 1099 1412 tempus
1108 1335 1329 1414 complementi;

124 1410 176 1470 Sic
189 1411 242 1469 lux
256 1410 350 1487 magis
363 1411 515 1489 magisque
536 1420 621 1471 aucta
634 1420 687 1471 eet.
730 1413 906 1490 Progressus
919 1413 954 1473 fit
973 1414 1167 1492 revelationis,
1184 1415 1330 1493 Propheta

124 1489 279 1568 Prophetae
293 1489 382 1550 tradit
396 1501 425 1550 et
439 1492 539 1570 arripit
552 1491 715 1570 lampadem
727 1492 900 1570 ‘Evangelii
916 1513 974 1570 qua
987 1493 1167 1554 illuminetur
1186 1495 1328 1572 Ecclesia,

121 1577 155 1628 et
167 1589 276 1628 novum
290 1569 413 1649 gradum
432 1571 506 1630 lucis
527 1570 617 1630 addit.
659 1571 778 1631 Eadem
797 1573 1003 1650 promissiones
1023 1583 1192 1652 repetuntur
1204 1583 1235 1634 et
1247 1575 1329 1635 illus·

120 1655 255 1726 trantur;
278 1657 308 1709 at
327 1669 386 1727 quo
407 1651 502 1728 magis
523 1651 613 1710 instat
634 1659 748 1728 tempus
770 1651 982 1729 complementi,
1000 1673 1035 1712 oo
1055 1653 1192 1712 clariores
1212 1661 1280 1713 sunt
1300 1661 1331 1714 at

119 1729 276 1808 pleniores.
320 1729 399 1790 Ante
422 1730 531 1808 Legem
554 1731 652 1790 datam
673 1751 726 1808 per
747 1732 864 1808 Mosam
881 1731 1032 1791 obscurior
1051 1732 1107 1792 fuit
1127 1733 1331 1811 Premissio,a

121 1809 204 1886 Lege
218 1808 288 1869 data
299 1827 392 1888 usqua
406 1809 443 1868 ad
457 1819 587 1889 tempora
601 1811 810 1889 Prophetarum
824 1811 921 1871 minus
935 1812 1065 1888 obscura,
1080 1833 1099 1872 a
1119 1812 1330 1890 Prophetarum

123 1145 147 1192 4.
162 1144 260 1192 Natura
269 1159 359 1192 rerum.

118 1889 302 1966 temporibus
321 1909 414 1967 usque
431 1889 468 1948 ad
481 1891 512 1950 J.
529 1891 691 1968 Baptistam
713 1891 825 1967 clarior,
847 1898 914 1968 post
927 1892 1073 1951 Johannis
1093 1892 1328 1970 praedicationem
1449 1916 1454 1928 ·

117 1977 231 2047 aperta,
247 1969 407 2028 clarissima
419 1979 486 2048 post
500 1970 657 2030 advemum
669 1971 786 2031 Christi.
828 1971 876 2030 Ita
886 1971 1011 2030 Messias
1025 1972 1061 2030 ab
1075 1971 1159 2032 initio
1172 1980 1285 2032 tantum
1295 1982 1330 2033 ut

120 2049 229 2108 Samen
249 2049 388 2124 mulieris,
403 2049 478 2110 Gan.
492 2049 533 2108 iii.
550 2053 596 2124 15,
618 2051 778 2128 premissus
797 2059 852 2127 ast,
872 2058 974 2129 postea
993 2057 1027 2111 ut
1048 2051 1142 2112 Filius
1156 2052 1326 2130 Abrahami,

120 2127 200 2188 Gen.
214 2128 276 2202 xii,
291 2137 325 2188 ut
338 2129 476 2188 oriundus
491 2149 528 2188 ax
543 2130 631 2206 Juda,
645 2130 719 2190 Gen.
730 2131 813 2207 xlix,
826 2138 856 2190 et
869 2129 900 2189 in
912 2131 990 2190 tribu
1004 2131 1085 2191 Juda
1099 2151 1136 2191 ex
1146 2129 1257 2191 familia
1267 2132 1328 2192 Da·

117 2209 207 2284 vidis,
223 2212 242 2267 2
259 2209 337 2268 Sam.
350 2209 402 2267 vii.
417 2209 533 2268 Exinde
548 2209 655 2269 additae
676 2218 744 2269 sunt
760 2211 984 2270 circumstantiae
998 2211 1086 2270 varia
1100 2211 1137 2271 da
1162 2211 1329 2273 conditione

119 2287 236 2358 Matris,
252 2287 331 2366 quod
344 2287 441 2348 futura
461 2297 539 2349 esset
551 2290 645 2367 virgo,
668 2289 727 2349 Isa.
742 2290 803 2365 vii,
818 2289 934 2350 deloco
953 2290 1124 2367 nativitatis,
1146 2292 1238 2352 Mich.
1252 2313 1282 2352 v.
1296 2297 1325 2371 2,

116 2367 155 2426 da
169 2375 310 2446 tempore,
323 2368 428 2427 Daniel
441 2369 492 2445 ix,
507 2368 544 2429 de
556 2377 633 2428 statu
647 2369 712 2447 ejus
726 2369 836 2448 duplici
849 2370 1016 2448 passionum
1027 2379 1057 2430 et
1067 2368 1176 2448 gloriae,
1193 2373 1251 2432 Isa.
1262 2372 1326 2451 liii,

115 2446 154 2506 de
169 2447 361 2541 Praecursore,
374 2448 500 2509 Malach.
516 2449 556 2508 iii.
574 2451 600 2527 1,
615 2457 646 2509 et
659 2449 725 2509 aliis
738 2449 894 2529 adjunctis,
909 2470 974 2528 quaa
991 2451 1213 2530 promissionem
1232 2453 1327 2532 magis

115 2528 480 2686 maPlquidednsiddffi
488 2627 576 2668 causa
587 2609 705 2685 factum,
727 2617 760 2668 ut
773 2610 943 2686 mysterium
956 2603 1061 2670 hoc'eo
1075 2610 1227 2672 obscurius
1239 2611 1327 2673 fuerit

115 2687 308 2765 propositum,
323 2707 381 2766 quo
395 2697 526 2766 tempora
538 2689 576 2746 ab
590 2688 718 2748 adventu
732 2689 840 2749 Christi
859 2690 976 2768 longius
996 2687 1159 2750 abfuerunt.
1203 2694 1230 2750 l.
1252 2691 1329 2766 Quia

115 2773 343 2826 consentancum
357 2767 421 2843 fuit,
436 2775 469 2827 ut
482 2777 621 2847 tempora,
636 2787 694 2846 quo
708 2768 825 2846 longius
839 2767 876 2828 ab
891 2777 994 2829 exortu
1010 2769 1087 2828 Solia
1102 2769 1225 2848 justitiae
1238 2789 1326 2848 appa·

113 2853 245 2922 ruenmt,
260 2866 295 2905 eo
310 2847 476 2906 obscuriora
489 2856 594 2908 essent.
637 2852 666 2907 2.
691 2848 755 2923 Quo
778 2848 897 2926 propina
910 2849 1038 2908 instabat
1051 2849 1194 2910 adventus
1209 2849 1325 2927 Christi,

113 2945 149 2985 eo
163 2925 262 2985 acrius
275 2927 397 2986 excitari
411 2927 572 2987 debuerunt
584 2928 734 2986 hominum
748 2929 836 2986 animi
849 2928 881 2986 in
894 2928 959 3006 ejus
972 2929 1182 3006 expectatione.
1223 2931 1253 2989 3.
1268 2929 1325 2989 Ec·

113 3005 212 3082 alesia,
229 3025 288 3084 quo
309 3006 365 3066 fuit
385 3007 503 3085 propior
521 3007 612 3068 initiis
636 3008 705 3084 auis,
731 3027 766 3067 eo
779 3007 879 3067 rudior
892 3007 955 3085 fuit,
970 3007 1149 3087 proindeque
1162 3027 1198 3068 eo
1211 3008 1323 3069 rudiori

114 3085 206 3145 forms
222 3085 409 3146 instituenda

112 3201 167 3250 v„
179 3203 249 3252 Q„
280 3207 361 3250 roran-
421 3166 495 3225 vir.
519 3167 609 3226 Porro
623 3166 777 3228 diversitas
797 3166 882 3227 ish'ua
891 3165 1059 3226 aeconomia
1070 3165 1183 3228 duabus
1192 3166 1324 3246 partibus

142 3321 320 3367 ιι
382 3246 1196 3405 terminumn
1205 3249 1324 3390 urus

114 3425 205 3484 usque
228 3405 268 3466 ad
289 3407 435 3467 Christum
455 3405 654 3484 protenditur;
677 3405 762 3466 Istud
774 3427 793 3465 a
806 3406 922 3467 Christo
936 3374 973 3466 'ad
987 3407 1074 3468 finem
1095 3407 1194 3468 seculi.
1236 3408 1322 3484 Quic-

114 3485 185 3561 quid
203 3487 233 3546 in
260 3484 474 3565 dispensatione
498 3487 582 3546 istius
605 3485 723 3546 soederis
746 3486 877 3566 typicum
890 3487 945 3547 fuit
958 3495 988 3547 et
1001 3495 1160 3548 connotans
1173 3487 1322 3567 imperiec-

114 3565 232 3642 tionem,
259 3575 290 3626 et
314 3567 523 3626 confessionem
547 3566 674 3626 nondum
698 3563 850 3626 solatiaris
864 3593 899 3643 oo,
914 3567 998 3626 idad
1010 3568 1080 3629 Vet.
1094 3567 1173 3628 Test.
1187 3569 1322 3647 pertinet.

115 3643 263 3724 ericquid
275 3646 502 3724 redemptionom
516 3653 583 3706 actu
596 3646 755 3725 praestitam
773 3665 826 3726 per
840 3594 996 3724 dhristum,
1017 3647 1048 3706 id
1062 3648 1149 3708 Novo
1161 3647 1242 3709 Test.
1255 3667 1322 3728 pro·

111 3724 206 3800 prium
233 3733 288 3785 cst.
331 3726 398 3786 Seio
421 3727 582 3807 ηιχιπμίιι
605 3726 752 3786 nonnullis
781 3727 876 3805 magis
900 3727 1035 3805 arridere,
1062 3736 1097 3788 ut
1123 3728 1322 3789 consideratur

73 3812 78 3822 “
113 3803 247 3864 Foedcris
268 3805 369 3882 matio
390 3806 611 3882 administratio,
634 3805 661 3866 1.
681 3806 740 3866 Sal
760 3807 949 3866 Promissionc
969 3815 1036 3867 anta
1051 3807 1170 3886 Legem,
1186 3827 1204 3866 a
1218 3807 1319 3868 Prote-

112 3885 409 4042 &tantilli
419 3887 555 4026 litto
569 3886 1322 4028 fluidi?iiiiiisiiiidfiaeffsiihffi

113 4060 131 4100 a
145 4042 231 4102 Mose
246 4043 284 4102 ad
298 4045 454 4122 Christum,
469 4047 520 4106 ubi
533 3985 638 4105 minuit
651 3986 907 4125 demumgdnotpcm
920 4045 1015 4123 Vetus
1028 4012 1255 4121 Testamentum,
1271 3986 1321 4107 dd,

109 4120 159 4197 jus
182 4123 340 4184 haereditas
361 4125 400 4185 sit
420 4133 497 4186 tarra
522 4126 657 4202 Gauaan3
690 4129 719 4186 3.
739 4125 797 4186 sao
810 4127 977 4204 Eoonpolio,
1002 4125 1053 4185 ubi
1076 4124 1179 4204 incipit
1192 4125 1319 4186 Novum.

115 4200 173 4260 Sed
196 4223 259 4262 non
272 4213 408 4282 putamus
421 4213 518 4265 mman
531 4204 724 4266 recedendum
738 4225 802 4266 esse
815 4226 833 4267 a
846 4215 963 4284 recepta
976 4204 1126 4282 sententia,
1140 4223 1207 4282 quse
1219 4202 1319 4281 lexm-

111 4282 172 4355 μία
195 4283 311 4360 retinet,
334 4293 365 4344 et
387 4286 509 4364 primam
531 4285 723 4345 oecouomiam
744 4293 810 4346 aute
835 4287 981 4347 Christum
1005 4284 1122 4344 Veteris
1142 4285 1321 4346 Testamenti

113 4362 231 4421 notione
246 4362 399 4442 designare
422 4365 504 4426 solet.
546 4365 622 4441 Quia
635 4385 673 4424 ex
695 4385 751 4426 usu
776 4366 932 4446 Scriptura
953 4363 1107 4424 Pronoea
1125 4383 1184 4423 non
1205 4372 1319 4424 tantum

112 4439 235 4502 refertur
248 4442 287 4501 ad
299 4451 414 4522 tempus
428 4453 495 4505 anta
509 4445 628 4524 Legem,
651 4443 703 4505 sad
716 4445 883 4506 extenditur
896 4443 934 4504 ad
947 4444 1044 4504 omnia
1057 4443 1156 4504 secula
1169 4444 1320 4521 sequentia

113 4519 167 4579 sub
182 4521 265 4599 Lege
279 4541 370 4604 usque
385 4524 423 4583 ad
437 4525 591 4602 Christum,
614 4533 647 4585 ut
660 4525 808 4604 colligitur
820 4545 859 4586 ex
871 4525 953 4602 locis,
969 4522 1037 4584 Act.
1051 4522 1082 4582 ii.
1096 4525 1145 4600 39,
1160 4531 1191 4584 et
1203 4521 1254 4583 vii.
1270 4525 1318 4602 17,

114 4605 143 4657 et
166 4601 230 4660 xiii.
245 4603 295 4678 32,
321 4603 393 4664 Luc.
407 4604 426 4664 i.
442 4607 491 4680 ta,
517 4606 603 4665 Rom.
617 4605 659 4664 ix.
674 4608 702 4681 4,
728 4605 805 4684 Eph.
818 4605 849 4666 ii.
866 4608 913 4665 la.
955 4605 996 4665 Et
1022 4602 1129 4665 Veteris
1152 4605 1323 4666 Teanam

115 4681 381 4743 nomenclationem
395 4685 581 4764 restringitur
593 4684 632 4745 ad
646 4685 836 4746 oeconorniam
850 4684 1021 4763 Moesicam,
1036 4684 1089 4747 aad
1102 4683 1269 4746 extenditur
1282 4683 1321 4746 aa

192 4777 280 4819 raas
295 4779 326 4821 rr.
1136 4783 1157 4824 ιι
