3192 5206
128 402 238 453 suasu.
254 379 312 462 rra]
476 395 515 434 aa
529 395 645 436 orrrcro
660 395 777 436 crrnrsrr
791 396 985 441 nsnraronro.
1274 383 1332 441 363

129 545 241 604 nolunt.
285 540 351 600 Non
365 537 452 616 prius,
470 535 538 614 quia
552 534 594 593 sic
618 535 757 594 deberent
771 538 869 615 Reges
883 546 913 597 et
928 539 1098 600 Sacerdotes
1112 557 1183 614 osse,
1200 539 1334 619 απιίτοςις,

131 625 258 704 ausvaga,
285 617 527 692 mencalpmrstt
550 615 657 673 habere
684 616 890 693 Sacerdotium,
909 629 1080 696 perpetuum
1104 627 1133 678 et
1156 620 1335 699 ιπιςιίβιτον,

132 703 212 781 quod
225 701 263 760 ad
277 701 365 758 aliurn
379 717 437 755 non
451 694 698 770 transmitteretur,
709 703 738 754 et
752 697 782 754 in
796 716 853 773 quo
867 717 920 756 nec
935 699 1108 774 decessores,
1123 719 1176 756 nec
1190 719 1337 758 successo·

132 803 180 842 res
204 781 402 853 haberentet
425 774 537 848 similia,
561 774 591 831 in
616 775 720 850 quibus
735 775 806 834 ordo
820 777 875 835 iste
899 778 1154 838 Melchisedeciani
1177 779 1337 837 Sacerdotii

134 861 266 921 consistit
276 879 313 918 ex
322 856 473 935 spostolo;
496 853 581 928 Quod
588 873 673 913 nemo
681 875 740 912 non
754 855 835 915 videt
849 857 885 914 de
899 858 958 916 illis
968 858 1025 916 dici
1037 877 1094 916 non
1105 877 1199 934 posse.
1224 859 1337 916 Rursus

135 941 275 1000 deberent
303 935 440 997 constitui
472 953 537 992 cum
558 933 733 1010 juramento,
757 943 786 993 et
809 955 861 1013 per
884 938 945 994 vim
967 939 1036 996 vitea
1060 937 1278 1013 indissolubilis,
1305 947 1338 996 ut

134 1021 274 1093 Christus,
290 1036 353 1076 esse
367 1015 432 1092 puri
445 1021 474 1071 et
488 1013 672 1088 immaculati,
687 1014 738 1090 qui
751 1033 809 1072 non
823 1035 896 1093 opus
909 1017 1035 1076 habeant
1045 1016 1146 1076 offerre
1160 1037 1211 1094 pro
1226 1017 1337 1094 seipsis,

135 1099 187 1158 sed
201 1105 312 1158 tantum
327 1115 379 1172 pro
393 1093 509 1171 popule,
532 1093 582 1168 qui
593 1100 689 1151 essent
712 1094 769 1169 ipsi
785 1093 955 1166 Sacerdotes
969 1107 998 1156 et
1021 1096 1156 1173 victimae,
1180 1097 1230 1173 qui
1250 1097 1339 1155 semol

133 1187 246 1238 tanturn
261 1175 404 1248 offerrent,
420 1192 479 1232 non
493 1172 630 1248 quotidie,
646 1173 697 1248 qui
706 1193 758 1250 per
771 1183 892 1233 mortem
906 1195 964 1236 non
978 1175 1199 1253 prohiberentur
1212 1195 1336 1251 manere,

135 1259 186 1334 qui
208 1257 239 1314 in
261 1275 331 1314 uero
355 1253 525 1312 Sanctuario
548 1251 617 1310 ninr.
643 1253 717 1310 caelo
740 1263 859 1330 possent
872 1255 1043 1332 ministrare,
1059 1265 1091 1314 ut
1106 1256 1142 1314 de
1166 1257 1280 1314 Christo
1295 1256 1338 1313 di-

137 1338 219 1410 citur,
242 1335 419 1412 quodquam
432 1332 558 1390 alienum
570 1331 608 1389 sit
621 1331 659 1390 ab
673 1331 751 1408 ipsis,
765 1353 817 1409 per
830 1353 861 1392 se
876 1343 963 1412 patet.
999 1338 1027 1393 4.
1045 1335 1077 1394 Si
1090 1355 1148 1394 non
1163 1334 1271 1394 dantur
1285 1337 1339 1394 sub

136 1417 173 1475 N.
195 1417 322 1474 Testem.
348 1411 518 1472 Sacerdotes
540 1410 670 1488 ejusdem
684 1411 834 1488 dignitatis
862 1423 891 1472 et
916 1414 1025 1473 ordinis
1040 1434 1104 1473 oum
1120 1415 1243 1489 Christo,
1272 1416 1341 1491 quia

136 1495 210 1556 ratio
221 1501 338 1572 propter
351 1511 436 1568 quam
450 1491 548 1568 plures
568 1490 675 1548 fiebant
689 1492 743 1550 sub
770 1491 848 1570 Lege
868 1494 948 1551 nulla
971 1489 1023 1568 cit,
1049 1493 1183 1552 rrirnirum
1204 1495 1344 1553 moriendi

136 1575 302 1636 aaaron:
337 1572 384 1630 Ita
396 1571 558 1648 rrecplnres
579 1569 641 1628 dari
655 1579 776 1646 possunt
789 1572 945 1650 inaequales
959 1582 988 1631 ct
1002 1573 1172 1648 secundarii,
1187 1574 1255 1650 quia
1269 1574 1342 1632 ratio
1445 1561 1451 1578 ⁸

137 1662 354 1733 propterquam
368 1652 560 1728 plureseraut
574 1651 628 1708 sub
644 1649 723 1726 Lege
745 1659 846 1725 cessat,
859 1652 993 1710 nimimm
1008 1653 1163 1732 irfirraitoc,
1179 1653 1247 1728 quia
1266 1673 1342 1712 unus

137 1753 196 1794 non
211 1739 322 1811 poterat
336 1730 465 1790 sufficere
480 1738 523 1788 tot
536 1728 731 1788 functionibus
740 1731 889 1790 obeundis.
931 1731 1003 1790 Ideo
1017 1733 1113 1808 plures
1128 1732 1225 1790 debuit
1237 1733 1343 1791 habere

140 1811 347 1888 suffraganeos,
362 1809 412 1887 qui
436 1810 518 1867 illurn
540 1809 733 1870 sublevarent.
778 1810 836 1868 Sed
859 1819 962 1870 neutra
982 1812 1054 1870 ratio
1075 1812 1170 1870 locum
1198 1812 1286 1870 habet
1313 1812 1344 1870 in

142 1891 257 1951 Christo
272 1888 432 1964 immortali,
448 1897 478 1947 et
491 1887 708 1964 perfectissimo,
719 1889 769 1966 qui
782 1890 902 1966 proinde
915 1910 969 1949 nec
982 1899 1162 1968 permortem
1176 1891 1344 1967 prohibetur

142 1970 255 2045 durare,
270 1989 323 2028 nec
346 1988 397 2046 per
406 1967 601 2026 infirmitatem
625 1967 718 2045 impar
740 1977 784 2028 est
807 1978 890 2028 tanto
914 1970 1033 2046 muneri,
1060 1989 1124 2049 quae
1149 1969 1286 2048 Apostoli
1300 1979 1344 2030 cst

142 2049 331 2124 ratiocinatio,
354 2048 431 2108 Heb.
445 2047 495 2106 vii.
511 2050 558 2122 23,
575 2051 622 2122 24,
639 2050 687 2106 28.

184 2129 310 2188 XVIII.
333 2129 393 2186 Nec
415 2127 589 2186 contrarium
613 2127 746 2186 evincere
767 2135 862 2206 potest
876 2127 1022 2204 instantia,
1037 2128 1128 2206 petita
1148 2149 1166 2186 a
1186 2128 1344 2207 Prophetis

143 2208 259 2283 Christi,
295 2227 359 2284 quse
393 2215 489 2284 potest
516 2205 666 2265 admItterc
689 2207 823 2266 Pastores
837 2217 867 2267 et
891 2209 1032 2267 Doctores
1056 2207 1248 2283 secundarios,
1277 2208 1345 2267 licet

143 2289 275 2348 Christus
289 2294 403 2346 maneat
418 2305 530 2363 semper
539 2305 688 2363 supremus
703 2287 807 2346 Pastor
820 2297 849 2347 et
859 2289 969 2346 Doctor
983 2288 1131 2348 Ecclesiae.
1162 2292 1187 2345 l.
1201 2288 1275 2362 Quia
1289 2287 1346 2346 alia

143 2367 217 2426 ratio
231 2376 276 2426 est
290 2366 461 2444 Prophetis,
481 2385 545 2444 quae
567 2366 628 2442 agit
648 2366 763 2425 nomine
787 2368 843 2425 Dei
867 2367 944 2445 apud
957 2367 1096 2443 homines,
1112 2366 1169 2425 alia
1185 2367 1346 2426 Sacerdotii

144 2447 224 2524 quod
247 2447 361 2506 nomine
392 2445 540 2503 hominurn
568 2445 646 2521 apud
669 2445 773 2506 deum:
809 2447 910 2521 Quoad
938 2447 1017 2504 illam
1052 2447 1183 2506 Christus
1207 2447 1238 2504 in
1265 2447 1346 2504 coelis

145 2545 264 2585 manens
298 2525 417 2603 requirit
453 2525 612 2600 Ministros,
655 2525 705 2602 qui
739 2527 921 2603 praeentiam
962 2546 1042 2586 suam
1078 2546 1244 2604 corpoream
1279 2545 1345 2603 sup·

143 2607 257 2684 plantes
284 2605 414 2664 homines
429 2604 592 2662 'visibiliter
612 2605 803 2684 alloquantur,
829 2615 858 2666 et
886 2606 991 2683 saepius
1013 2607 1143 2682 doceant,
1173 2607 1224 2664 sed
1251 2605 1348 2682 quoad

143 2685 226 2759 illud,
252 2705 317 2744 curn
339 2681 470 2742 Christus
493 2703 606 2760 semper
632 2684 707 2744 adsit
729 2685 818 2758 Patri,
846 2695 876 2745 et
903 2686 1073 2744 sacrificium
1101 2686 1190 2744 semel
1218 2685 1347 2744 oblatum

144 2765 265 2824 infinita
288 2765 326 2823 sit
347 2763 472 2838 virtutis,
489 2783 548 2821 non
571 2763 691 2842 requirit
715 2765 875 2840 Ministros,
891 2766 941 2843 qui
963 2766 1026 2843 ejus
1040 2765 1105 2824 loco
1119 2765 1288 2823 sacrificent.
1318 2769 1346 2822 2.

146 2845 286 2919 Christus,
312 2843 363 2922 qui
377 2861 408 2902 se
423 2861 566 2901 summum
581 2844 736 2902 Ductorem
749 2854 879 2903 nostrum
894 2853 987 2918 vocat,
1004 2845 1163 2922 Apostolos
1173 2843 1298 2902 instituit
1318 2851 1348 2902 et

146 2925 305 2998 Ministros,
326 2922 375 3001 qui
389 2921 587 2999 praedicarent,
611 2923 716 2982 Matth.
740 2924 844 2982 xxviii.
861 2927 907 2999 19,
931 2925 1005 3001 Eph.
1031 2924 1070 2981 iv.
1089 2927 1134 2996 11,
1151 2923 1202 2981 scd
1215 2922 1348 3000 nuspiam

149 3003 319 3064 Sacerdotes
332 3001 481 3060 inferiores
491 3002 650 3061 instituisse
663 3003 778 3079 legitur.
820 3007 848 3062 3.
860 3004 994 3063 Pastores
1008 3002 1155 3060 inferiores
1165 3003 1219 3061 sub
1234 3002 1349 3060 Christo

147 3103 205 3143 non
219 3089 381 3161 repugnant
404 3081 457 3140 ulli
471 3090 549 3158 typo,
572 3081 650 3159 quod
671 3081 777 3141 faciant
800 3082 968 3142 Sacerdotes
990 3081 1160 3140 secundarii.
1202 3084 1230 3140 4.
1253 3081 1348 3155 Quum

149 3163 280 3224 Christus
294 3162 396 3221 unicus
420 3162 529 3220 Doctor
542 3171 662 3221 vocatur
682 3162 830 3222 exclusive
842 3162 879 3220 ad
893 3161 965 3221 alios
984 3181 1084 3219 omnes
1105 3161 1191 3219 debet
1214 3161 1348 3238 intelligi,

148 3243 216 3321 quia
229 3242 314 3301 docet
328 3247 446 3300 externe
457 3249 486 3299 et
496 3241 616 3316 interne,
632 3242 743 3319 etquis
756 3241 853 3301 attulit
867 3241 950 3300 nobis
965 3240 1157 3317 Evangelium
1172 3241 1293 3315 coelitus,
1310 3241 1351 3299 ita

147 3333 181 3382 ut
200 3321 273 3380 nihil
287 3321 409 3379 doceant
434 3320 576 3396 Pastores,
620 3321 676 3380 uod
690 3341 749 3380 non
776 3321 938 3399 acceperint
958 3322 995 3379 ab
1008 3321 1080 3397 ipso,
1096 3320 1174 3398 quod
1188 3320 1260 3379 nulli
1275 3339 1349 3379 rnor-

148 3403 250 3462 talium
264 3398 418 3459 convenire
432 3407 536 3477 potest.
560 3341 619 3460 sei
632 3401 688 3460 hoc
702 3402 738 3460 de
755 3401 921 3461 Sacerdotio
932 3401 990 3459 dici
1003 3401 1111 3477 nequit,
1127 3400 1196 3478 quia
1206 3420 1242 3458 err
1257 3400 1349 3478 hypo-

150 3483 227 3541 thesi
239 3479 484 3539 Adrersariorum
501 3479 672 3539 Sacerdotes
683 3480 790 3540 debent
804 3501 866 3540 esse
881 3481 1011 3558 ejusdem
1026 3479 1134 3539 ordinis
1145 3501 1209 3539 cum
1226 3480 1350 3539 Christo.

375 3615 380 3628 ,
454 3559 549 3617 XIX.
574 3559 715 3635 Secundo,
732 3560 806 3635 Quia
829 3560 1026 3620 Sacerdotium
1037 3560 1115 3618 istud
1125 3559 1257 3638 nuspiam
1268 3559 1352 3618 insti-

148 3617 251 3721 ²23ssss
262 3616 392 3719 ffihlljss'
413 3647 507 3698 tutum
531 3639 638 3716 legitur
658 3641 689 3697 in
704 3640 788 3699 Novo
799 3641 992 3714 Testamento,
1008 3659 1061 3699 nec
1075 3641 1225 3715 aGhristo,
1241 3659 1293 3698 noc
1315 3639 1351 3698 ab

414 3717 573 3795 Apostolis.
582 3719 690 3778 Paulus
700 3718 816 3795 quidem
825 3720 922 3778 varios
932 3719 1047 3779 ordines
1055 3728 1187 3779 recenset
1198 3720 1352 3778 Munerum

152 3817 306 3871 sacrorum,
318 3806 381 3856 tum
390 3797 608 3872 ordinariorum,
623 3806 685 3857 tum
700 3799 999 3875 extraordinariomm,
1011 3799 1095 3858 Rom.
1106 3800 1166 3874 xii,
1184 3803 1199 3856 l
1214 3799 1278 3856 Cor.
1289 3799 1350 3871 xii,

153 3879 228 3954 Eph.
243 3878 282 3935 iv.
300 3876 358 3936 Sed
369 3877 405 3935 de
422 3877 626 3938 Sacerdotibus
638 3879 715 3937 Novi
726 3879 804 3938 Test.
817 3881 906 3940 altum
920 3879 997 3956 apud
1011 3879 1092 3938 illum
1105 3879 1258 3936 silentium.
1302 3876 1352 3934 An

153 3955 290 4014 credibile
313 3963 357 4016 est
382 3955 513 4033 Paulum,
539 3959 590 4034 qui
612 3966 670 4016 tam
693 3967 825 4018 accurate
853 3960 973 4036 exponit
1002 3977 1180 4035 quaecunque
1208 3956 1353 4032 pertinent

153 4035 317 4093 adsacrum
338 4033 532 4095 Ministerium
546 4038 632 4096 etiarn
651 4039 804 4098 minutiora
813 4046 842 4096 et
855 4040 950 4097 minus
963 4037 1133 4110 necessaria,
1148 4043 1181 4092 ut
1195 4034 1310 4093 videtur
1323 4035 1353 4092 in

155 4113 296 4191 EpistoIIs
304 4112 342 4170 ad
350 4113 534 4175 Timotheum
546 4125 575 4177 et
585 4117 622 4176 ad
631 4118 737 4193 Iitum,
750 4119 922 4176 omissurum
936 4119 1024 4176 fuisse
1038 4117 1113 4174 hanc
1125 4114 1255 4172 Muneris
1270 4113 1353 4171 istius

155 4193 281 4272 speciem
295 4199 323 4251 et
345 4201 464 4268 partem,
479 4215 543 4271 quae
565 4197 710 4276 praecipua
723 4206 768 4258 est
782 4206 811 4256 et
824 4197 966 4275 primaria,
986 4204 1015 4254 st
1033 4213 1092 4272 prae
1106 4213 1163 4271 qua
1177 4201 1288 4251 caeterae
1302 4213 1352 4250 ex-

154 4273 217 4352 igui
232 4271 367 4330 videntur
381 4275 541 4333 momenti?
582 4277 629 4336 Ita
644 4277 775 4336 Christus
788 4285 874 4336 vocat
888 4276 1003 4354 quidem
1019 4293 1086 4332 suos
1100 4273 1138 4330 ad
1149 4272 1353 4349 Apostolatum

153 4363 183 4414 et
198 4350 401 4426 Ministerium,
423 4360 456 4411 ut
469 4353 598 4432 doceant,
615 4357 808 4434 Evangelium
822 4355 986 4433 praedicent,
1002 4361 1031 4412 et
1047 4355 1231 4412 Sacramenta
1244 4351 1355 4409 admin-
1448 4375 1450 4382 ⁴

153 4435 274 4507 istrent;
297 4430 348 4490 sed
368 4439 401 4488 ut
412 4433 581 4494 sacerdotali
594 4455 712 4495 munere
723 4437 887 4514 fungantur,
900 4443 929 4494 et
942 4443 975 4493 ut
989 4434 1082 4511 ipsum
1096 4431 1224 4510 quotidie
1235 4429 1356 4489 offerant

155 4515 185 4573 in
202 4511 374 4572 sacrificium
387 4511 523 4590 lamech,
543 4535 686 4592 nusquam
700 4517 839 4593 praecipit.
882 4516 943 4574 Ncc
957 4533 992 4573 eo
1006 4513 1147 4591 pertinere
1161 4518 1257 4588 potest
1277 4509 1355 4586 quod

155 4596 186 4653 in
201 4592 384 4652 institutione
400 4591 589 4654 Eucharistiae
601 4595 685 4673 jubet
699 4596 855 4672 discipulos
866 4597 1025 4668 hocsaccre
1038 4594 1067 4652 in
1088 4594 1133 4651 sui
1156 4609 1354 4650 commemora·

156 4676 266 4748 tionem,
279 4671 348 4750 quia
361 4669 417 4728 hoc
439 4672 477 4730 ad
497 4693 596 4734 omnes
617 4674 717 4734 fideles
742 4674 858 4752 respicit
887 4674 1047 4751 interprete
1063 4673 1162 4747 Paulo,
1196 4671 1292 4730 lCor.
1314 4671 1355 4729 xi.
