3152 5198
316 1209 490 1286 lOGUS
530 1209 780 1285 DECIMUS
822 1207 1117 1284 SEPTIMUS.

178 1479 239 1568 DII
280 1474 695 1570 strerrrrelrterr
738 1476 795 1565 III
835 1473 971 1568 BONIS
1012 1471 1252 1566 OPERIBUS.

540 1961 734 2037 QUAEsrto
755 1962 900 2022 PRIMA.

144 2123 222 2189 Quid
233 2122 268 2180 sit
282 2121 481 2198 Sanctificatio,
497 2121 539 2176 Et
554 2121 701 2186 Quomodo
715 2122 905 2196 detinenatur
918 2141 938 2178 a
951 2118 1161 2196 Juatrfleotione,
1179 2127 1206 2175 et
1217 2115 1252 2174 ab
1267 2134 1301 2173 eo

536 2207 628 2258 tomen
640 2201 677 2258 eit
690 2199 909 2275 inseparabilis!

161 2357 186 2416 1.
209 2357 251 2417 Ut
272 2356 403 2416 Christus
423 2354 507 2414 nobis
527 2355 620 2414 fectus
641 2364 686 2416 est
705 2356 800 2414 aDeo
814 2355 944 2430 Iustitia,
959 2361 989 2413 et
1004 2353 1207 2426 Sanctificatio,
1225 2355 1240 2410 1
1257 2352 1322 2410 Gor.

120 2437 139 2494 i.
154 2439 202 2511 30,
218 2455 276 2494 non
290 2434 415 2508 divisim,
431 2433 482 2492 sed
497 2435 680 2510 conjunctim,
703 2455 756 2494 nee
770 2433 897 2509 confuse,
912 2433 965 2493 sed
978 2433 1133 2507 distincte;
1155 2432 1202 2490 Ite
1215 2430 1322 2489 benefi-

117 2515 194 2574 cium
215 2507 447 2572 sanctificationis
468 2513 711 2572 iustificationem
730 2513 894 2573 immediate
916 2512 1053 2589 sequitur,
1073 2519 1106 2570 ut
1119 2530 1185 2570 cum
1198 2529 1234 2568 ea
1246 2510 1321 2568 inse·

120 2592 286 2672 parabiliter
300 2612 471 2667 connexum,
488 2592 539 2650 sed
553 2599 649 2650 tamen
663 2593 779 2651 realiter
792 2594 829 2651 ab
843 2613 878 2651 ea
892 2591 1068 2651 distinctim.

422 2670 464 2728 II.
485 2670 716 2742 Sanctificationis
730 2692 790 2732 vox
802 2691 861 2730 non
875 2671 922 2728 hic
936 2676 1090 2746 usurpatur
1102 2667 1160 2725 late
1173 2686 1226 2742 pro
1240 2684 1322 2742 sepa-

381 2751 490 2808 ratione
515 2749 643 2825 qualibet
665 2750 701 2809 ab
725 2770 780 2809 usu
808 2749 960 2822 communi,
989 2755 1019 2805 et
1045 2745 1257 2804 consecratione
1285 2744 1323 2802 ad

192 2883 199 2894 .
381 2847 465 2887 usum
477 2827 1050 2906 sacrum,utsoepesumiturinSeriptura
1058 2823 1321 2900 quoedressacras,

121 2925 186 2984 quae
206 2905 240 2963 fit
259 2906 308 2963 vel
327 2925 379 2982 per
399 2907 601 2981 institutionem,
620 2908 714 2984 qualis
728 2916 773 2966 est
793 2905 981 2966 sanctificatio
994 2903 1052 2961 diei
1066 2903 1188 2979 septimi,
1203 2902 1251 2959 vel
1272 2921 1323 2980 per

121 2985 284 3043 relationem
293 2986 372 3060 neni,
382 2985 476 3062 qualis
488 2994 531 3044 eet
541 2986 728 3045 sanctificatio
737 2987 952 3045 Elementorum
961 2984 992 3041 in
1002 2982 1202 3056 Sacramentis,
1214 2980 1261 3038 vel
1272 2999 1323 3056 per

122 3063 376 3138 manifestationem,
399 3064 543 3141 quomodo
566 3065 646 3124 Deus
667 3065 772 3124 dicitur
792 3065 829 3123 ab
850 3063 1014 3123 homiuibus
1028 3060 1207 3134 sanctificari,
1225 3063 1240 3117 1
1259 3059 1322 3118 Pet.

121 3142 236 3216 iii.15;
268 3142 325 3199 Vel
345 3162 396 3219 pro
416 3144 561 3202 sanctitate
573 3145 711 3218 federati
728 3164 780 3220 per
800 3151 948 3202 externam
968 3139 1157 3214 vocationem,
1179 3137 1323 3216 quomodo

122 3219 215 3279 lereti
229 3219 334 3279 dicitur
347 3222 483 3280 sanctitas
497 3222 630 3297 Jehovae,
646 3223 667 3282 J
669 3243 708 3281 er.
722 3222 752 3280 ii.
768 3226 796 3282 3.
840 3222 897 3280 Sed
911 3221 1009 3279 stricte
1022 3237 1075 3295 pro
1085 3219 1156 3276 reali
1169 3228 1198 3277 et
1211 3218 1324 3275 interna

121 3298 247 3358 hominis
268 3300 461 3374 renovatione,
482 3320 534 3378 per
554 3321 638 3377 quam
660 3302 741 3360 Deus
753 3301 898 3360 hominem
912 3298 1062 3376 perfidem
1077 3296 1191 3356 Christo
1205 3296 1323 3354 insitum

123 3386 152 3438 et
168 3378 368 3454 justificatum,
390 3379 548 3439 ministerio
572 3377 666 3439 Verbi
687 3388 717 3438 et
740 3379 866 3438 efficacia
888 3377 1020 3455 Spiritus,
1035 3375 1128 3452 magis
1143 3375 1292 3453 magisque
1306 3396 1324 3433 a

122 3457 221 3516 nativa
235 3456 392 3516 vitiositate
405 3457 517 3534 liberet,
538 3465 568 3517 et
586 3459 622 3517 ad
644 3478 725 3518 suam
740 3458 901 3535 Imaginem
915 3455 1058 3515 reformet.
1102 3456 1150 3514 Ita
1163 3476 1229 3515 oum
1243 3475 1324 3532 sepa-

121 3535 231 3594 ratione
245 3556 263 3593 a
276 3537 384 3594 mundo
398 3545 427 3595 et
440 3545 567 3613 peccato,
589 3547 618 3596 ct
639 3538 852 3596 consecratione
872 3535 910 3594 ad
925 3535 980 3594 Dei
994 3535 1112 3611 cultum,
1127 3534 1222 3596 innuit
1235 3535 1325 3613 ipsius

122 3623 232 3674 uenires
245 3615 471 3675 renovationem.

164 3694 224 3751 III.
247 3694 320 3769 Quia
333 3715 404 3754 vero
418 3694 504 3753 realis
519 3693 574 3752 ista
586 3694 712 3752 hominis
725 3693 846 3754 mutatio
866 3694 900 3753 fit
914 3693 1036 3752 diversis
1051 3693 1197 3770 gradibus,
1213 3691 1261 3750 vel
1274 3710 1326 3766 per

128 3773 304 3832 Vocationcm
318 3775 463 3848 ffccemn,
478 3793 544 3850 qua
557 3773 693 3850 importat
707 3772 890 3831 donationem
908 3772 985 3848 fidei,
1008 3779 1037 3830 et
1057 3769 1261 3847 resipiscentiae
1274 3787 1326 3844 per

125 3849 220 3924 fidem,
235 3862 265 3908 et
278 3854 494 3911 translationem
515 3872 533 3909 a
554 3859 631 3911 statu
649 3851 760 3929 peccati
773 3851 811 3909 ad
825 3859 930 3910 statum
945 3851 1064 3926 gratiae;
1087 3850 1135 3906 vel
1148 3867 1199 3925 per
1212 3867 1323 3921 repone·

125 3929 270 4004 rationem,
294 3949 358 4005 quse
372 3931 589 3989 renovationem
612 3939 721 3990 naturae
746 3939 886 4007 corruptae
913 3929 1002 4002 dicit,
1024 3927 1073 3984 veI
1099 3945 1151 4002 per
1171 3925 1325 3984 sanctitate

126 4006 288 4079 inflationem
303 4017 332 4066 et
339 4009 481 4084 praxim:
503 4009 581 4067 Hinc
603 4009 790 4069 sanctificatio
814 4007 900 4066 modo
921 4005 979 4065 late
993 4004 1159 4063 extenditur
1172 4003 1209 4062 ad
1232 4011 1325 4061 totum

126 4092 232 4143 statum
246 4083 349 4158 fidelis,
361 4093 391 4143 et
401 4085 599 4162 complectitur
609 4087 695 4147 etiam
706 4089 798 4164 ipsam
806 4085 1004 4159 Vocationem,
1015 4103 1072 4160 quo
1081 4102 1168 4141 sensu
1178 4081 1285 4140 Paulus
1296 4083 1327 4139 in

127 4163 219 4239 Epist.
236 4163 273 4220 ad
296 4163 372 4222 Heb.
385 4163 519 4240 designat
539 4185 614 4242 saepe
625 4165 725 4225 fideles
736 4185 787 4243 per
798 4172 847 4226 ute
859 4171 1027 4238 tentantem,
1038 4181 1083 4220 eoa
1094 4161 1144 4238 qui
1151 4161 1325 4232 sanctifican-

127 4251 181 4317 tur,
193 4241 270 4300 Heb.
285 4241 314 4300 ii.
328 4245 374 4316 11,
386 4251 416 4302 et
427 4263 457 4299 x.
470 4245 520 4318 143
531 4244 617 4304 modo
628 4245 755 4304 strictius
766 4254 795 4304 et
804 4243 898 4320 magis
905 4241 1019 4320 proprie
1028 4261 1080 4318 pro
1090 4239 1275 4301 renovatione
1289 4238 1327 4297 ad

127 4320 289 4397 Imaginem
313 4321 378 4397 Dei,
397 4340 462 4397 ques
484 4323 612 4401 sequitur
629 4323 874 4401 justificationem,
893 4341 957 4398 quae
975 4321 1023 4379 hie
1046 4320 1198 4380 inchoatur
1220 4319 1250 4376 in
1273 4318 1327 4376 hac

126 4399 189 4457 vita
201 4418 253 4475 per
266 4400 522 4477 regenerationem,
534 4409 564 4461 et
575 4411 761 4480 promovetur
774 4422 825 4479 per
839 4399 999 4460 sanctitatis
1013 4407 1043 4459 et
1055 4400 1195 4459 bonorum
1209 4417 1327 4476 operum

128 4477 306 4554 exercitium,
322 4479 415 4539 donec
436 4490 648 4542 consummetur
668 4482 698 4539 in
719 4482 807 4540 altere
821 4499 873 4558 per
886 4479 1018 4556 gloriam.
1061 4479 1126 4538 Hoc
1140 4497 1227 4538 sensu
1240 4476 1326 4534 modo

122 4557 236 4635 passive
250 4558 382 4634 sumitur,
397 4565 539 4635 quatenus
559 4561 592 4620 fit
612 4581 630 4619 a
651 4561 714 4618 Deo
735 4559 766 4617 in
779 4559 871 4634 nobis,
887 4557 973 4617 modo
987 4559 1075 4618 active
1088 4565 1229 4636 quatenus
1243 4555 1329 4614 debet

127 4637 190 4696 fieri
204 4656 222 4695 a
234 4637 328 4712 nobie,
345 4637 409 4696 Deo
424 4636 455 4695 in
469 4638 551 4698 nobis
565 4649 593 4700 et
606 4659 658 4717 per
671 4659 725 4698 nos
738 4639 794 4698 hoc
808 4657 880 4718 opus
893 4646 1057 4715 peragente.

169 4733 245 4776 rnre
258 4735 291 4775 11.
1120 4718 1171 4782 ro

140 2730 345 2778 Sancuflectioms

161 2789 320 2846 homonyma
