3108 5198
240 380 278 438 36
695 394 787 436 nouus
803 391 982 435 uuancruus.
1246 366 1379 454 [ounsr.
1397 389 1453 436 vu.

283 533 343 596 ΙΙΙ.
366 535 432 596 Non
453 534 591 614 quaeritur
610 534 647 595 de
667 536 847 594 Iaoocots'one
866 533 1021 612 improprio
1035 533 1121 608 dicte,
1145 551 1197 592 scu
1217 527 1456 610 interpellatione

243 613 323 695 civili,
338 611 443 693 sociali,
460 624 489 675 et
502 611 662 691 dilectionis,
678 635 743 693 quae
757 615 832 674 inter
845 615 976 674 homines
990 614 1124 673 viventes
1143 613 1240 672 locum
1253 613 1352 688 habet,
1369 622 1403 672 et
1417 613 1457 672 ad

243 695 399 758 secundam
413 695 541 756 tabulam
555 695 697 773 pertinet,
722 695 780 756 Sed
794 693 831 753 de
843 694 1044 773 propriedicta
1058 701 1087 752 et
1100 693 1233 770 religiosa
1242 692 1367 770 peasa,
1386 713 1455 771 quse

242 772 274 836 ln
286 777 380 855 prima
393 775 493 837 tabula
505 775 678 854 praecipitur,
693 783 727 834 nt
739 775 885 853 precipua
898 795 965 853 pars
980 773 1150 852 Religionis,
1166 792 1231 851 quse
1245 772 1388 850 synecdo.
1400 793 1455 850 pro

243 865 306 916 toto
320 855 377 916 Dei
397 855 478 916 cultu
492 875 568 933 sape
589 855 713 933 ponitur,
736 855 822 914 Rom.
837 875 867 915 x.
884 857 930 931 13,
946 855 1001 915 snb
1023 873 1081 932 qua
1094 852 1266 912 Adversarii
1279 852 1456 912 universum

245 937 417 998 Sanctonrm
431 936 541 996 cultum
555 935 793 1012 complectuntur,
808 934 859 1012 qui
869 936 957 1013 juxta
969 936 1049 1012 ipsos
1063 933 1203 1008 consistit,
1215 933 1319 1010 partim
1334 933 1414 992 intare
1425 933 1457 990 in

237 1017 346 1093 judicio
360 1020 395 1076 de
408 1017 484 1094 iperi,
499 1015 578 1093 quod
591 1014 778 1075 necessitates
792 1024 905 1074 nostras
918 1015 1024 1090 norint,
1036 1022 1065 1074 et
1078 1013 1191 1092 possint
1203 1012 1289 1072 nobis
1302 1012 1455 1090 opitulari,

244 1097 348 1175 partim
363 1096 394 1155 in
398 1097 510 1176 fiducia
524 1097 553 1155 r'n
566 1096 641 1172 ipssa
676 1094 736 1154 nod
748 1094 835 1154 etiam
848 1095 949 1170 velint,
964 1094 1068 1172 partim
1074 1094 1152 1169 sossi
1166 1092 1196 1151 in
1208 1091 1357 1152 sacrifieiis
1368 1101 1400 1152 et
1411 1093 1456 1150 in·

245 1177 455 1253 vocationibus,
470 1196 534 1254 qua
548 1175 620 1254 ipsis
633 1115 800 1250 oderantur,
816 1175 913 1234 Fastis
927 1184 956 1235 et
970 1174 1107 1252 Templis,
1119 1193 1184 1251 quse
1196 1172 1269 1252 ipsis
1279 1189 1455 1232 eonsecran·

245 1264 312 1317 tur:
333 1255 384 1316 An
398 1256 512 1316 colendi
525 1256 591 1331 sint,
601 1275 660 1315 non
674 1274 709 1315 eo
722 1256 803 1315 cultu
816 1252 979 1315 dilectionis
993 1262 1022 1314 et
1036 1253 1190 1328 societatis,
1206 1272 1264 1330 quo
1278 1252 1309 1310 in
1322 1251 1381 1312 bac
1393 1253 1458 1312 vita

246 1337 381 1396 coluntur
393 1335 487 1396 sancti
507 1333 638 1395 homines
653 1334 709 1394 Dei
725 1343 848 1412 propter
861 1335 1049 1409 imitationem,
1065 1333 1117 1393 sed
1137 1333 1218 1392 cultu
1239 1352 1320 1392 sacro
1333 1331 1457 1410 pietatis

241 1425 364 1493 propter
373 1415 545 1494 Religionem
553 1439 566 1489 ,·
586 1423 620 1474 nt
633 1413 713 1492 Aug.
728 1415 855 1492 loquitur
864 1414 916 1473 lib.
931 1435 982 1473 xx.
998 1422 1074 1474 cont.
1089 1414 1124 1472 F.
1137 1412 1228 1471 Mani.
1243 1433 1268 1471 c.
1283 1415 1342 1490 215
1368 1410 1457 1488 Quod

246 1515 395 1574 negamus,
411 1495 554 1554 affirmant
566 1493 721 1554 Pontificii.

287 1576 344 1635 IV.
376 1576 443 1635 Non
466 1575 613 1654 quaritur,
628 1573 679 1632 An
695 1573 794 1633 Sancti
816 1572 875 1633 sint
888 1573 1065 1633 Mediatores
1085 1580 1114 1632 et
1135 1572 1346 1631 Intercesseres
1361 1567 1456 1630 nostri

246 1655 325 1733 apud
339 1656 452 1732 Deum;
473 1655 529 1714 hoo
542 1654 619 1713 enim
634 1653 671 1712 ad
685 1653 770 1712 aliam
779 1653 966 1730 quaestionem
1015 1653 1111 1727 minet,
1121 1651 1157 1710 de
1168 1671 1227 1730 qus
1240 1659 1352 1729 agetur,
1363 1669 1456 1728 quum

248 1735 284 1795 de
299 1734 510 1794 Intercessione
525 1734 632 1793 Christi
645 1732 857 1810 disputabitnr;
882 1731 948 1809 Sed,
995 1753 1015 1790 n
1028 1741 1061 1792 ut
1075 1731 1251 1790 Mediatores
1270 1739 1300 1789 et
1313 1730 1455 1790 interces-

249 1835 328 1875 sores
341 1813 433 1875 nostri
458 1814 517 1874 sint
529 1812 693 1888 invocandi,
709 1813 771 1872 Nec
784 1821 896 1872 tantm
916 1822 950 1872 nt
963 1813 1174 1887 intercessores,
1190 1810 1241 1887 qni
1254 1810 1339 1868 nobis
1361 1810 1456 1887 preci-

247 1895 303 1955 bus
317 1904 346 1955 ot
359 1895 470 1954 meritis
484 1895 544 1954 suis
556 1893 634 1953 bona
654 1913 718 1971 quse
742 1893 780 1952 ab
800 1893 872 1970 ipsis
908 1900 1025 1952 etuntur
1044 1891 1212 1967 obtineant;
1235 1889 1287 1949 sed
1305 1897 1456 1950 uteorum

247 1974 408 2052 largitores,
420 1973 500 2052 quod
514 1973 667 2048 Pontificii,
679 1973 748 2032 licet
762 1913 952 2048 dissimniint,
963 1979 1094 2032 statuunt
1104 1979 1209 2046 tamen,
1219 1979 1253 2029 nt
1266 1989 1304 2028 ox
1317 1970 1457 2047 precibus

249 2054 287 2113 ad
303 2054 424 2113 Sanotos
438 2053 555 2112 directis
568 2060 656 2130 patet,
672 2053 708 2112 do
723 2053 828 2129 quibus
842 2051 925 2110 infra.
1328 2095 1330 2100 .

289 2134 328 2192 V.
350 2132 479 2208 Quaestio
492 2151 562 2208 ergo
575 2151 610 2190 eo
624 2131 708 2206 redit,
720 2130 771 2189 An
785 2131 880 2192 cultus
890 2131 1065 2192 adorationis
1079 2139 1109 2191 et
1116 2128 1308 2190 invocationis
1322 2127 1379 2188 soli
1392 2129 1457 2188 Deo

250 2210 389 2272 debeatur
402 2210 551 2271 exclusive
565 2210 604 2269 ad
617 2230 717 2270 omnes
730 2217 876 2270 creaturas
890 2211 1098 2289 qualiscunque
1113 2211 1171 2270 sint
1191 2209 1300 2269 ordinis
1314 2217 1344 2268 ct
1358 2208 1457 2286 digni·

249 2291 337 2368 otn3
359 2290 410 2349 An
424 2310 494 2350 voro
506 2289 599 2367 possit
619 2289 708 2350 tribui
731 2291 818 2349 otiam
832 2289 957 2367 Angelis
977 2300 1007 2351 et
1029 2291 1152 2367 Sanctis,
1168 2307 1226 2350 non
1249 2289 1456 2357 militantibus.

250 2369 303 2432 ssd
316 2369 569 2449 triumphantibus.
611 2368 759 2429 Posterius
774 2369 919 2429 Pontificii
933 2378 1071 2447 sumunt,
1087 2371 1149 2430 Nos
1164 2371 1249 2430 Prius
1262 2369 1432 2430 asserimus.

316 2505 323 2519 ,
553 2448 609 2510 VI.
632 2447 849 2509 Pontificiornm
860 2450 1009 2526 sententis,
1019 2469 1078 2511 non
1088 2449 1175 2511 modo
1186 2469 1223 2510 ex
1234 2449 1363 2526 ipsorum
1372 2449 1459 2527 praxi

250 2505 493 2610 Poncrutp'sotripmsen·
513 2529 667 2607 colligitur,
684 2528 736 2589 sed
749 2538 779 2589 et
792 2549 830 2588 ex
844 2530 908 2606 ejus
928 2531 1075 2592 sanctione
1095 2531 1126 2590 in
1140 2529 1270 2590 Concilio
1283 2528 1458 2590 Tridentino

512 2609 596 2685 iacta,
608 2609 685 2670 Sess.
697 2611 745 2684 25,
762 2610 886 2670 Decreto
897 2609 933 2672 ds
941 2610 1123 2671 invocatione
1140 2611 1322 2686 Sanctorum,
1328 2617 1359 2670 et
1368 2629 1457 2668 vene·

250 2689 362 2750 ratione
375 2688 570 2768 reliquiarum,
586 2687 640 2748 &a
663 2691 681 2722 “
693 2687 802 2749 Iisdem
822 2689 941 2750 mandat
953 2699 987 2750 ut
1000 2690 1122 2750 doceant
1145 2691 1316 2750 Sanctorum
1336 2687 1458 2748 invoca·

250 2771 368 2846 tionem,
383 2769 569 2848 reliquiarum
582 2770 729 2845 honorem,
744 2778 774 2829 et
787 2769 946 2848 imaginum
960 2791 1061 2846 usum;
1076 2779 1106 2842 et
1116 2791 1166 2830 eos
1180 2769 1231 2848 qui
1244 2769 1328 2828 aliter
1338 2768 1457 2844 docent,
1542 2797 1543 2836 r

251 2849 339 2929 impie
350 2850 457 2910 sentire
465 2848 653 2929 predicenu’
695 2849 833 2910 Bellsrm.
842 2849 893 2909 lib.
903 2851 922 2909 i.
934 2849 970 2908 ds
982 2851 1074 2910 Beati.
1086 2850 1201 2912 Sancto.
1212 2870 1237 2910 c.
1249 2851 1296 2924 19,
1313 2851 1332 2882 “
1345 2847 1457 2922 Sancti,
1542 2883 1543 2896 .

251 2932 314 2992 sive
329 2929 439 3009 Angeli
462 2930 524 2990 sive
539 2929 690 3006 Homines,
714 2929 762 3009 pie
785 2937 871 3008 atque
895 2929 1005 2990 utiliter
1025 2951 1044 2990 a
1064 2929 1231 2990 viventibus
1251 2929 1459 2988 invocantur.’'

252 3011 369 3071 (letech.
390 3011 475 3072 Rom.
497 3011 536 3070 ad
557 3011 582 3072 1.
603 3018 779 3090 preceptum
799 3029 828 3088 q.
854 3009 1250 3088 ln‚proher1nvoeationem
1273 3009 1458 3083 Sanctorum,

185 3169 190 3178 Ι
251 3091 341 3150 variis
354 3091 541 3169 argumentis,
555 3091 737 3169 potissimum
751 3110 820 3150 vero
836 3091 854 3124 “
865 3090 903 3150 ob
917 3109 981 3150 eam
995 3109 1120 3166 cauum,
1134 3089 1211 3168 quod
1229 3089 1392 3183 prosalute
1406 3090 1458 3148 ho·

251 3171 613 3311 resarciata
626 3170 1142 3327 aususausus
1152 3167 1459 3324 semensa

252 3327 361 3386 tionem
377 3328 556 3402 Sanctorum,
570 3347 630 3386 non
643 3327 729 3386 modo
743 3326 853 3402 utilem,
868 3328 920 3387 sed
940 3328 1027 3388 etiam
1045 3329 1236 3390 neeessariam
1250 3347 1313 3388 esse
1334 3328 1460 3404 probare
1541 3373 1542 3396 ,

253 3406 364 3466 nititur.
406 3406 516 3500 hlaldo.
531 3406 562 3466 in
573 3407 678 3499 hlatth.
689 3426 719 3466 r.
734 3407 781 3499 34,
791 3405 866 3500 'dicit
877 3409 895 3442 “
906 3427 1030 3468 errorem
1041 3429 1105 3470 osse
1116 3409 1235 3487 impium
1249 3417 1279 3468 et
1291 3407 1460 3484 imperitum

252 3484 1462 3647 toamnastasffst³s⁰attestantis&..1tumst

254 3645 285 3706 in
300 3645 419 3704 Petrum
435 3645 556 3723 Scriptis
615 3645 723 3705 rtinent
743 3644 781 3706 ad
795 3645 885 3706 solius
900 3647 956 3706 Dei
975 3647 1093 3708 cultum.
1136 3647 1184 3707 En
1205 3646 1311 3708 Bibliis
1325 3647 1459 3723 Vatabli,

253 3733 315 3785 not.
330 3725 361 3783 in
375 3725 415 3784 Is.
430 3724 491 3784 viii.
513 3728 561 3802 32,
597 3725 682 3800 olent,
709 3725 797 3802 “Qui
820 3726 938 3787 credent
958 3727 989 3786 in
1004 3727 1099 3789 Deum
1119 3728 1194 3788 salvi
1214 3735 1306 3801 amnt,
1322 3725 1375 3804 qni
1389 3745 1461 3787 vero

254 3824 322 3882 non,
336 3804 501 3883 peribunt.”
544 3805 592 3864 Ex
605 3804 760 3864 Athanasii
773 3805 868 3868 indice
882 3805 988 3884 delent,
1005 3809 1023 3841 “
1032 3807 1156 3868 Adorari
1177 3807 1267 3866 solius
1282 3806 1339 3866 Dei
1352 3815 1409 3882 est,
1433 3815 1462 3867 ct

255 3885 394 3946 creature
415 3885 497 3945 nulla
517 3883 694 3944 adoranda.’'
737 3885 785 3944 Ex
798 3885 976 3964 Augustino,
991 3886 1042 3948 lib.
1057 3887 1077 3947 i.
1091 3887 1128 3946 de
1142 3907 1212 3947 vers
1226 3887 1333 3964 Relig,
1348 3885 1460 3963 dolent,

256 3966 275 3998 “
288 3965 386 4025 Sancti
399 3965 561 4024 honorandi
574 3965 742 4040 imitatione,
752 3984 811 4024 non
824 3965 1021 4042 adoratione,’'
1036 3975 1066 4026 et
1081 3969 1099 4001 “
1110 3975 1208 4027 contra
1223 3965 1333 4043 eosqui
1347 3963 1461 4041 dicunt,

256 4043 438 4182 Simpclschra
450 4065 508 4105 non
522 4044 595 4122 colo,
606 4043 658 4104 sed
670 4063 722 4122 per
735 4065 770 4104 ea
782 4045 821 4104 ad
834 4045 865 4104 id
878 4045 957 4124 quod
970 4045 1065 4107 colere
1079 4045 1171 4108 debeo
1185 4045 1351 4122 adhortor,”
1366 4045 1400 4104 in
1411 4045 1462 4106 Ps.

255 4142 297 4182 xr.
359 4167 366 4183 .

296 4203 370 4262 VII.
392 4201 493 4277 Quoad
506 4203 618 4280 praxim
633 4223 719 4263 nemo
732 4212 776 4263 est
789 4203 840 4283 qui
853 4202 971 4280 nesciat,
987 4205 1097 4268 cultum
1117 4205 1195 4266 bunc
1208 4205 1284 4264 inter
1299 4203 1463 4282 precipuas

254 4291 352 4362 partes
366 4281 528 4360 Religionis
550 4267 711 4344 Pentitioiae
731 4284 841 4362 reponi,
868 4283 990 4344 Sanctos
1010 4284 1147 4346 honorari
1166 4284 1303 4363 Templis,
1328 4284 1461 4361 Saccllis

255 4364 334 4438 Aris,
346 4361 535 4440 Imaginibus,
549 4363 698 4441 Capitibus
706 4363 834 4439 radiatio,
845 4364 951 4440 missis,
963 4363 1053 4440 iestis,
1066 4365 1164 4440 cereis,
1175 4364 1233 4424 illis
1247 4363 1368 4424 donaria
1378 4373 1409 4424 et
1418 4384 1462 4423 sa·
1539 4379 1540 4401 ³

255 4441 364 4503 crificia
374 4441 477 4518 offerri,
493 4441 589 4504 adeos
599 4461 699 4520 preces
712 4443 809 4520 dirigi,
861 4463 939 4504 reos
945 4445 1047 4522 jurari,
1063 4445 1099 4504 iis
1112 4452 1182 4504 vota
1194 4443 1363 4522 nuncupari,
1380 4463 1463 4522 mem

256 4523 358 4582 salutis
371 4531 402 4582 et
409 4522 544 4582 fiduciam
553 4523 584 4581 in
592 4521 628 4582 iis
636 4523 780 4600 collocari,
831 4543 922 4602 eoque
937 4543 987 4583 eos
995 4524 1133 4601 invocari,
1143 4543 1203 4583 non
1210 4531 1323 4584 mutum
1332 4533 1366 4583 ut
1374 4522 1464 4585 inter·

256 4621 393 4678 cessores,
404 4601 553 4662 sedetiam
562 4610 596 4661 ut
605 4611 784 4679 protectores
793 4623 811 4661 a
821 4603 914 4678 malis,
926 4611 955 4664 et
968 4603 1121 4682 largitores
1136 4613 1198 4664 tum
1208 4603 1310 4682 gratiss
1324 4611 1388 4662 tum
1400 4603 1463 4682 glo·

256 4681 315 4744 ries.
338 4682 387 4742 Sic
395 4682 541 4742 invocatio
550 4681 685 4759 dirigitur
692 4682 730 4742 cd
744 4702 843 4742 omnes
854 4683 984 4760 Sanctos,
994 4683 1025 4743 in
1034 4682 1150 4745 Brevis.
1163 4683 1258 4761 Rom,
1266 4682 1287 4742 i.
1298 4682 1444 4744 Novemb.
1456 4705 1465 4744 ε
