3150 5206
1287 96 1315 298 l

216 339 273 400 174
641 354 732 396 nosos
747 353 945 396 oeconomus.
1236 296 1374 480 [deifer.
1391 353 1420 394 v.

216 495 326 556 sancito
341 517 348 570 ;
371 493 445 568 Quia
459 493 484 553 si
497 493 628 553 doctrina
647 503 692 553 est
709 503 824 565 eterne,
839 509 909 568 ergo
923 497 953 550 et
967 489 1093 548 Persona
1106 508 1172 566 que
1185 509 1248 548 eam
1261 485 1365 574 tradit,
1388 500 1418 550 et

214 575 308 634 loedus
321 572 400 650 quod
412 573 443 631 in
456 592 491 630 ea
504 573 691 649 proponitur:
712 571 769 630 Vel
783 571 846 628 lteri
856 577 955 628 notare
968 576 1080 627 tantum
1094 569 1156 628 dies
1169 569 1263 626 carnis
1284 575 1355 629 ante
1369 589 1415 627 as·

215 653 385 724 censionem,
401 660 430 710 et
443 652 523 709 hodie
537 659 650 728 tempus
672 659 738 727 post
758 649 977 722 escensionem
1000 646 1075 719 Quia
1088 647 1142 705 hoc
1160 659 1415 724 repugnattscopo

217 731 309 804 Pauli,
322 729 371 806 qui
385 737 430 788 est
442 729 550 788 hortari
564 729 602 786 ad
614 729 683 787 fidei
696 729 895 800 constentiam,
916 733 1086 802 argumento
1098 726 1188 802 petito
1208 725 1246 784 ab
1258 724 1414 800 idehtitate

217 818 246 868 et
264 807 453 885 perpetuitate
472 807 609 865 doctrinae
628 806 822 882 Euangeliou,
844 806 929 882 cujus
950 803 1081 862 Christus
1100 803 1244 862 Mediator
1264 801 1413 880 offlectam

215 897 279 946 est:
306 886 364 945 Vel
377 906 428 962 per
440 886 503 944 teri
521 894 548 944 et
561 886 641 943 hodie
658 885 753 942 notari
773 903 834 942 rem
852 902 989 960 nuperum
1003 891 1033 940 et
1045 891 1197 956 recentem,
1215 886 1285 960 quui
1298 883 1414 942 nonita

217 965 327 1044 pridem
341 965 453 1024 initium
466 964 607 1040 hahuerit,
622 963 766 1039 quomodo
780 963 910 1021 homines
923 960 1058 1020 dicuntur
1070 959 1196 1020 hesterni
1210 959 1287 1037 apud
1300 961 1411 1020 Joburn

216 1045 277 1103 viii.
287 1045 315 1118 9,
329 1053 357 1102 et
368 1045 483 1122 ἔφιμιςιι,
493 1042 627 1117 hodierni,
641 1040 717 1118 apud
727 1042 844 1101 Graecos
852 1049 969 1122 propter
977 1040 1070 1098 aetatis
1079 1039 1267 1114 brevitatem,
1280 1039 1356 1112 Quia
1369 1040 1411 1098 lo-

216 1123 346 1183 cutiones
358 1122 444 1198 plane
458 1129 525 1179 sunt
536 1119 703 1179 dissimiles:
719 1121 891 1192 esseimana,
907 1120 942 1177 ab
956 1119 1019 1177 ieri
1030 1127 1056 1177 et
1070 1119 1276 1193 nudiustertius,
1291 1117 1361 1176 iacit
1374 1117 1411 1176 ad

217 1201 429 1277 depressionem
443 1207 551 1257 naturae
565 1198 712 1274 humanam
730 1197 788 1257 Sed
800 1197 849 1256 hic
862 1198 994 1258 Christus
1008 1197 1113 1259 dicitur
1123 1197 1185 1273 jam
1198 1197 1260 1254 heri
1274 1195 1373 1271 fuisse,
1382 1205 1411 1254 et

216 1279 302 1338 hodie
313 1297 384 1351 esse,
395 1298 428 1336 ac
438 1277 469 1335 in
483 1285 620 1335 aeternum
634 1297 686 1354 per
696 1295 795 1336 omnes
809 1276 945 1353 temporis
959 1275 1143 1350 differentias,
1158 1275 1196 1332 ad
1212 1276 1275 1352 ejus
1289 1274 1410 1350 gloriam

217 1367 247 1416 et
260 1357 446 1416 aeternitatem
461 1355 687 1432 designandam,
709 1375 762 1421 noo
776 1363 888 1414 tanturn
902 1354 1007 1414 dicitur
1019 1355 1090 1428 heri,
1105 1353 1199 1427 hodie,
1215 1362 1245 1412 et
1258 1353 1289 1410 in
1305 1354 1410 1428 secula,

218 1436 269 1496 sed
283 1437 363 1510 idem,
379 1434 418 1492 id.
433 1454 491 1492 non
504 1434 579 1493 nlius
592 1442 622 1492 et
635 1434 717 1508 alius,
733 1434 781 1492 vel
801 1453 885 1508 nune,
901 1435 950 1492 vel
963 1443 1033 1508 tum,
1048 1434 1096 1492 vel
1109 1441 1218 1510 postea,
1230 1431 1282 1490 sed
1300 1449 1412 1508 semper

218 1524 247 1573 et
260 1515 366 1591 ubique
380 1512 457 1572 idern
470 1513 560 1572 Jesus
574 1512 713 1588 Christus,
729 1512 807 1589 quod
820 1512 879 1570 dici
892 1531 950 1571 non
968 1520 1074 1589 posset,
1097 1510 1154 1570 nitri
1168 1511 1300 1569 Christus
1314 1511 1376 1586 jam
1394 1529 1412 1568 a

217 1593 357 1672 principio
372 1591 516 1650 Mediator
528 1591 630 1650 fuisset
643 1591 759 1651 foederis
769 1591 878 1667 gratiss,
894 1599 923 1648 et
934 1591 1079 1667 Pr0pheta
1092 1610 1126 1648 ac
1140 1590 1249 1648 Doctor
1264 1588 1410 1647 Ecclesiae.

259 1672 318 1732 XI.
343 1671 437 1728 Locus
452 1668 519 1729 Act.
534 1689 584 1729 xv.
601 1673 646 1732 11.
666 1690 725 1728 non
742 1678 839 1747 potest
856 1669 981 1746 intelligi
995 1668 1032 1727 de
1046 1667 1196 1745 Apostolis
1215 1667 1327 1726 collatis
1346 1687 1412 1726 cnm

218 1749 352 1810 fidelibus
363 1749 520 1826 gentilibus
530 1749 685 1823 conversis,
694 1767 753 1807 non
760 1767 831 1808 vero
844 1767 910 1806 cum
925 1747 1060 1806 Patribus
1071 1748 1138 1806 Vet.
1147 1747 1236 1822 Test,
1250 1755 1284 1806 ut
1294 1746 1410 1804 vellent

220 1828 294 1904 Quia
313 1829 442 1905 proxime
461 1828 497 1886 de
513 1828 647 1887 Patribus
668 1829 782 1887 locutus
802 1825 896 1886 fuerat
910 1826 1022 1900 Petrus,
1045 1834 1131 1902 atque
1150 1826 1192 1884 ita
1210 1825 1358 1884 commode
1376 1823 1413 1882 sd

222 1908 323 1966 Patres
343 1907 504 1966 referuntur
522 1907 679 1983 sequentia,
699 1907 758 1964 Sed
771 1926 828 1980 per
845 1906 971 1981 pretiosa
984 1905 1103 1962 Domini
1120 1905 1211 1962 ποιινι·
1225 1906 1296 1964 Jesu
1311 1903 1417 1962 Christi

220 1987 357 2046 credimus
370 1987 481 2044 mari
491 1983 546 2043 ut
561 1985 584 2044 ‘ir
597 1985 685 2064 egini
698 1991 810 2059 κιιιΐιιι,
825 1985 1058 2060 quemadmodum
1071 1992 1099 2041 et
1110 1982 1160 2040 illi.
1189 1986 1218 2041 2.
1235 1983 1346 2058 Scopus
1359 1982 1413 2040 Pe·

219 2065 257 2124 tri
270 2065 325 2123 hoc
339 2065 439 2140 exigit,
454 2065 504 2140 qui
517 2065 582 2122 vult
595 2064 724 2140 probare,
736 2065 841 2140 jugum
854 2061 942 2138 Iegis
956 2060 1162 2120 caeremonialia
1175 2081 1233 2119 non
1247 2081 1311 2120 esse
1324 2061 1414 2136 impo-

163 2207 164 2212 1
220 2143 347 2202 nendum
360 2141 520 2201 cervicibus
535 2142 681 2215 Gentium,
697 2161 731 2200 eo
745 2141 823 2218 quod
842 2140 897 2217 ipsi
912 2141 1013 2200 Patres
1033 2160 1092 2198 non
1105 2140 1251 2216 potuerint
1263 2139 1338 2198 illud
1350 2158 1414 2215 por-

220 2232 290 2297 tare,
303 2221 354 2280 sed
368 2221 475 2280 servati
489 2221 547 2280 sint
559 2240 610 2297 per
623 2219 743 2278 eandem
753 2219 861 2278 Christi
874 2219 996 2296 gretiam
1010 2219 1169 2278 nobiscum.
1191 2221 1218 2276 3.
1236 2218 1267 2277 si
1281 2217 1417 2294 Apostoli

221 2301 381 2360 voluissent
395 2319 425 2357 se
440 2319 505 2358 oum
520 2298 685 2358 Gentilibus
696 2299 820 2376 jungere
840 2298 870 2355 in
883 2297 969 2356 modo
991 2298 1101 2372 salutis,
1116 2317 1175 2355 non
1188 2296 1338 2369 dixissent,
1355 2296 1416 2354 Nos

223 2379 367 2437 credimus
381 2377 486 2436 salvari
503 2377 578 2436 siem
597 2384 627 2435 et
646 2377 698 2450 illi,
720 2377 772 2435 scd
791 2376 887 2453 potius
908 2377 971 2436 vioe
984 2395 1077 2451 versa,
1097 2375 1154 2448 Illi,
1175 2374 1416 2452 quemadmodum

222 2477 276 2515 nos
289 2479 296 2516 :
311 2455 519 2532 Apostolorum
527 2455 603 2514 enirn
614 2475 673 2514 non
682 2455 736 2515 fuit
747 2455 879 2514 Gentiles
893 2455 983 2532 sequi,
995 2464 1025 2512 et
1037 2455 1091 2526 hos
1106 2454 1162 2512 sibi
1175 2455 1205 2510 in
1215 2453 1302 2512 modo
1316 2452 1418 2511 salutis

224 2554 382 2613 proponere
396 2535 426 2592 in
440 2534 613 2612 exemplum,
629 2535 680 2593 sed
694 2543 801 2594 contre.
833 2537 862 2592 4.
877 2533 939 2592 Nec
952 2532 1108 2592 absurdum
1122 2541 1167 2591 est
1181 2533 1298 2592 Panum
1312 2531 1417 2590 disser-

226 2622 321 2672 entem
335 2613 371 2671 de
385 2613 479 2688 modo,
495 2633 552 2689 quo
568 2614 677 2680 Gentes
691 2613 813 2672 salutem
827 2612 964 2689 consequi
977 2611 1129 2686 dehebant,
1145 2610 1275 2669 desinere
1288 2611 1319 2667 in
1332 2629 1417 2685 argu-

222 2701 352 2751 mentum
365 2711 402 2749 ex
415 2692 550 2751 Patribus
563 2691 754 2769 desumptum,
769 2691 837 2767 quia
850 2710 908 2749 una
921 2699 965 2749 est
979 2691 1080 2750 salutis
1094 2689 1221 2748 omnium
1234 2689 1324 2762 ratio;
1340 2689 1380 2747 Et
1393 2689 1419 2748 si

226 2771 360 2830 Patribus
378 2771 482 2847 jugum
504 2770 593 2847 Legis
613 2770 668 2830 fuit
688 2769 859 2846 ὶβιίπικτιι,
881 2777 958 2828 recte
979 2769 1126 2845 colligitur
1146 2768 1256 2828 Gentes
1273 2768 1347 2846 jugo
1367 2765 1419 2825 illo

225 2869 282 2908 non
297 2869 359 2908 esse
373 2849 526 2926 urgendus.

265 2928 342 2986 XII.
365 2928 452 2986 Falso
467 2927 553 2987 etiam
566 2927 744 3004 pertenditur
762 2928 859 3002 verbu,
876 2925 944 2985 Act.
958 2927 998 2984 iv.
1016 2929 1061 3000 12,
1079 2926 1096 2958 ‘⁸
1111 2924 1229 2984 Nullum
1250 2941 1355 2984 nomen
1369 2923 1419 2982 da-

224 3014 284 3065 tum
300 3026 363 3066 esse
373 3015 476 3084 praeter
484 3026 590 3066 nomen
600 3007 621 3065 J
623 3025 674 3065 esu
687 3005 725 3064 ad
736 3005 887 3080 salutem,’'
899 3003 1023 3081 intelligi
1037 3011 1148 3062 tantum
1162 3003 1198 3062 de
1212 3011 1347 3080 tempore,
1363 3022 1422 3079 quo

226 3086 357 3179 Christus
375 3085 534 3163 patefactus
554 3092 607 3159 est,
630 3103 689 3142 non
709 3104 779 3142 vero
803 3084 842 3142 ad
861 3083 1036 3160 praeteritum
1056 3101 1140 3160 posse
1161 3081 1287 3140 extendi.
1322 3081 1423 3140 Verba

225 3171 582 3300 {trinitatis
590 3163 699 3316 titt
714 3162 876 3314 tollit?
885 3167 1299 3299 titillantium
1309 3159 1424 3296 llllt

225 3321 363 3399 turgisus,
379 3319 418 3376 id.
433 3319 505 3376 inter
518 3319 639 3376 ummo
659 3319 737 3376 omni
750 3326 887 3394 tempore.
927 3319 966 3376 Et
979 3337 1026 3376 res
1046 3317 1109 3394 ipsa
1122 3318 1177 3374 hoc
1190 3316 1333 3393 postulet,
1355 3335 1423 3374 cum

227 3399 303 3456 enim
317 3397 397 3456 nulla
411 3396 488 3454 salus
503 3395 613 3453 homini
625 3395 769 3471 peccatori
783 3395 844 3454 dari
857 3396 950 3472 possit
964 3396 1025 3454 sine
1040 3395 1209 3468 Mediatore,
1225 3403 1254 3453 et
1266 3395 1364 3452 nullus
1385 3394 1426 3454 sit

228 3475 372 3533 Mediator
385 3481 488 3550 praeter
502 3473 655 3546 Christum,
678 3473 807 3550 sequitur
827 3474 875 3532 vel
895 3473 1004 3532 nullam
1019 3475 1139 3534 salutem
1154 3473 1289 3531 habuisse
1312 3472 1423 3547 Patres,

227 3553 275 3611 vel
289 3572 340 3629 per
354 3552 500 3610 Christum
520 3551 647 3610 salvatos
660 3551 768 3611 firisse:
797 3552 859 3611 Neo
878 3551 902 3610 si
920 3552 1011 3610 verba
1026 3551 1215 3611 enuncientur
1228 3552 1258 3608 in
1278 3551 1423 3627 praesenti,

227 3631 364 3690 continuo
378 3637 520 3706 negantru
534 3629 570 3688 de
590 3631 743 3708 preterito,
759 3639 792 3690 ιιι
805 3651 857 3689 uec
879 3629 915 3689 de
929 3629 1045 3706 futu105
1068 3629 1119 3689 sed
1139 3630 1194 3689 hoc
1207 3629 1249 3704 fit,
1263 3637 1298 3688 ut
1316 3629 1426 3688 veritas

227 3708 409 3768 mediationis
424 3707 530 3766 Christi
544 3708 622 3766 omni
634 3717 762 3787 tempore
776 3717 928 3768 asseratur.

268 3787 363 3845 XIIL
386 3785 484 3845 Verba
497 3792 548 3845 atri
568 3794 713 3864 merente
732 3788 834 3863 κιιμιυ,
850 3787 972 3864 Apocal.
986 3786 1048 3846 xiii.
1064 3789 1091 3861 8,
1113 3803 1172 3844 non
1185 3792 1253 3844 sunt
1266 3783 1427 3862 separanda

227 3867 323 3941 abiis,
338 3885 402 3943 quse
417 3865 579 3926 immediate
592 3867 766 3943 praecedunt,
782 3866 851 3942 apri
862 3866 984 3940 mactati,
1009 3873 1038 3924 et
1060 3863 1261 3941 conjungenda
1275 3883 1340 3922 oum
1355 3864 1427 3923 atro

226 3946 290 4004 viro
302 3965 354 4022 per
367 3943 571 4020 trajectionem,
585 3953 620 4004 ut
631 3946 666 4004 fit
685 3943 778 4022 Apoe.
793 3943 864 4002 xvii.
879 3945 907 4002 8.
951 3947 977 4003 l.
992 3943 1066 4018 Quin
1079 3943 1160 4001 nulla
1172 3941 1328 4000 necessitas
1342 3941 1429 4000 istius

227 4022 412 4100 trajectionis,
437 4042 501 4100 quaa
521 4023 581 4080 vim
602 4023 686 4082 affert
699 4021 783 4081 seriei
796 4023 944 4098 sermonis,
961 4022 1020 4100 .qui
1040 4022 1126 4098 longe
1151 4019 1329 4078 commodius
1352 4019 1427 4095 fluit,

228 4121 317 4178 quum
331 4101 372 4159 ita
391 4101 523 4177 legimus,
545 4121 664 4177 quorum
677 4101 790 4158 ιιοιιιὶιια
804 4121 859 4160 uon
871 4111 936 4160 aunt
947 4101 1054 4176 scripto
1067 4101 1096 4158 ιἰι
1110 4101 1180 4158 libro
1193 4099 1256 4156 vito
1269 4099 1339 4174 aqui
1349 4117 1427 4156 moo-

228 4181 282 4238 tati
306 4180 341 4238 ab
365 4179 472 4255 origine
494 4180 598 4254 mundi,
621 4197 707 4256 quam
730 4198 769 4237 ex
789 4188 884 4238 mente
907 4177 1144 4252 adversariorum,
1173 4197 1293 4253 quorum
1312 4177 1429 4235 uomina

228 4279 285 4318 uon
303 4267 366 4316 ιιιιιι
385 4257 493 4332 scripura
513 4259 549 4316 ab
569 4257 676 4332 oriqim
696 4258 795 4316 mundi
813 4258 842 4316 iu
863 4259 933 4317 libro
953 4259 1015 4317 oitoe
1035 4255 1104 4332 aqui
1122 4255 1239 4314 mactati
1244 4279 1257 4327 ,-
1287 4254 1329 4313 Ut
1349 4253 1427 4312 eninr
1498 4295 1505 4308 .

227 4338 301 4396 liber
314 4337 382 4394 vita
396 4335 500 4393 dicitur
514 4335 582 4393 liter
594 4336 657 4394 oisc
676 4335 751 4410 oqui,
773 4335 850 4412 Apo.
865 4337 927 4394 xxi.
942 4341 990 4410 27,
1004 4354 1063 4392 non
1083 4333 1171 4393 debet
1183 4331 1285 4392 divelli
1298 4351 1316 4390 a
1329 4332 1430 4390 verbis

227 4419 306 4496 ιιςιιιι
325 4411 484 4488 sumptim.
525 4417 553 4472 2.
576 4413 724 4488 Nusquam
738 4415 854 4490 ponitur
873 4414 950 4473 nude
970 4432 1060 4490 αφιιιι
1080 4421 1225 4486 maumam
1248 4411 1300 4470 sed
1314 4429 1430 4486 semper

227 4493 334 4552 mentio
348 4491 389 4566 fit,
404 4491 453 4549 rel
471 4490 610 4566 temporis
630 4510 647 4548 a
667 4511 733 4568 quo,
748 4493 796 4550 vel
810 4511 995 4568 personarum
1008 4510 1060 4567 pro
1074 4490 1187 4567 quibus,
1203 4490 1251 4547 vel
1263 4489 1371 4565 quibus
1392 4489 1430 4547 de

228 4571 322 4630 causis
334 4577 476 4628 mactatus
489 4567 583 4628 fuerit
625 4571 653 4627 3.
675 4568 788 4646 Optime
803 4570 915 4644 dicitur,
930 4577 1066 4628 mactatus
1079 4571 1115 4626 ud
1129 4569 1236 4644 origiue
1248 4568 1354 4640 mundi,
1369 4586 1429 4624 non
