3146 5210
281 340 340 396 446
636 351 728 392 Locus
743 345 875 390 necinus
890 346 1026 396 eurnrus.
1320 338 1454 419 perfer,
1467 359 1491 398 n

285 498 366 555 Rom.
381 495 442 554 viii.
458 497 505 570 28,
522 503 551 554 et
564 494 726 553 necessario
738 489 975 570 justificarentur,
1001 498 1031 548 et
1055 490 1303 572 glorificarentur,
1335 501 1411 576 quis
1432 522 1491 579 qne

282 577 405 650 vocavit,
418 595 468 634 eos
479 575 565 634 etiem
577 574 757 652 justificavit,
771 570 825 631 dcc.
838 591 898 630 ver.
914 573 961 646 30,
978 571 1055 648 quod
1067 570 1102 630 de
1117 573 1177 632 illis
1187 574 1249 634 diei
1263 581 1385 656 nequit.

321 656 399 714 XII.
422 659 450 715 5.
472 655 546 730 Quia
560 675 618 713 non
632 654 697 713 eliis
709 653 889 732 promittitur
903 651 981 710 salus
995 671 1033 709 ex
1047 652 1208 714 intentione
1233 657 1301 734 Dei,
1331 680 1425 736 qnam
1439 681 1491 718 crn-

280 737 418 795 ditionem
432 736 627 813 praescriptnm
642 733 824 809 habentibus,
840 732 941 809 quales
955 740 1023 791 sunt
1033 734 1144 792 onerati
1158 743 1188 794 et
1198 735 1387 815 laborantes,
1402 741 1491 798 rtem

280 817 321 874 xi.
336 820 398 892 28;
427 817 566 890 sitientes
583 815 641 873 Iss.
662 815 702 873 lv.
721 817 756 889 15
780 812 1168 890 credentesetpoenitentes,
1185 815 1306 876 Astii.
1324 823 1379 879 38.
1424 821 1490 895 Quod

279 917 344 956 eum
360 896 396 955 de
411 896 540 974 reprobis
554 895 612 954 dici
626 902 759 971 nequeat,
780 893 838 951 dioi
852 911 911 951 non
924 899 1021 969 potest
1043 893 1151 969 pariter
1175 916 1227 954 eos
1241 918 1262 956 a
1277 899 1350 958 Deo
1361 902 1459 960 voenri
1469 923 1492 958 cr

272 977 438 1036 intentione
453 986 486 1036 ut
500 977 657 1034 salventur.

320 1058 416 1115 XIII.
439 1061 467 1116 6.
490 1055 564 1130 Quia
578 1075 636 1114 non
650 1053 744 1130 magis
758 1061 855 1131 potest
868 1052 926 1111 dici
951 1051 1046 1111 Deum
1072 1073 1172 1113 omnes
1194 1064 1225 1114 et
1240 1056 1388 1136 singulos
1404 1081 1492 1120 vocure

279 1159 314 1196 en
328 1138 494 1211 intentione,
511 1145 543 1195 ut
557 1136 715 1208 solventur,
730 1153 817 1210 quem
831 1141 864 1192 ut
878 1133 1068 1209 damnentur3
1091 1133 1235 1210 siquidem
1255 1141 1426 1215 promissio
1439 1163 1483 1199 cen

280 1218 420 1276 ditionets
433 1217 557 1275 includit
567 1215 819 1274 comminationem
834 1213 1004 1290 oppositam,
1020 1221 1053 1272 ut
1071 1215 1164 1272 omnis
1189 1215 1373 1279 incredulus
1388 1221 1493 1279 damne-

279 1305 334 1371 tur,
348 1307 379 1354 ut
394 1297 488 1354 omnis
502 1296 622 1355 eredens
643 1293 801 1353 salvandus
825 1303 878 1353 est.
923 1294 964 1353 Ut
978 1313 1048 1369 ergo
1072 1293 1230 1354 absurdum
1254 1307 1305 1358 est
1329 1300 1433 1360 dicere
1446 1323 1494 1360 res·

279 1385 367 1454 pectu
391 1377 566 1450 Electorurn,
597 1377 691 1434 Deum
716 1393 766 1433 eos
793 1393 898 1432 vocare
922 1393 957 1432 ca
983 1373 1142 1432 intentione
1169 1383 1202 1434 ut
1212 1376 1412 1458 damnentur,
1442 1403 1495 1442 cun

278 1456 439 1514 decreverit
453 1457 646 1515 conditionem
660 1456 691 1513 in
705 1454 776 1533 ipsis
797 1454 934 1530 implere;
957 1454 1004 1511 Its
1019 1472 1079 1511 non
1100 1454 1195 1513 minus
1210 1467 1257 1517 est
1279 1459 1451 1520 absurdum
1469 1484 1495 1521 es

278 1537 437 1595 intentione
452 1556 556 1594 vocare
572 1535 722 1613 Reprobas
736 1543 769 1593 ut
783 1534 939 1608 scirentur,
955 1553 1020 1592 cum
1036 1533 1117 1593 Deus
1137 1537 1215 1596 norit
1229 1557 1283 1597 eos
1299 1542 1496 1602 conditionem

278 1637 425 1695 nunquam
439 1617 605 1691 habituros;
629 1616 686 1673 imo
708 1614 778 1692 ipsis
793 1614 937 1690 denegare
951 1612 1119 1690 decreverit,
1144 1617 1196 1692 qui
1210 1618 1295 1678 solus
1305 1621 1386 1680 dare
1401 1634 1496 1701 potest
1551 1633 1552 1636 ’

280 1698 345 1756 Νοιι
360 1698 453 1775 magis
467 1697 601 1756 concludi
612 1705 707 1773 potest
723 1695 818 1754 Deum
832 1695 909 1752 velle
937 1713 1036 1752 ornnes
1064 1697 1182 1770 servari,
1197 1716 1233 1755 eo
1261 1701 1353 1776 quod
1369 1705 1497 1761 omnibns

278 1779 439 1856 promiscue
454 1779 601 1855 promittat
615 1774 813 1834 remissionem
841 1782 1023 1851 peecatorum
1051 1783 1081 1833 et
1108 1775 1231 1834 salutem
1259 1779 1287 1836 si
1312 1783 1496 1861 resipiscant

278 1877 364 1936 quarn
381 1859 475 1916 Deum
486 1857 563 1915 nolle
578 1874 751 1933 quemquam
776 1854 894 1930 servari,
917 1853 1045 1931 eoquod
1065 1855 1199 1915 omnibus
1227 1857 1404 1922 denunciet
1418 1865 1496 1922 mnir-

278 1937 434 1997 dictionem
449 1946 478 1996 et
492 1946 621 2009 mortem,
640 1936 696 1993 nisi
711 1935 883 2012 resipuerint
897 1943 926 1993 et
940 1943 1154 1994 convertantur.

580 2017 669 2074 XIV.
692 2015 832 2090 Quemvis
856 2015 936 2072 Deus
950 2034 1009 2073 non
1032 2014 1164 2073 intendet
1188 2015 1316 2077 salutem
1346 2022 1497 2102 Reprobo·

316 2099 408 2169 Fontes
439 2098 509 2142 Solu·
539 2117 602 2156 rum
618 2117 667 2155 eos
682 2094 822 2169 vocando,
838 2095 964 2152 maxime
978 2103 1075 2153 tamen
1089 2095 1164 2154 serio
1178 2106 1208 2155 et
1221 2097 1342 2159 sincere
1359 2105 1436 2181 agit,
1452 2127 1496 2163 nec

356 2163 459 2200 ΜΝ·
538 2177 599 2236 uua
613 2176 774 2254 hypocrisis
802 2183 831 2234 et
859 2174 1051 2233 simulationis
1064 2175 1145 2234 noes
1163 2175 1207 2234 nu
1220 2177 1370 2258 aasmrgr
1386 2198 1496 2262 pons:

277 2258 339 2316 Nee
353 2265 486 2332 respectu
501 2257 557 2314 Dei
567 2257 667 2333 ipsius,
683 2257 751 2333 quia
766 2256 840 2314 serio
864 2263 893 2312 et
917 2255 1066 2314 verissIme
1089 2255 1216 2314 ostendit
1239 2257 1302 2318 illis
1332 2265 1459 2323 unicam
1473 2283 1496 2322 er

277 2337 465 2394 certissimam
480 2337 558 2392 viam
572 2337 609 2393 ad
624 2337 755 2408 salutem,
772 2336 845 2394 serio
860 2335 991 2394 hortatur
1011 2355 1061 2394 eos
1088 2336 1126 2393 sd
1149 2336 1229 2394 illam
1255 2345 1458 2416 sequendam,
1473 2359 1496 2404 cr

277 2415 469 2474 sincerissime
493 2415 635 2490 promittit
655 2416 713 2473 illis
735 2416 868 2474 omnibus
889 2415 940 2491 qui
960 2435 1023 2473 eam
1045 2416 1135 2474 secuti
1156 2415 1270 2492 fuerint,
1303 2423 1496 2484 credentibus

276 2493 386 2554 seilicet
401 2502 430 2552 et
443 2493 658 2570 poenitentibus,
674 2495 814 2570 salutem3
836 2515 889 2554 nec
906 2496 1048 2572 promittit
1067 2505 1188 2571 tentum,
1202 2498 1254 2556 sed
1267 2499 1375 2578 reipsa
1384 2507 1493 2565 confert

271 2577 360 2653 juxte
380 2574 618 2651 promissionem
648 2575 709 2632 Nec
730 2575 826 2651 quoad
847 2575 987 2650 homines,
1016 2577 1085 2652 quia
1105 2576 1214 2634 oblatio
1242 2579 1353 2640 salutis
1377 2605 1440 2644 non
1468 2588 1494 2644 tit

275 2655 335 2714 illis
357 2655 497 2730 absolute,
520 2654 572 2713 sed
604 2654 657 2714 sub
679 2655 853 2730 conditione,
875 2663 962 2732 etque
990 2655 1063 2714 adeo
1090 2655 1163 2713 nihil
1190 2658 1273 2733 ponit
1304 2661 1368 2720 nisi
1399 2669 1493 2742 posite

275 2736 448 2811 conditione,
464 2755 528 2814 quse
542 2735 640 2795 deficit
654 2755 691 2794 ex
705 2743 786 2814 perte
800 2735 958 2794 hominum.
1001 2735 1088 2795 Unde
1112 2736 1252 2796 ambabus
1266 2739 1351 2800 ulnis
1367 2747 1493 2823 amplec-

274 2819 370 2890 timur,
386 2817 464 2894 quod
478 2837 495 2875 a
511 2817 646 2876 Patribus
663 2816 773 2894 Synodi
789 2815 981 2875 Dordrscenae
996 2815 1026 2873 in
1047 2816 1102 2874 hoc
1121 2825 1292 2893 argumento
1313 2821 1438 2890 dicitur.
1461 2827 1494 2884 sd

276 2899 344 2975 Cap.
360 2898 399 2957 iv.
415 2898 469 2956 Th.
485 2897 546 2957 viii.
588 2897 765 2974 “Quotquot
778 2915 829 2972 per
844 2896 1039 2972 Evangelium
1063 2905 1211 2972 vocantur,
1236 2899 1314 2959 serio
1335 2891 1491 2964 vocantur.

277 2978 358 3036 Serio
383 2979 458 3036 enirn
474 2987 502 3037 et
516 2977 665 3037 verissime
677 2975 804 3036 ostendit
820 2977 900 3034 Deus
928 2976 1027 3034 Verbo
1042 2996 1102 3050 suo,
1129 2977 1199 3053 quid
1224 2978 1280 3036 sibi
1306 2993 1430 3057 gratum
1447 2987 1490 3046 sir

274 3059 408 3116 nimirum
423 3068 455 3118 ut
470 3057 574 3117 Vocati
589 3058 626 3116 ad
641 3058 811 3116 reveniant.
856 3055 937 3114 Serio
952 3057 1039 3114 etiem
1053 3057 1186 3115 omnibus
1200 3056 1238 3115 ed
1252 3077 1284 3116 se
1298 3064 1491 3124 venientibus

273 3147 303 3197 et
317 3139 500 3199 credentibus
511 3138 638 3216 requiem
655 3138 814 3196 animarum
829 3144 858 3194 et
885 3135 975 3193 vitam
990 3144 1124 3194 aetemem
1140 3138 1314 3213 promittit.''

315 3220 386 3277 XV.
410 3219 466 3293 Qui
481 3219 610 3277 vocando
625 3218 756 3276 homines
770 3236 829 3294 prae
843 3235 874 3275 se
888 3215 944 3274 fert
958 3235 988 3274 ss
1003 3215 1079 3275 velle
1090 3217 1217 3293 ipsorum
1232 3218 1369 3296 salutem,
1387 3233 1419 3284 et
1433 3245 1490 3284 non

273 3299 338 3356 vult
353 3307 457 3372 tamen,
473 3299 521 3356 ille
537 3299 669 3357 simulate
697 3299 766 3374 agit,
797 3296 820 3354 si
842 3295 988 3354 decadem
1002 3297 1152 3355 voluntate
1180 3297 1374 3378 intelligetur,
1407 3305 1449 3364 id.
1466 3307 1488 3362 si

273 3397 332 3454 prae
361 3397 391 3434 se
426 3379 481 3436 fort
510 3398 540 3436 se
568 3379 641 3436 iliud
666 3379 741 3436 velle
769 3378 918 3436 voluntate
948 3376 1072 3450 Decreti,
1102 3395 1156 3435 nee
1184 3377 1256 3436 velit
1297 3389 1409 3458 tamen,
1441 3387 1487 3442 roi

272 3455 421 3514 voluntate
449 3458 593 3534 praecepti,
618 3477 672 3516 nec
696 3458 768 3516 velit
798 3465 903 3515 temen.
960 3455 1019 3515 Sed
1043 3457 1067 3514 si
1090 3464 1193 3534 agatur
1217 3456 1252 3516 de
1276 3459 1406 3538 diversa,
1429 3485 1487 3523 non

272 3535 379 3611 pariter
399 3535 495 3609 valet3
512 3555 539 3594 v.
556 3557 593 3612 g,
620 3536 645 3595 si
659 3557 717 3613 pres
732 3557 763 3595 se
778 3536 832 3595 fert
860 3536 935 3594 velle
958 3536 1068 3613 aliquid
1082 3537 1232 3596 voluntate
1255 3545 1406 3618 praecepti,
1433 3565 1487 3602 nec

273 3614 344 3671 velit
358 3623 454 3672 tumen
468 3615 616 3673 voluntate
631 3616 757 3690 Decreti,
772 3617 853 3674 nulla
875 3617 923 3674 hio
938 3625 982 3674 est
996 3616 1142 3675 simulatio
1166 3617 1214 3675 vel
1234 3618 1421 3696 hypocrisis:
1448 3625 1487 3683 [t

271 3693 464 3772 praecipiendo
480 3693 588 3771 Legem
609 3695 773 3754 hominibus
788 3715 846 3772 pree
868 3715 899 3755 se
921 3695 976 3754 fort
997 3697 1073 3755 velle
1094 3705 1127 3755 ut
1147 3717 1211 3755 earn
1232 3698 1375 3776 impleant
1387 3705 1486 3779 quoad

272 3772 506 3853 approbationem
521 3782 550 3833 et
570 3774 746 3850 mandatum,
763 3775 814 3834 sed
835 3795 893 3834 non
915 3776 1012 3834 statim
1034 3775 1131 3853 quoad
1156 3777 1323 3839 Decretum.
1366 3783 1438 3841 Jam
1456 3785 1484 3840 in

270 3856 423 3915 vocatione
437 3874 496 3931 pree
511 3873 541 3913 se
562 3853 618 3913 fert
641 3855 757 3932 quidem
780 3857 861 3915 Deus
881 3855 957 3914 velle
979 3855 1101 3914 salutem
1123 3857 1300 3917 Vocatorum
1329 3862 1483 3921 voluntate

270 3936 405 4014 praeeepti
420 3945 450 3994 et
465 3944 602 4009 stagnat-5,
619 3935 670 3994 sed
689 3955 747 3994 non
761 3937 920 3994 Voluntste
935 3935 1061 3994 Decreti.
1104 3937 1178 3995 Nam
1203 3937 1329 3999 Vocatio
1354 3943 1485 4002 ostendit

270 4017 386 4095 quidem
402 4016 471 4094 quid
487 4017 567 4074 Deus
581 4016 653 4076 velit
662 4017 765 4094 jubere
780 4017 925 4074 hominem
939 4023 972 4074 ut
985 4016 1079 4090 faciat,
1095 4035 1154 4075 non
1173 4020 1327 4096 veroquid
1342 4021 1483 4080 decreve-

270 4098 308 4156 rit
321 4098 383 4174 ipse
392 4097 501 4172 sacere;
518 4097 602 4155 docet
616 4097 687 4174 quid
703 4095 765 4155 Deo
777 4105 890 4173 gratum
913 4095 951 4154 sit
965 4103 994 4154 et
1009 4104 1167 4173 acceptum,
1193 4105 1222 4155 et
1236 4101 1416 4160 conveniens
1429 4123 1480 4159 na-

269 4185 341 4236 turae
352 4197 420 4252 suae,
436 4178 529 4237 nimir.
546 4186 577 4236 ut
593 4177 697 4235 Vocati
711 4176 748 4234 sd
763 4197 793 4235 se
812 4175 944 4250 veniant3
967 4175 1019 4234 ssd
1043 4195 1101 4234 non
1129 4175 1199 4253 quid
1219 4177 1282 4254 ipse
1311 4179 1348 4239 de
1362 4182 1479 4240 homine

269 4257 362 4316 facere
376 4257 575 4316 constituerit:
599 4257 743 4334 signifieat
756 4255 826 4333 quid
850 4255 930 4314 Deus
953 4263 1071 4332 paratus
1096 4257 1134 4315 sit
1154 4257 1222 4315 dare
1248 4259 1435 4320 credentibus
1451 4275 1478 4319 et

150 4325 160 4348 ⁴
267 4337 483 4415 poenitentibus,
500 4337 551 4395 sed
561 4355 619 4394 non
632 4336 702 4413 quid
716 4344 782 4395 actu
791 4335 951 4394 decreverit
966 4335 1033 4394 dare
1048 4337 1116 4394 huic
1129 4335 1177 4394 vel
1192 4335 1244 4396 iili.

309 4417 399 4477 XVI.
422 4415 514 4474 Aliud
523 4424 567 4474 est
580 4419 648 4475 velle
661 4418 755 4475 uenire
770 4415 928 4492 Reprobos,
954 4415 993 4474 id.
1018 4415 1172 4494 praecipere
1196 4416 1277 4494 ipsis,
1301 4429 1334 4478 ut
1348 4421 1476 4495 veniant,

267 4497 366 4556 etheo
381 4495 632 4572 gratumbabere;
655 4495 747 4554 Aliud
761 4499 828 4554 velle
849 4515 904 4554 non
931 4496 1032 4570 venire,
1061 4496 1100 4555 id.
1130 4497 1206 4555 nolle
1221 4495 1289 4557 dare
1313 4499 1373 4559 illis
1401 4502 1477 4559 vires

267 4575 412 4635 veniendi.
445 4576 536 4634 *Deus
550 4581 647 4653 potest
660 4575 791 4634 vocando
805 4575 884 4651 ipsos
897 4575 974 4633 velle
988 4575 1076 4652 prius,
1101 4595 1155 4635 nee
1169 4577 1245 4636 velle
1267 4586 1365 4638 tamen
1379 4589 1476 4659 posts-

265 4656 334 4731 rius,
350 4655 458 4731 absque
473 4655 533 4712 ulle
547 4653 765 4730 contrarietate3
781 4653 932 4730 quiaillud
945 4655 1063 4732 respicit
1081 4663 1192 4715 tentum
1207 4657 1388 4719 voluntatem
1403 4681 1476 4738 prte-
