3202 5194
151 381 260 434 ennsr.
276 357 365 441 xxa]
624 394 627 402 ·
651 373 692 414 ns
707 372 783 414 asoa
797 372 857 414 nar.
1299 360 1355 417 141

153 521 233 584 aliud
249 517 448 583 Sacerdotium
464 515 552 595 juxta
569 514 698 574 ordinem
714 514 922 575 Melchisedeci
937 535 975 575 ex
988 515 1066 576 tribu
1080 515 1103 576 J
1104 515 1181 593 uda;
1211 510 1240 576 et
1257 512 1357 576 Sacer·

154 604 237 663 dotes
260 607 446 661 assumuntur
465 617 523 655 non
544 604 656 655 tanturn
678 615 716 654 ex
730 595 751 654 J
754 595 853 671 udaeis,
870 595 923 654 sed
943 604 972 655 et
987 617 1023 656 ex
1038 596 1111 675 ipsis
1127 597 1281 672 Gentibus,
1299 599 1358 657 lsa.

153 684 227 743 lxvi.
243 685 292 756 21,
310 685 325 738 l
342 680 405 738 Pet.
420 678 450 736 ii.
466 679 492 752 5,
509 675 603 753 Apoc.
617 675 637 734 i.
650 679 678 734 6.
701 675 777 736 Olim
793 675 935 735 sacrificia
948 685 1069 736 externa
1080 685 1164 736 erent
1178 685 1207 736 et
1222 677 1359 754 earnalia,

156 763 208 823 sed
222 781 299 822 nunc
310 757 469 838 spiritualia
482 755 672 834 postulantur,
685 756 769 814 Rom.
782 756 833 815 xii.
851 758 877 831 1,
891 756 1016 816 Malach.
1028 757 1057 832 i,
1073 765 1102 816 et
1114 759 1195 816 Deus
1209 757 1361 834 profitetur

156 863 215 902 non
231 842 319 902 semel
341 860 371 898 se
385 845 485 896 vetera
502 836 622 913 rejicere
640 845 670 894 et
689 835 824 910 aversari,
842 836 899 894 Isa.
914 836 933 894 i.
951 840 996 912 12,
1014 837 1087 896 Hos.
1101 837 1142 896 vi.
1158 839 1185 912 6,
1206 837 1297 897 Mich.
1309 837 1359 914 vi.,

158 923 207 982 Ps.
222 923 242 982 l.
254 932 283 982 et
292 920 333 997 li,
346 920 404 978 Isa.
413 917 486 976 lviii.
498 924 527 975 et
537 915 610 973 lxvi.
633 916 697 974 Imo
708 915 824 991 Erech,
837 936 888 974 xx.
898 917 946 990 25,
954 925 1040 975 vocat
1051 937 1086 976 ea
1094 927 1199 976 statute
1211 938 1267 976 non
1278 919 1359 994 bone,

161 1002 319 1062 secundum
334 1019 398 1077 quae
412 997 498 1055 horno
513 1015 572 1054 non
589 1003 686 1072 potest
702 995 811 1070 virere,
827 996 963 1054 nimirum
977 1005 1038 1055 turn
1054 997 1084 1055 in
1099 1017 1129 1056 se
1144 996 1240 1074 quoad
1254 998 1360 1074 impos-

162 1082 329 1142 sibilitatem
347 1075 564 1158 justificationis
583 1083 612 1134 et
633 1074 877 1150 sanctificationis,
893 1084 954 1134 tum
969 1077 1058 1136 relate
1072 1077 1110 1136 ad
1124 1076 1246 1136 ebusum
1260 1077 1281 1136 J
1283 1077 1361 1136 udae·

163 1183 252 1239 orum,
268 1161 318 1239 qui
332 1157 518 1218 caeremonias
532 1175 549 1213 a
563 1154 643 1214 cultu
657 1155 760 1213 morali
774 1156 953 1233 separabant.
980 1155 1058 1216 Olim
1073 1157 1168 1216 cultus
1183 1177 1264 1216 sacer
1277 1166 1363 1216 certae

163 1243 241 1301 orbis
254 1241 338 1319 parti,
354 1246 383 1298 et
396 1238 461 1296 loco
474 1235 526 1295 uni
540 1233 644 1293 affixus
666 1243 736 1301 erat,
751 1244 835 1294 extre
849 1255 935 1313 quem
955 1255 1036 1295 sacra
1052 1236 1147 1297 facere
1165 1257 1224 1296 non
1237 1237 1361 1314 licebat3

163 1321 216 1380 sed
242 1340 319 1380 nunc
342 1316 496 1395 Templum
521 1314 640 1373 Domini
662 1315 770 1392 ubique
798 1323 878 1394 patet
905 1316 936 1373 in
958 1316 1091 1376 Ecclesia
1112 1318 1268 1393 catholica
1294 1317 1364 1377 licet

163 1402 270 1478 ubique
291 1417 393 1457 manus
414 1415 501 1475 puras
520 1393 557 1453 ad
579 1395 673 1453 Deum
689 1395 828 1469 attollere,
854 1395 960 1454 lIh'm.
975 1397 1005 1455 ii.
1020 1399 1048 1472 8,
1064 1405 1094 1456 et
1114 1398 1176 1456 veri
1197 1397 1364 1456 adoratores

163 1499 222 1539 non
241 1479 365 1557 amplius
383 1484 519 1536 tenentur
532 1474 725 1550 Jerosolymis
749 1495 780 1534 se
800 1475 909 1552 sistere,
930 1476 980 1534 vel
1001 1477 1032 1534 in
1051 1485 1150 1536 monte
1171 1477 1308 1552 Garizim,
1331 1485 1365 1536 ut

164 1579 246 1619 sacra
267 1560 382 1634 faciant,
406 1555 475 1635 quia
488 1555 596 1631 ubique
619 1555 738 1613 adorare
753 1555 848 1613 Deum
869 1564 991 1633 possunt
1011 1557 1041 1614 in
1061 1557 1165 1634 spiritu
1186 1567 1215 1616 et
1231 1557 1363 1632 veritate,

163 1640 185 1701 J
188 1641 234 1700 oh.
249 1640 288 1699 iv.
304 1643 353 1714 21,
365 1641 414 1697 23.
438 1634 524 1696 Unde
539 1634 642 1693 Altera
656 1633 762 1693 dicitur
776 1635 945 1713 erigendum
959 1636 990 1693 in
1004 1637 1147 1715 AEgypto‚
1165 1637 1222 1696 Isa.
1237 1636 1299 1694 xix.
1317 1638 1363 1711 19,

164 1719 243 1798 qnod
251 1720 330 1778 nefas
344 1717 446 1776 fuisset
461 1715 515 1774 snb
529 1714 568 1773 V.
574 1715 618 1789 Τ,
635 1714 689 1773 sub
704 1734 761 1790 quo
776 1715 870 1774 cultus
881 1716 1034 1792 religiosus
1048 1715 1229 1792 describitur,
1245 1725 1274 1774 et
1288 1715 1365 1774 suffi-

164 1809 293 1859 mentum
308 1801 337 1858 in
353 1795 432 1857 omni
451 1796 517 1854 loeo
530 1793 709 1853 offerendum
725 1795 789 1852 Deo
803 1795 979 1872 praedicitur,
996 1795 1102 1855 Malae.
1117 1797 1136 1854 i.
1154 1799 1200 1871 11,
1222 1816 1286 1872 quae
1307 1815 1366 1854 non

164 1888 320 1960 potnerunt
339 1878 402 1936 fieri
423 1874 477 1934 sub
492 1875 580 1952 Lege.
623 1874 702 1932 Hinc
724 1875 877 1951 Eusebius,
899 1876 1094 1935 Demonstrat.
1115 1875 1257 1952 Evangel.
1279 1875 1330 1934 lib.
1345 1875 1365 1936 i.

164 1981 227 2038 cap.
249 1963 277 2034 3,
293 1957 385 2018 solide
405 1955 509 2034 probat
522 1954 729 2032 impossibilem
743 1953 832 2012 fuisse
850 1964 917 2032 post
929 1956 1111 2014 vocationem
1133 1956 1261 2032 gentium
1278 1956 1367 2033 Legis

164 2038 371 2100 ceremonialia
396 2035 645 2110 observationem
675 2053 728 2092 neo
752 2033 864 2112 concipi
895 2054 980 2112 posse
1004 2036 1099 2094 Deum
1124 2035 1367 2113 sapientissimum

165 2119 374 2198 Legislatorem
390 2115 478 2176 talem
494 2115 604 2192 Legem
617 2112 691 2172 ferre
705 2113 834 2173 voluisse
855 2115 991 2192 gentibus
1012 2116 1130 2175 remotis
1144 2115 1239 2174 eloco
1254 2115 1367 2174 delecto

165 2219 183 2257 a
205 2199 338 2272 Domino,
359 2195 443 2274 quasi
467 2195 548 2252 Deus
568 2193 701 2252 voluerit·
718 2192 816 2268 Indos,
838 2195 1005 2272 Europaeos,
1029 2205 1059 2254 et
1081 2196 1192 2255 divisos
1213 2203 1275 2254 toto
1298 2195 1367 2254 orbe

165 2279 323 2338 Britannos
336 2277 480 2352 hodieque
495 2273 618 2351 singulis
633 2274 716 2332 annis
729 2281 774 2333 ter
784 2274 999 2352 Jerosolyrnam
1008 2295 1169 2335 commeare
1182 2298 1189 2335 :
1209 2275 1280 2350 Quae
1291 2276 1368 2333 enim

165 2358 244 2432 urbs,
260 2377 319 2415 non
339 2356 431 2414 dicam
452 2353 531 2430 quod
550 2353 711 2430 Templum,
734 2353 793 2412 imo
811 2374 874 2432 quae
894 2356 976 2431 regio
996 2375 1088 2433 capax
1107 2375 1171 2414 esse
1191 2363 1289 2433 posset
1309 2355 1368 2414 illis

167 2437 302 2496 omnibns
323 2433 523 2512 excipiendis?
544 2431 615 2508 Quae
629 2433 731 2491 altaria
745 2433 873 2493 sufficere
887 2443 1006 2512 possent
1019 2435 1200 2513 c'xeipiendis
1218 2435 1369 2495 victimis?

168 2515 239 2592 Quas
253 2515 333 2594 regio
348 2514 475 2574 sufficere
488 2521 587 2592 posset
600 2513 734 2572 victimas
746 2521 791 2572 tot
804 2514 987 2575 cultoribus?

453 2593 545 2651 VIII.
560 2597 588 2651 7.
600 2592 783 2652 Nectantum
794 2593 830 2652 de
838 2595 912 2655 Jure
924 2595 987 2654 Lex
998 2595 1054 2656 iste
1063 2615 1129 2655 cum
1138 2604 1200 2655 tota
1210 2594 1371 2655 oeconomia

167 2660 189 2706 ⁷·
215 2661 254 2707 ΕΣ
295 2661 407 2732 Datne-
428 2673 560 2732 Mosa'Ica
581 2672 690 2731 aboleri
705 2673 813 2750 debuit,
839 2674 891 2734 sed
905 2674 983 2734 etde
997 2675 1073 2734 facto
1088 2676 1262 2750 abolitsest,
1280 2675 1368 2753 siqni-

195 2719 261 2766 *Μ’
276 2719 378 2779 T⁰¹¹¹¹³¹¹‘
427 2753 493 2813 dem
516 2753 663 2811 destructo
683 2753 813 2831 Templo,
836 2753 866 2814 e't
886 2755 948 2813 solo
963 2764 1076 2833 aequata
1089 2755 1283 2832 Jerosolyma,
1305 2774 1370 2832 quoe

167 2851 313 2892 sacrorum
327 2839 389 2892 erat
402 2833 494 2908 sedes,
510 2832 640 2910 dispersa
652 2841 682 2891 et
696 2833 835 2911 dissipata
853 2833 1054 2894 miserabiliter
1068 2843 1129 2894 tota
1142 2845 1229 2911 gente
1242 2855 1295 2912 per
1307 2833 1370 2892 uni·

166 2931 283 2971 versum
298 2912 405 2988 orbem,
420 2912 597 2990 impossibile
612 2920 656 2971 est
670 2913 779 2990 Legem
794 2913 878 2973 istam
899 2915 1046 2973 observari
1060 2934 1097 2973 ex
1116 2915 1283 2991 praescripto
1305 2913 1370 2988 Dei,

168 2992 235 3069 qnia
249 3012 302 3051 nec
316 2991 418 3052 Altare
432 3012 486 3051 nec
499 2992 652 3070 Templum
665 2993 789 3052 occurrit
808 2994 860 3053 uhi
873 3013 955 3053 saera
967 2993 1046 3068 fiant,
1060 3013 1115 3052 nec
1131 2993 1330 3052 Sacerdotium
1343 3001 1373 3052 et

168 3072 307 3130 sacrificia
329 3072 443 3146 dantur,
468 3091 522 3130 nec
543 3071 604 3131 ulla
618 3073 732 3132 Politice
746 3073 853 3132 veteris
873 3074 956 3149 ratio,
979 3082 1009 3133 et
1022 3073 1168 3132 distinctio
1182 3073 1322 3132 Tribuum
1343 3080 1374 3130 et

166 3151 348 3226 familiarum,
365 3161 394 3212 et
407 3150 524 3228 quidem
539 3171 556 3210 a
568 3159 613 3210 tot
633 3153 746 3228 sectilis,
767 3153 845 3230 quod
858 3173 1006 3230 nunquam
1019 3153 1194 3231 permissura
1207 3152 1309 3212 suisset
1329 3151 1374 3210 di·

168 3231 238 3289 vina
252 3231 449 3307 Providentia,
465 3231 607 3308 siqnidem
620 3232 680 3290 illae
694 3233 871 3292 ceremoniae
884 3233 1053 3293 debuissent
1068 3233 1232 3292 subsistere.
1254 3232 1316 3291 Nec
1326 3231 1374 3292 hie

168 3329 300 3388 regerere
313 3320 436 3389 possunt
449 3310 557 3386 Judaei,
580 3311 653 3371 Haec
667 3312 784 3388 quidem
798 3333 862 3371 esse
875 3313 941 3372 irati
957 3313 1013 3372 Dei
1027 3313 1118 3390 signa,
1133 3333 1198 3390 quae
1212 3312 1284 3371 alias
1297 3311 1375 3388 passi

169 3389 236 3466 sint,
250 3400 284 3450 nt
297 3391 328 3448 in
343 3391 511 3469 captivitate
526 3390 706 3468 Babylonica
716 3400 746 3452 et
759 3393 947 3471 AEgyptiaca,
959 3413 997 3452 ex
1011 3393 1116 3470 quibus
1130 3402 1162 3452 ut
1171 3393 1284 3452 liberati
1299 3399 1374 3466 sunt,

169 3469 210 3529 its
223 3489 309 3548 posse
323 3471 409 3530 etiarn
424 3471 461 3529 ab
476 3469 531 3530 isto
545 3471 704 3530 novissimo
717 3472 806 3531 exilio
826 3473 965 3532 revocari.
1008 3473 1082 3546 Quia
1095 3473 1235 3551 dispersio
1249 3491 1377 3550 praesens

168 3549 342 3610 Judaeorum
355 3551 480 3610 immane
494 3559 633 3626 quantum
647 3550 744 3610 differt
758 3553 795 3610 eb
809 3552 875 3610 aliis
889 3572 988 3612 eorum
1004 3553 1230 3630 captivitatibus.
1263 3553 1376 3610 Harurn

171 3637 284 3708 tempus
307 3629 529 3688 determinatum
552 3631 625 3706 luit;
649 3631 700 3689 sed
722 3631 805 3691 istius
829 3633 955 3706 minime,
971 3640 1000 3690 et
1014 3633 1070 3690 tale
1081 3633 1143 3710 jam
1158 3631 1276 3707 effluxit,
1299 3631 1378 3709 quod

171 3728 229 3767 non
243 3709 340 3787 duplo,
353 3710 401 3768 vel
415 3709 586 3787 quadruplo,
602 3709 653 3768 sed
667 3711 790 3788 decuplo
811 3713 958 3788 superavit
972 3720 1085 3790 tempus
1100 3713 1164 3770 aliis
1179 3713 1376 3785 constitutum,

170 3807 230 3847 non
244 3791 283 3847 70
305 3809 453 3864 annorum,
469 3790 518 3847 vel
541 3790 627 3848 unius
651 3799 701 3849 aut
722 3791 840 3850 alterius
865 3791 963 3866 seculi,
990 3791 1041 3850 sed
1056 3792 1202 3851 sexdecim
1217 3792 1379 3850 seculorum

170 3865 232 3942 jam
255 3867 427 3946 elapsorum.
469 3869 506 3926 In
528 3869 593 3927 aliis
618 3870 714 3928 stabat
738 3870 832 3930 adhuc
846 3871 1011 3931 Jerusalem
1025 3881 1054 3931 et
1068 3871 1219 3948 Templum
1233 3871 1302 3928 lieet
1316 3889 1378 3928 cor·

174 3955 306 4022 ruptnm3
329 3947 380 4006 sed
397 3949 459 4025 jam
483 3949 568 4026 plane
594 3949 655 4007 solo
678 3958 792 4025 aequata
816 3959 891 4010 snut.
935 3952 971 4009 In
993 3951 1058 4009 eliis
1082 3950 1217 4009 manebat
1231 3947 1378 4007 distinctio

175 4023 323 4101 Tribuum,
347 4027 398 4085 sed
421 4028 469 4086 hic
490 4028 571 4086 nulla
584 4047 654 4086 vera
667 4028 729 4086 dari
743 4039 847 4107 potest,
872 4029 1011 4107 quicquid
1029 4030 1157 4108 garriant
1177 4028 1300 4088 recutiti.
1343 4028 1380 4085 In

173 4103 240 4162 aliis
254 4124 313 4163 non
326 4105 445 4166 deerant
458 4107 611 4184 Prophetae
625 4116 655 4166 et
671 4108 841 4168 Sacerdotes
853 4131 860 4184 ;
883 4109 934 4168 sed
945 4111 1006 4186 jam
1021 4111 1106 4186 plane
1120 4107 1276 4168 desierunt.

477 4187 537 4245 IX.
559 4189 587 4245 8.
604 4187 761 4247 Decretum
786 4189 972 4266 synodicum,
989 4189 1057 4249 Act.
1072 4208 1133 4263 xv,
1157 4189 1233 4248 hanc
1258 4187 1379 4264 abroga-

128 4267 132 4273 ’
169 4248 414 4355 εῆἓάξῦξᾞοιξῗ·
434 4265 543 4324 tionem
557 4275 654 4343 aperte
668 4267 826 4344 confirmat,
842 4288 931 4345 quum
955 4270 1056 4328 statuit
1080 4269 1152 4328 nihil
1175 4267 1382 4345 imponendum

273 4343 280 4364 ’
342 4345 348 4357 '
394 4342 400 4355 “
436 4365 499 4404 esse
514 4346 637 4423 amplius
652 4346 823 4406 Christianis
836 4348 1153 4426 praeterabstinentiam
1167 4367 1185 4405 a
1199 4345 1338 4405 suffocato
1352 4353 1382 4403 et

174 4419 316 4496 sanguine
339 4430 368 4481 et
389 4422 570 4502 idolothytis,
596 4445 671 4484 vers.
687 4429 735 4500 28,
759 4428 807 4502 29,
831 4428 997 4504 exquibus
1021 4447 1079 4486 non
1100 4429 1221 4486 obscure
1236 4423 1383 4501 colligitur

174 4499 306 4575 exceptis
329 4501 410 4560 hisce
434 4504 536 4580 tribus,
562 4505 695 4582 abrogari
710 4526 809 4564 ornnes
824 4507 895 4566 alias
909 4508 1094 4566 ceremonias
1108 4516 1137 4565 et
1151 4505 1382 4563 observationem

175 4577 265 4655 Legis
289 4581 506 4657 caeremonialia,
531 4592 563 4642 ut
586 4603 671 4643 usum
694 4585 928 4662 circumcisionis,
954 4605 1040 4663 quam
1056 4583 1321 4660 Pseudo-Apostoli
1334 4603 1382 4640 ur-

174 4659 292 4734 gebant,
319 4679 384 4737 qne
407 4659 462 4721 luit
486 4664 600 4722 occasio
624 4664 747 4724 Consilii
771 4665 1020 4743 Jerosolymitani.
1062 4665 1127 4740 Qua
1150 4665 1187 4724 de
1207 4681 1295 4732 eausa
1313 4681 1383 4721 vero
