3202 5194
257 315 315 374 110
680 329 772 371 rocus
786 327 967 372 unnrcrnus.
1253 306 1380 390 [ounsr.
1395 329 1471 372 xix.

255 472 469 551 adstipulantur
491 469 663 532 scholastici
683 478 713 530 et
735 467 928 544 Sententiarii,
950 468 981 527 in
998 466 1101 527 Lomb.
1116 467 1173 548 lib.
1195 467 1236 527 iii.
1258 469 1325 529 dist.
1341 475 1399 548 373
1425 471 1471 530 acl

254 574 328 632 qnos
343 551 484 612 accedunt
504 552 637 610 nonnulli
657 571 695 610 ex
710 550 891 625 Lutheranis,
911 549 969 607 imo
984 557 1013 608 et
1027 568 1065 607 err
1079 547 1193 607 Nostris
1207 550 1362 627 Zuinplira,
1376 553 1468 610 Mus·

255 637 340 709 culus,
356 633 478 706 Aretias,
500 641 529 691 at
543 631 617 690 varii
637 651 675 691 ex
693 629 851 707 Theologis
874 628 1055 706 Anglicanis,
1070 631 1174 688 Ivellus
1195 629 1226 687 in
1248 629 1400 690 Dissertat.
1425 632 1469 690 da

255 714 360 788 Usura,
376 714 545 770 Moratousa
557 713 705 785 Andr-ewa,
723 711 870 784 Wilsoaus,
886 717 916 768 et
929 709 979 766 alii
988 731 996 785 ;
1020 708 1233 767 Affirmctivam
1247 711 1469 787 amplectuntur

254 793 443 852 communiter
467 790 639 868 Orthodoxi,
662 800 693 850 et
712 797 843 849 statuunt
864 789 974 848 licitam
996 808 1059 848 esse
1083 808 1209 865 usuram,
1235 791 1339 868 positis
1363 799 1469 850 tamen

252 875 338 933 certis
352 872 594 931 distinctionibus.

294 953 354 1011 IX.
385 953 491 1027 Primo,
508 949 713 1028 distinguenda
737 956 781 1008 est
805 949 908 1025 Uscra,
934 947 1004 1007 Alia
1027 949 1157 1008 mordeas
1179 956 1209 1008 et
1232 949 1387 1009 immodica
1407 970 1466 1010 seu

253 1031 431 1111 expilatoria,
455 1051 520 1109 quae
540 1032 621 1090 nulla
641 1030 751 1088 ratione
775 1030 875 1088 habita
896 1029 1040 1108 aequitatis
1064 1037 1093 1087 et
1115 1029 1263 1089 charitatis
1287 1029 1466 1090 Christianae

252 1112 516 1172 immisericorditer
529 1111 657 1188 exigitur
670 1130 688 1168 a
700 1109 831 1186 quolibet
845 1118 994 1169 mutuante
1009 1109 1095 1168 etiam
1116 1128 1241 1186 paupere
1256 1117 1285 1168 et
1298 1118 1462 1186 attenuato,

252 1194 301 1252 vel
323 1191 433 1271 grande
453 1191 572 1268 aliquod
592 1190 795 1248 detrimentum
815 1189 847 1246 in
867 1209 898 1247 re
922 1189 1058 1248 familiari
1080 1207 1175 1266 passo,
1201 1209 1259 1265 quo
1284 1188 1392 1250 factum
1413 1199 1463 1250 est

252 1275 362 1350 absque
376 1292 430 1331 sna
443 1272 536 1348 culpa,
552 1279 584 1329 ut
598 1289 656 1328 non
670 1269 795 1346 amplius
809 1269 847 1328 sit
858 1269 1007 1328 solvendo.
1043 1268 1114 1327 Alia
1124 1276 1169 1327 est
1181 1270 1293 1328 modica
1303 1274 1458 1347 etjutuns,

252 1353 282 1411 in
296 1373 354 1431 qna
368 1352 434 1411 talis
448 1350 607 1409 moderatio
621 1349 782 1423 adhibetur,
805 1369 870 1426 quse
891 1349 1041 1424 utriusque
1062 1357 1091 1407 et
1112 1348 1321 1408 commodantis
1342 1359 1371 1409 et
1392 1370 1460 1408 mu-

251 1434 360 1493 tuantis
374 1431 547 1507 necessitati,
564 1429 714 1489 commodo
728 1437 758 1487 et
771 1429 860 1504 luero,
876 1428 955 1504 quod
975 1428 1114 1487 beneficio
1129 1429 1222 1487 mutui
1234 1429 1392 1506 acquiritur
1405 1439 1461 1489 ant

250 1513 361 1591 acquiri
383 1513 465 1587 solet,
491 1511 652 1586 conveniat,
678 1528 801 1587 qnaeqne
825 1509 954 1585 aequitati
985 1508 1155 1567 Christianae
1184 1509 1270 1586 juxta
1294 1509 1412 1568 modum
1439 1531 1459 1568 a

250 1593 427 1670 Magistratu
446 1591 645 1669 praecriptum
664 1610 717 1667 pro
738 1589 847 1647 ratione
867 1589 1006 1664 locorum,
1028 1597 1188 1666 temporum
1206 1597 1236 1647 et
1255 1607 1456 1666 personarum,

264 1673 320 1733 ista
342 1673 417 1731 enim
438 1691 490 1748 pro
511 1671 662 1748 regionum
683 1679 712 1728 et
732 1669 903 1746 populorum
924 1669 1092 1728 diversitate
1113 1667 1248 1748 variant)
1271 1669 1455 1746 respondeat.

289 1752 392 1827 eundo,
409 1751 459 1809 Illi
477 1751 527 1828 qui
544 1751 695 1826 pecuniam
710 1752 781 1808 dant
792 1749 909 1824 soenori,
924 1748 973 1806 vel
994 1757 1062 1808 sunt
1077 1749 1206 1807 Danista
1220 1757 1249 1807 et
1267 1748 1455 1809 foeneratorcs

248 1853 286 1892 ax
299 1833 437 1911 professo,
453 1831 504 1908 qui
525 1831 580 1888 hoc
593 1849 683 1889 unum
695 1837 794 1906 agunt,
809 1829 858 1886 rel
871 1848 943 1904 non,
966 1827 1024 1886 Vel
1037 1829 1088 1906 qui
1102 1837 1233 1887 mutuum
1248 1827 1455 1889 foeneratitinm

247 1922 360 1974 tantum
384 1912 463 1980 dant,
485 1911 533 1969 vel
557 1910 715 1987 gratuitum
740 1910 827 1968 etiam
847 1908 1021 1986 aliquando;
1057 1909 1114 1969 Vel
1138 1909 1211 1967 tales
1235 1909 1285 1986 qui
1308 1910 1455 1987 propriam

246 1993 398 2071 pecuniam
412 1992 533 2050 honesto
546 1989 690 2067 negotiari
703 1996 833 2066 possunt,
846 1988 895 2047 vel
908 1988 958 2064 qui
972 2008 1031 2047 non
1044 1996 1174 2068 possunt,
1187 1989 1248 2046 sive
1263 1989 1332 2065 qnia
1341 1991 1454 2050 viribus

246 2074 295 2132 vel
309 2072 465 2130 idoneitate
479 2069 511 2127 id
523 2068 680 2146 praestandi
694 2068 898 2142 destituuntur,
914 2069 976 2126 sive
988 2069 1056 2146 quia
1070 2069 1122 2128 toti
1137 2068 1304 2127 muneribus
1317 2069 1453 2148 publicis,

245 2153 294 2212 vel
316 2151 412 2226 sacris,
428 2150 477 2208 vel
496 2149 623 2226 politicis
643 2148 832 2207 destinentur.
865 2147 972 2224 Tertio,
987 2149 1038 2224 qui
1056 2157 1227 2224 mutuantur,
1242 2148 1292 2207 rel
1311 2169 1454 2228 pauperes

246 2231 379 2305 sunt,vel
392 2231 422 2288 in
436 2249 467 2287 re
480 2227 625 2304 lauta‚vel
638 2227 777 2286 mediocri
791 2228 908 2304 saltem;
930 2229 979 2286 vel
993 2229 1023 2286 in
1037 2248 1107 2288 usus
1120 2228 1298 2288 necessarios
1312 2229 1350 2287 ad
1364 2230 1409 2289 sui
1423 2239 1453 2290 et

245 2311 362 2370 familia
377 2329 436 2368 sua
450 2307 689 2368 sustentationem
702 2307 854 2386 pecuniam
868 2315 969 2368 mutuo
983 2309 1136 2389 accipiunt,
1152 2309 1199 2366 vel
1213 2308 1244 2366 in
1258 2309 1409 2368 commoda
1423 2319 1452 2370 et

243 2393 325 2450 luera
339 2410 400 2449 sua.

548 2468 591 2528 X.
614 2467 671 2527 His
690 2467 793 2545 positis
810 2466 941 2544 dicimus,
963 2488 1022 2527 non
1036 2469 1126 2546 quaeri
1140 2468 1176 2528 de
1190 2489 1278 2528 usura
1291 2464 1456 2546 mordente,

278 2533 457 2639 smmum*
507 2568 595 2626 quam
614 2549 752 2626 injustam
767 2555 796 2608 et
815 2548 945 2607 illicitam
960 2569 1022 2608 esse
1037 2569 1205 2626 censemns;
1229 2549 1288 2608 Sed
1301 2549 1338 2608 de
1352 2551 1450 2608 mode·

401 2625 407 2638 ’
507 2638 577 2704 rata,
593 2637 623 2687 et
636 2627 785 2705 rationali;
808 2628 875 2687 Non
889 2628 925 2687 ds
945 2628 1068 2706 illisqui
1087 2649 1125 2688 ex
1144 2629 1274 2707 professo
1295 2629 1448 2689 foenerato-

244 2711 317 2770 riam
331 2717 422 2768 artem
436 2717 581 2784 exercent,
597 2719 626 2768 et
640 2708 671 2766 id
683 2727 773 2768 unum
787 2716 886 2786 agunt,
902 2717 934 2768 ut
948 2709 1082 2768 censibus
1096 2717 1125 2767 et
1139 2709 1234 2768 usuris
1249 2729 1314 2768 cum
1328 2710 1450 2770 aliorum

245 2789 427 2850 incommodo
452 2807 505 2847 sua
528 2796 654 2866 augeant
678 2789 845 2848 commoda:
877 2789 952 2848 hano
977 2789 1054 2848 enim
1078 2797 1168 2848 artem
1196 2789 1299 2848 merito
1325 2791 1449 2868 pessime

244 2871 353 2946 audire,
368 2879 398 2930 et
411 2869 485 2928 tales
500 2867 638 2928 Danistas
657 2888 709 2928 seu
723 2869 898 2946 Trapezitas,
915 2869 965 2946 qui
985 2870 1040 2928 hoc
1054 2869 1123 2928 vita
1144 2889 1237 2946 genus
1251 2878 1404 2946 sectantur,
1420 2878 1449 2929 et

243 2952 411 3011 hirudinum
438 2949 529 3008 instar
559 2969 716 3027 pauperum
745 2949 916 3028 sanguinem
943 2956 1098 3026 exangunt,
1130 2949 1292 3027 justissime
1318 2949 1448 3008 damnari

243 3031 435 3092 arbitramur:
468 3028 526 3089 Sed
546 3029 583 3087 de
603 3030 639 3088 iis
661 3029 799 3107 quicum
821 3049 874 3088 suo
896 3030 1048 3087 commodo
1070 3029 1165 3088 aliena
1189 3029 1275 3088 etiam
1298 3030 1447 3089 commoda

243 3112 405 3187 attendunt,
421 3111 471 3187 qui
484 3110 525 3170 ita
537 3110 692 3168 honestum
706 3130 824 3169 censum
838 3111 875 3168 ab
889 3109 925 3168 iis
939 3109 1077 3187 aquibus
1095 3110 1161 3187 jure
1176 3109 1255 3186 exigi
1275 3117 1371 3186 potest
1387 3110 1446 3169 exi·

245 3199 326 3269 gunt,
341 3199 375 3250 nt
388 3191 481 3267 parati
495 3189 553 3247 sint
564 3191 655 3265 gratis
666 3189 702 3248 de
714 3209 766 3248 suo
776 3209 917 3267 pauperes
928 3189 1090 3267 sublevare,
1102 3199 1131 3250 et
1141 3189 1236 3266 reipsa
1249 3189 1279 3246 id
1292 3199 1446 3267 praestant3

244 3271 293 3328 vel
307 3269 359 3347 qni
378 3269 473 3326 minus
488 3275 555 3326 sunt
575 3268 680 3344 idonei,
703 3267 765 3326 sive
786 3289 837 3346 per
850 3277 974 3345 aetatem,
990 3269 1052 3328 sive
1072 3290 1124 3347 per
1143 3268 1370 3345 incapacitatem,
1386 3271 1447 3329 siva

244 3369 295 3426 per
317 3348 374 3406 alia
395 3348 520 3424 negotia,
545 3348 698 3425 quominus
720 3347 776 3424 ipsi
797 3349 927 3425 pecnnia
952 3369 1011 3409 suaa
1032 3369 1087 3408 usu
1108 3367 1226 3406 censum
1240 3366 1325 3405 sunm
1339 3368 1443 3424 augere

243 3436 368 3504 queant;
391 3427 458 3485 Non
472 3425 507 3485 de
526 3426 700 3504 pauperibus
714 3436 743 3485 et
757 3428 865 3504 egenis,
881 3429 932 3505 qui
951 3429 982 3487 in
1006 3447 1076 3488 usus
1088 3426 1265 3485 necessarios
1279 3434 1309 3484 et
1322 3426 1442 3486 inevita-

242 3507 317 3568 biles
338 3507 490 3585 pecnniam
510 3506 636 3583 aliquam
656 3515 757 3566 mutuo
778 3516 903 3584 sumunt,
926 3510 963 3568 ab
982 3509 1041 3568 illis
1059 3507 1250 3566 enimusnras
1265 3505 1396 3584 stipulari
1416 3515 1444 3567 et

243 3588 361 3664 exigere
382 3587 521 3664 injustum
542 3587 713 3664 asserimus,
738 3587 796 3647 Sed
816 3588 853 3647 da
874 3589 938 3648 aliis
959 3589 1010 3667 qui
1027 3589 1058 3646 in
1079 3607 1110 3646 re
1130 3587 1211 3646 lauta
1225 3587 1382 3664 constituti,
1398 3587 1444 3647 vel

244 3667 346 3728 saltem
367 3665 513 3740 mediocri,
536 3667 687 3743 pecuniam
707 3676 883 3745 mutuantur,
898 3677 932 3728 nt
952 3689 1012 3727 rem
1027 3687 1108 3728 sunm
1129 3677 1263 3745 augeant,
1286 3668 1387 3746 etqui
1409 3687 1444 3727 ex

242 3748 372 3826 pecunia
394 3745 589 3824 negotiatione
611 3747 793 3807 commodum
815 3749 934 3826 aliquod
957 3758 987 3809 et
1009 3750 1122 3809 luorum
1144 3749 1291 3826 percipere
1315 3757 1443 3826 possunt.

243 3827 294 3887 Ab
307 3828 371 3888 istis
384 3846 501 3887 usuram
515 3827 641 3904 aliquam
654 3829 771 3906 exigere
784 3829 896 3888 licitum
911 3837 940 3888 et
951 3830 1062 3907 justrrm
1077 3849 1140 3889 esse
1154 3829 1360 3907 pertendimus.

241 3941 297 3990 Non
316 3958 410 3989 omnem
428 3956 483 3988 usu-
518 3967 519 3970 ,
544 3907 605 3966 XI.
627 3907 733 3983 Primo,
750 3909 824 3983 Quia
843 3909 925 3968 licuit
946 3908 999 3968 sub
1014 3910 1116 3968 Veteri
1136 3909 1323 3967 Testamento
1343 3927 1443 3967 usuras

271 4017 324 4048 run
342 4016 393 4048 esse
413 4001 482 4046 sslici-
503 4007 604 4064 capere
619 3987 655 4046 ab
670 3989 823 4064 extraneis,
837 3989 955 4047 Denter.
970 3988 1054 4048 xxiii.
1069 3993 1117 4065 20,
1132 3989 1213 4064 quod
1225 3988 1288 4047 fieri
1297 3989 1377 4066 juste
1387 4009 1442 4047 nou

270 4065 322 4105 ω’]
333 4062 456 4118 probatur.
502 4067 651 4145 potuisset,
667 4068 693 4127 si
706 4068 845 4128 haberent
859 4069 1044 4127 intrinsecam
1054 4067 1271 4146 turpitudinem,
1287 4088 1354 4126 narn
1368 4068 1443 4144 quod

241 4146 272 4205 in
286 4165 317 4204 se
331 4153 360 4205 et
374 4165 427 4204 sua
439 4155 541 4206 natura
555 4148 670 4222 malum,
686 4169 745 4207 non
758 4157 854 4226 potest
867 4148 930 4206 fieri
948 4148 1059 4208 licitum
1074 4149 1103 4206 in
1119 4148 1219 4207 ordine
1234 4148 1271 4206 ed
1285 4148 1377 4207 ullum
1392 4148 1439 4206 ob·

236 4229 357 4306 jectum.
399 4224 460 4283 Neo
474 4225 532 4286 dici
545 4235 648 4304 potest,
656 4228 714 4287 Vel
728 4227 852 4306 intelligi
866 4235 979 4288 tantum
993 4237 1103 4306 septem
1117 4227 1241 4306 populos
1255 4227 1441 4287 internecioni

240 4307 369 4382 devotos,
385 4304 504 4383 quiade
518 4307 669 4383 quibusvis
683 4307 853 4384 alienigenis
867 4308 964 4385 agitur
980 4308 1226 4368 contradistinctis
1240 4307 1385 4384 fratribus,
1401 4308 1438 4366 id.

238 4387 369 4463 Judaeis;
392 4405 459 4444 nam
472 4393 505 4445 ut
525 4387 568 4444 illi
589 4387 754 4447 facultatem
775 4387 921 4447 habebant
941 4387 1079 4466 exigendi
1100 4407 1204 4448 usuras
1226 4387 1381 4462 aJudaeis,
1404 4388 1441 4446 ita

238 4487 352 4544 aequnm
378 4474 439 4525 erat
464 4466 605 4525 Israelitis
629 4467 750 4527 eandem
773 4467 936 4526 libertatem
962 4468 1090 4544 concedi,
1116 4477 1149 4528 ut
1173 4469 1346 4527 commercio
1370 4467 1441 4525 inter

237 4555 383 4623 utrosque,
398 4546 477 4622 quod
491 4547 654 4622 aeqnalitata
677 4555 798 4621 constat,
813 4547 896 4607 locus
910 4547 1043 4624 daretur,
1066 4548 1123 4608 Vel
1141 4567 1205 4606 esse
1226 4546 1440 4625 permissionem

235 4633 347 4686 numm
361 4626 438 4702 lacti,
449 4645 508 4686 non
519 4626 604 4704 juris,
618 4645 677 4686 non
690 4635 723 4687 ut
737 4626 847 4705 aliquid
860 4627 981 4704 licitum,
997 4628 1049 4688 sed
1063 4637 1096 4688 ut
1109 4629 1206 4688 minus
1220 4628 1337 4703 malum,
1352 4625 1439 4684 instar
