<?xml version="1.0" encoding="UTF-8"?>
<!DOCTYPE html PUBLIC "-//W3C//DTD XHTML 1.0 Transitional//EN"
    "http://www.w3.org/TR/xhtml1/DTD/xhtml1-transitional.dtd">
<html xmlns="http://www.w3.org/1999/xhtml" xml:lang="en" lang="en">
 <head>
  <title>
</title>
<meta http-equiv="Content-Type" content="text/html;charset=utf-8" />
  <meta name='ocr-system' content='tesseract 3.04.00' />
  <meta name='ocr-capabilities' content='ocr_page ocr_carea ocr_par ocr_line ocrx_word'/>
</head>
<body>
  <div class='ocr_page' id='page_1' title='image "./francisciturret00pictgoog_0350.png"; bbox 0 0 3192 5206; ppageno 0'>
   <div class='ocr_carea' id='block_1_1' title="bbox 149 347 1355 430">
    <p class='ocr_par' dir='ltr' id='par_1_1' title="bbox 149 347 1355 430">
     <span class='ocr_line' id='line_1_1' title="bbox 149 347 1355 430; baseline 0.01 -24"><span class='ocrx_word' id='word_1_1' title='bbox 149 367 266 414; x_wconf 76' lang='lat' dir='ltr'>Qunsr.</span> <span class='ocrx_word' id='word_1_2' title='bbox 282 347 371 430; x_wconf 74' lang='lat' dir='ltr'>xvia]</span> <span class='ocrx_word' id='word_1_3' title='bbox 507 371 545 410; x_wconf 87' lang='lat' dir='ltr'>ns</span> <span class='ocrx_word' id='word_1_4' title='bbox 560 371 692 414; x_wconf 74' lang='lat' dir='ltr'>ransom</span> <span class='ocrx_word' id='word_1_5' title='bbox 708 377 745 416; x_wconf 83' lang='lat' dir='ltr'>nr</span> <span class='ocrx_word' id='word_1_6' title='bbox 760 376 853 418; x_wconf 75' lang='lat' dir='ltr'>srsru</span> <span class='ocrx_word' id='word_1_7' title='bbox 868 375 994 416; x_wconf 85' lang='lat' dir='ltr'>cnrnsrr.</span> <span class='ocrx_word' id='word_1_8' title='bbox 1297 363 1355 420; x_wconf 83' lang='lat'>319</span> 
     </span>
    </p>
   </div>
   <div class='ocr_carea' id='block_1_2' title="bbox 138 505 1361 4014">
    <p class='ocr_par' dir='ltr' id='par_1_2' title="bbox 145 505 1357 831">
     <span class='ocr_line' id='line_1_2' title="bbox 148 505 1356 594; baseline 0.012 -32"><span class='ocrx_word' id='word_1_9' title='bbox 148 505 243 565; x_wconf 90' lang='lat' dir='ltr'>ciatus</span> <span class='ocrx_word' id='word_1_10' title='bbox 258 505 417 584; x_wconf 85' lang='lat' dir='ltr'>designare,</span> <span class='ocrx_word' id='word_1_11' title='bbox 434 517 466 568; x_wconf 92' lang='lat' dir='ltr'>ut</span> <span class='ocrx_word' id='word_1_12' title='bbox 476 511 537 587; x_wconf 88' lang='lat' dir='ltr'>jam</span> <span class='ocrx_word' id='word_1_13' title='bbox 562 512 680 572; x_wconf 91' lang='lat' dir='ltr'>dictum.</span> <span class='ocrx_word' id='word_1_14' title='bbox 731 519 759 574; x_wconf 76' lang='grc'>2.</span> <span class='ocrx_word' id='word_1_15' title='bbox 783 517 855 576; x_wconf 84' lang='lat' dir='ltr'>Cum</span> <span class='ocrx_word' id='word_1_16' title='bbox 874 515 1011 592; x_wconf 76' lang='lat' dir='ltr'>Symbola,</span> <span class='ocrx_word' id='word_1_17' title='bbox 1034 533 1070 571; x_wconf 89' lang='lat' dir='ltr'>ne</span> <span class='ocrx_word' id='word_1_18' title='bbox 1091 515 1264 576; x_wconf 80' lang='lat' dir='ltr'><strong>reticeantur</strong></span> <span class='ocrx_word' id='word_1_19' title='bbox 1291 538 1356 594; x_wconf 86' lang='lat' dir='ltr'>gra·</span> 
     </span>
     <span class='ocr_line' id='line_1_3' title="bbox 146 585 1357 672; baseline 0.012 -30"><span class='ocrx_word' id='word_1_20' title='bbox 146 585 276 644; x_wconf 82' lang='lat' dir='ltr'>vissimae</span> <span class='ocrx_word' id='word_1_21' title='bbox 291 597 321 646; x_wconf 90' lang='lat' dir='ltr'>et</span> <span class='ocrx_word' id='word_1_22' title='bbox 334 587 485 665; x_wconf 83' lang='lat' dir='ltr'>praecipuuc</span> <span class='ocrx_word' id='word_1_23' title='bbox 513 593 661 667; x_wconf 81' lang='lat' dir='ltr'>passiones</span> <span class='ocrx_word' id='word_1_24' title='bbox 683 593 797 670; x_wconf 81' lang='lat' dir='ltr'>Christi,</span> <span class='ocrx_word' id='word_1_25' title='bbox 821 616 885 672; x_wconf 84' lang='lat' dir='ltr'>quac</span> <span class='ocrx_word' id='word_1_26' title='bbox 905 595 1099 666; x_wconf 67' lang='lat' dir='ltr'>reficerentur,</span> <span class='ocrx_word' id='word_1_27' title='bbox 1124 595 1180 652; x_wconf 88' lang='lat' dir='ltr'>nisi</span> <span class='ocrx_word' id='word_1_28' title='bbox 1201 596 1357 656; x_wconf 76' lang='lat' dir='ltr'>descensus</span> 
     </span>
     <span class='ocr_line' id='line_1_4' title="bbox 147 664 1356 752; baseline 0.01 -30"><span class='ocrx_word' id='word_1_29' title='bbox 147 664 258 724; x_wconf 81' lang='lat' dir='ltr'>Christi</span> <span class='ocrx_word' id='word_1_30' title='bbox 271 666 309 723; x_wconf 88' lang='lat' dir='ltr'>ad</span> <span class='ocrx_word' id='word_1_31' title='bbox 323 667 429 726; x_wconf 86' lang='lat' dir='ltr'>inferos</span> <span class='ocrx_word' id='word_1_32' title='bbox 444 669 653 748; x_wconf 83' lang='lat' dir='ltr'>intelligeretur</span> <span class='ocrx_word' id='word_1_33' title='bbox 666 673 702 731; x_wconf 94' lang='lat' dir='ltr'>de</span> <span class='ocrx_word' id='word_1_34' title='bbox 711 674 830 734; x_wconf 86' lang='lat' dir='ltr'>internis</span> <span class='ocrx_word' id='word_1_35' title='bbox 841 674 1023 752; x_wconf 83' lang='lat' dir='ltr'>passionibus</span> <span class='ocrx_word' id='word_1_36' title='bbox 1034 673 1122 730; x_wconf 89' lang='lat' dir='ltr'>animi</span> <span class='ocrx_word' id='word_1_37' title='bbox 1134 674 1240 733; x_wconf 88' lang='lat' dir='ltr'>Christi</span> <span class='ocrx_word' id='word_1_38' title='bbox 1251 697 1258 750; x_wconf 90' lang='lat'><strong>;</strong></span> <span class='ocrx_word' id='word_1_39' title='bbox 1282 677 1356 734; x_wconf 86' lang='lat' dir='ltr'>Nam</span> 
     </span>
     <span class='ocr_line' id='line_1_5' title="bbox 145 746 1315 831; baseline 0.011 -30"><span class='ocrx_word' id='word_1_40' title='bbox 145 746 344 822; x_wconf 76' lang='lat' dir='ltr'>praecedentes</span> <span class='ocrx_word' id='word_1_41' title='bbox 359 749 472 807; x_wconf 79' lang='lat' dir='ltr'>articuli</span> <span class='ocrx_word' id='word_1_42' title='bbox 485 750 643 827; x_wconf 91' lang='lat' dir='ltr'>loquuntur</span> <span class='ocrx_word' id='word_1_43' title='bbox 657 761 768 812; x_wconf 87' lang='lat' dir='ltr'>tantum</span> <span class='ocrx_word' id='word_1_44' title='bbox 785 755 821 813; x_wconf 93' lang='lat' dir='ltr'>de</span> <span class='ocrx_word' id='word_1_45' title='bbox 842 754 970 813; x_wconf 87' lang='lat' dir='ltr'>externis</span> <span class='ocrx_word' id='word_1_46' title='bbox 983 752 1166 830; x_wconf 79' lang='lat' dir='ltr'>passionibus</span> <span class='ocrx_word' id='word_1_47' title='bbox 1180 756 1315 831; x_wconf 85' lang='lat' dir='ltr'>corporis.</span> 
     </span>
    </p>

    <p class='ocr_par' dir='ltr' id='par_1_3' title="bbox 146 829 1357 912">
     <span class='ocr_line' id='line_1_6' title="bbox 146 829 1357 912; baseline 0.005 -26"><span class='ocrx_word' id='word_1_48' title='bbox 146 863 294 911; x_wconf 73' lang='lat' dir='ltr'>eonenuno</span> <span class='ocrx_word' id='word_1_49' title='bbox 337 867 396 912; x_wconf 63' lang='lat' dir='ltr'>dure</span> <span class='ocrx_word' id='word_1_50' title='bbox 457 829 547 889; x_wconf 85' lang='lat' dir='ltr'><strong>VIII.</strong></span> <span class='ocrx_word' id='word_1_51' title='bbox 565 831 595 890; x_wconf 86' lang='lat' dir='ltr'>Si</span> <span class='ocrx_word' id='word_1_52' title='bbox 610 842 762 908; x_wconf 74' lang='lat' dir='ltr'>quaeratur,</span> <span class='ocrx_word' id='word_1_53' title='bbox 779 843 846 893; x_wconf 89' lang='lat' dir='ltr'>utra</span> <span class='ocrx_word' id='word_1_54' title='bbox 860 855 897 892; x_wconf 87' lang='lat' dir='ltr'>ex</span> <span class='ocrx_word' id='word_1_55' title='bbox 912 833 1024 892; x_wconf 88' lang='lat' dir='ltr'>duabus</span> <span class='ocrx_word' id='word_1_56' title='bbox 1038 831 1102 892; x_wconf 87' lang='lat' dir='ltr'>istis</span> <span class='ocrx_word' id='word_1_57' title='bbox 1127 835 1276 892; x_wconf 85' lang='lat' dir='ltr'>sententiis</span> <span class='ocrx_word' id='word_1_58' title='bbox 1291 837 1357 894; x_wconf 87' lang='lat' dir='ltr'>reti·</span> 
     </span>
    </p>

    <p class='ocr_par' dir='ltr' id='par_1_4' title="bbox 179 908 1361 990">
     <span class='ocr_line' id='line_1_7' title="bbox 179 908 1361 990; baseline 0.006 -24"><span class='ocrx_word' id='word_1_59' title='bbox 179 937 234 968; x_wconf 79' lang='lat' dir='ltr'>mm</span> <span class='ocrx_word' id='word_1_60' title='bbox 264 927 396 969; x_wconf 74' lang='lat' dir='ltr'>sentenna-</span> <span class='ocrx_word' id='word_1_61' title='bbox 416 908 511 967; x_wconf 89' lang='lat' dir='ltr'>nenda</span> <span class='ocrx_word' id='word_1_62' title='bbox 519 909 575 969; x_wconf 80' lang='lat' dir='ltr'>sit?</span> <span class='ocrx_word' id='word_1_63' title='bbox 596 912 824 988; x_wconf 81' lang='lat' dir='ltr'>Respondemus,</span> <span class='ocrx_word' id='word_1_64' title='bbox 832 923 983 989; x_wconf 85' lang='lat' dir='ltr'>utrumque</span> <span class='ocrx_word' id='word_1_65' title='bbox 994 931 1078 989; x_wconf 90' lang='lat' dir='ltr'>posse</span> <span class='ocrx_word' id='word_1_66' title='bbox 1090 912 1211 987; x_wconf 87' lang='lat' dir='ltr'>admitti,</span> <span class='ocrx_word' id='word_1_67' title='bbox 1220 915 1361 990; x_wconf 88' lang='lat' dir='ltr'>etoptime</span> 
     </span>
    </p>

    <p class='ocr_par' dir='ltr' id='par_1_5' title="bbox 139 988 1360 2102">
     <span class='ocr_line' id='line_1_8' title="bbox 179 988 1360 1070; baseline 0.007 -25"><span class='ocrx_word' id='word_1_68' title='bbox 179 995 242 1026; x_wconf 65' lang='lat'>‘¹¹¹¹’-</span> <span class='ocrx_word' id='word_1_69' title='bbox 414 988 489 1047; x_wconf 89' lang='lat' dir='ltr'>inter</span> <span class='ocrx_word' id='word_1_70' title='bbox 503 1009 533 1048; x_wconf 88' lang='lat' dir='ltr'>se</span> <span class='ocrx_word' id='word_1_71' title='bbox 548 993 689 1068; x_wconf 85' lang='lat' dir='ltr'>componi,</span> <span class='ocrx_word' id='word_1_72' title='bbox 705 1003 738 1052; x_wconf 90' lang='grc' dir='ltr'>ιιι</span> <span class='ocrx_word' id='word_1_73' title='bbox 752 1013 802 1070; x_wconf 90' lang='lat' dir='ltr'>per</span> <span class='ocrx_word' id='word_1_74' title='bbox 817 994 987 1052; x_wconf 82' lang='lat' dir='ltr'>descensum</span> <span class='ocrx_word' id='word_1_75' title='bbox 1001 992 1038 1050; x_wconf 91' lang='lat' dir='ltr'>ad</span> <span class='ocrx_word' id='word_1_76' title='bbox 1060 991 1166 1050; x_wconf 86' lang='lat' dir='ltr'>inferos</span> <span class='ocrx_word' id='word_1_77' title='bbox 1180 993 1360 1070; x_wconf 86' lang='lat' dir='ltr'>intelligatur</span> 
     </span>
     <span class='ocr_line' id='line_1_9' title="bbox 144 1068 1355 1150; baseline 0.004 -25"><span class='ocrx_word' id='word_1_78' title='bbox 144 1075 295 1126; x_wconf 85' lang='lat' dir='ltr'>extremus</span> <span class='ocrx_word' id='word_1_79' title='bbox 322 1068 465 1142; x_wconf 87' lang='lat' dir='ltr'>passionis</span> <span class='ocrx_word' id='word_1_80' title='bbox 485 1077 514 1128; x_wconf 88' lang='lat' dir='ltr'>et</span> <span class='ocrx_word' id='word_1_81' title='bbox 534 1070 738 1130; x_wconf 84' lang='lat' dir='ltr'>exinanitionis</span> <span class='ocrx_word' id='word_1_82' title='bbox 761 1073 867 1132; x_wconf 87' lang='lat' dir='ltr'>Christi</span> <span class='ocrx_word' id='word_1_83' title='bbox 888 1072 1003 1150; x_wconf 57' lang='lat' dir='ltr'>gedue,</span> <span class='ocrx_word' id='word_1_84' title='bbox 1024 1080 1083 1130; x_wconf 89' lang='lat' dir='ltr'>tam</span> <span class='ocrx_word' id='word_1_85' title='bbox 1105 1072 1200 1148; x_wconf 87' lang='lat' dir='ltr'>quoad</span> <span class='ocrx_word' id='word_1_86' title='bbox 1221 1073 1355 1150; x_wconf 85' lang='lat' dir='ltr'>animam,</span> 
     </span>
     <span class='ocr_line' id='line_1_10' title="bbox 143 1146 1356 1229; baseline 0.007 -25"><span class='ocrx_word' id='word_1_87' title='bbox 143 1167 234 1224; x_wconf 88' lang='lat' dir='ltr'>quarn</span> <span class='ocrx_word' id='word_1_88' title='bbox 248 1146 344 1223; x_wconf 88' lang='lat' dir='ltr'>quoad</span> <span class='ocrx_word' id='word_1_89' title='bbox 365 1167 477 1225; x_wconf 82' lang='lat' dir='ltr'>corpus,</span> <span class='ocrx_word' id='word_1_90' title='bbox 500 1157 536 1222; x_wconf 74' lang='lat' dir='ltr'>et,</span> <span class='ocrx_word' id='word_1_91' title='bbox 559 1159 591 1210; x_wconf 91' lang='lat' dir='ltr'>ut</span> <span class='ocrx_word' id='word_1_92' title='bbox 616 1160 762 1211; x_wconf 85' lang='lat' dir='ltr'>extremus</span> <span class='ocrx_word' id='word_1_93' title='bbox 776 1152 882 1229; x_wconf 88' lang='lat' dir='ltr'>gradus</span> <span class='ocrx_word' id='word_1_94' title='bbox 903 1151 1110 1210; x_wconf 84' lang='lat' dir='ltr'>humiliationis</span> <span class='ocrx_word' id='word_1_95' title='bbox 1134 1151 1230 1227; x_wconf 88' lang='lat' dir='ltr'>quoad</span> <span class='ocrx_word' id='word_1_96' title='bbox 1252 1172 1356 1229; x_wconf 88' lang='lat' dir='ltr'>corpus</span> 
     </span>
     <span class='ocr_line' id='line_1_11' title="bbox 144 1227 1353 1307; baseline 0.007 -24"><span class='ocrx_word' id='word_1_97' title='bbox 144 1227 202 1285; x_wconf 93' lang='lat' dir='ltr'>fuit</span> <span class='ocrx_word' id='word_1_98' title='bbox 216 1227 343 1285; x_wconf 88' lang='lat' dir='ltr'>detentio</span> <span class='ocrx_word' id='word_1_99' title='bbox 368 1227 398 1284; x_wconf 91' lang='lat' dir='ltr'>in</span> <span class='ocrx_word' id='word_1_100' title='bbox 420 1229 580 1304; x_wconf 88' lang='lat' dir='ltr'>sepulchro,</span> <span class='ocrx_word' id='word_1_101' title='bbox 603 1230 644 1289; x_wconf 89' lang='lat' dir='ltr'>ita</span> <span class='ocrx_word' id='word_1_102' title='bbox 664 1232 761 1307; x_wconf 88' lang='lat' dir='ltr'>quoad</span> <span class='ocrx_word' id='word_1_103' title='bbox 781 1233 905 1289; x_wconf 90' lang='lat' dir='ltr'>animam</span> <span class='ocrx_word' id='word_1_104' title='bbox 930 1231 1045 1290; x_wconf 87' lang='lat' dir='ltr'>fuerunt</span> <span class='ocrx_word' id='word_1_105' title='bbox 1065 1230 1120 1288; x_wconf 90' lang='lat' dir='ltr'>diri</span> <span class='ocrx_word' id='word_1_106' title='bbox 1137 1231 1180 1287; x_wconf 90' lang='lat' dir='ltr'>illi</span> <span class='ocrx_word' id='word_1_107' title='bbox 1201 1232 1353 1306; x_wconf 88' lang='lat' dir='ltr'>cruciatus,</span> 
     </span>
     <span class='ocr_line' id='line_1_12' title="bbox 143 1306 1355 1388; baseline 0.003 -22"><span class='ocrx_word' id='word_1_108' title='bbox 143 1326 220 1384; x_wconf 89' lang='lat' dir='ltr'>quos</span> <span class='ocrx_word' id='word_1_109' title='bbox 234 1306 371 1382; x_wconf 90' lang='lat' dir='ltr'>pertulit:</span> <span class='ocrx_word' id='word_1_110' title='bbox 394 1307 493 1384; x_wconf 81' lang='lat' dir='ltr'>Atque</span> <span class='ocrx_word' id='word_1_111' title='bbox 507 1309 548 1368; x_wconf 86' lang='lat' dir='ltr'>ita</span> <span class='ocrx_word' id='word_1_112' title='bbox 562 1311 710 1386; x_wconf 88' lang='lat' dir='ltr'>appositus</span> <span class='ocrx_word' id='word_1_113' title='bbox 725 1311 779 1370; x_wconf 87' lang='lat' dir='ltr'>crit</span> <span class='ocrx_word' id='word_1_114' title='bbox 793 1311 911 1370; x_wconf 89' lang='lat' dir='ltr'>ultimus</span> <span class='ocrx_word' id='word_1_115' title='bbox 925 1311 974 1368; x_wconf 90' lang='lat' dir='ltr'>ille</span> <span class='ocrx_word' id='word_1_116' title='bbox 989 1310 1127 1368; x_wconf 85' lang='lat' dir='ltr'>articulus</span> <span class='ocrx_word' id='word_1_117' title='bbox 1141 1311 1178 1367; x_wconf 88' lang='lat' dir='ltr'>ad</span> <span class='ocrx_word' id='word_1_118' title='bbox 1193 1312 1355 1388; x_wconf 89' lang='lat' dir='ltr'>exprimen-</span> 
     </span>
     <span class='ocr_line' id='line_1_13' title="bbox 143 1386 1352 1468; baseline 0.005 -24"><span class='ocrx_word' id='word_1_119' title='bbox 143 1387 216 1445; x_wconf 88' lang='lat' dir='ltr'>dum</span> <span class='ocrx_word' id='word_1_120' title='bbox 231 1386 363 1444; x_wconf 89' lang='lat' dir='ltr'>ultimum</span> <span class='ocrx_word' id='word_1_121' title='bbox 379 1388 500 1464; x_wconf 87' lang='lat' dir='ltr'>gradum</span> <span class='ocrx_word' id='word_1_122' title='bbox 515 1389 719 1449; x_wconf 84' lang='lat' dir='ltr'>exinanitionis</span> <span class='ocrx_word' id='word_1_123' title='bbox 735 1390 849 1466; x_wconf 80' lang='lat' dir='ltr'>Christi,</span> <span class='ocrx_word' id='word_1_124' title='bbox 866 1391 927 1449; x_wconf 88' lang='lat' dir='ltr'>sive</span> <span class='ocrx_word' id='word_1_125' title='bbox 942 1390 1037 1466; x_wconf 87' lang='lat' dir='ltr'>quoad</span> <span class='ocrx_word' id='word_1_126' title='bbox 1052 1389 1238 1466; x_wconf 86' lang='lat' dir='ltr'>ignominiam</span> <span class='ocrx_word' id='word_1_127' title='bbox 1253 1411 1352 1468; x_wconf 91' lang='lat' dir='ltr'>corpo·</span> 
     </span>
     <span class='ocr_line' id='line_1_14' title="bbox 141 1465 1353 1547; baseline 0.004 -24"><span class='ocrx_word' id='word_1_128' title='bbox 141 1467 195 1540; x_wconf 82' lang='lat' dir='ltr'>ris,</span> <span class='ocrx_word' id='word_1_129' title='bbox 211 1466 273 1524; x_wconf 85' lang='lat' dir='ltr'>sive</span> <span class='ocrx_word' id='word_1_130' title='bbox 288 1465 383 1542; x_wconf 87' lang='lat' dir='ltr'>quoad</span> <span class='ocrx_word' id='word_1_131' title='bbox 397 1487 521 1543; x_wconf 85' lang='lat' dir='ltr'>angores</span> <span class='ocrx_word' id='word_1_132' title='bbox 535 1469 646 1527; x_wconf 78' lang='lat' dir='ltr'>animae.</span> <span class='ocrx_word' id='word_1_133' title='bbox 690 1471 750 1528; x_wconf 89' lang='lat' dir='ltr'>Nec</span> <span class='ocrx_word' id='word_1_134' title='bbox 764 1470 867 1528; x_wconf 89' lang='lat' dir='ltr'>mirum</span> <span class='ocrx_word' id='word_1_135' title='bbox 882 1469 975 1528; x_wconf 86' lang='lat' dir='ltr'>videri</span> <span class='ocrx_word' id='word_1_136' title='bbox 989 1470 1083 1544; x_wconf 87' lang='lat' dir='ltr'>debet,</span> <span class='ocrx_word' id='word_1_137' title='bbox 1099 1470 1124 1528; x_wconf 89' lang='lat' dir='ltr'>si</span> <span class='ocrx_word' id='word_1_138' title='bbox 1138 1470 1202 1527; x_wconf 87' lang='lat' dir='ltr'>duae</span> <span class='ocrx_word' id='word_1_139' title='bbox 1212 1470 1275 1528; x_wconf 84' lang='lat' dir='ltr'>istae</span> <span class='ocrx_word' id='word_1_140' title='bbox 1288 1492 1353 1547; x_wconf 90' lang='lat' dir='ltr'>par·</span> 
     </span>
     <span class='ocr_line' id='line_1_15' title="bbox 141 1545 1354 1626; baseline 0.005 -22"><span class='ocrx_word' id='word_1_141' title='bbox 141 1553 189 1604; x_wconf 89' lang='lat' dir='ltr'>tes</span> <span class='ocrx_word' id='word_1_142' title='bbox 211 1565 273 1603; x_wconf 88' lang='lat' dir='ltr'>ase</span> <span class='ocrx_word' id='word_1_143' title='bbox 288 1545 412 1604; x_wconf 91' lang='lat' dir='ltr'>invicem</span> <span class='ocrx_word' id='word_1_144' title='bbox 435 1547 557 1606; x_wconf 85' lang='lat' dir='ltr'>diversae</span> <span class='ocrx_word' id='word_1_145' title='bbox 578 1550 608 1606; x_wconf 89' lang='lat' dir='ltr'>iu</span> <span class='ocrx_word' id='word_1_146' title='bbox 628 1569 686 1607; x_wconf 89' lang='lat' dir='ltr'>uno</span> <span class='ocrx_word' id='word_1_147' title='bbox 711 1549 868 1626; x_wconf 89' lang='lat' dir='ltr'>eodemque</span> <span class='ocrx_word' id='word_1_148' title='bbox 889 1549 1010 1608; x_wconf 89' lang='lat' dir='ltr'>articulo</span> <span class='ocrx_word' id='word_1_149' title='bbox 1035 1551 1265 1626; x_wconf 75' lang='lat' dir='ltr'>couJungantur3</span> <span class='ocrx_word' id='word_1_150' title='bbox 1288 1571 1354 1610; x_wconf 90' lang='lat' dir='ltr'>curn</span> 
     </span>
     <span class='ocr_line' id='line_1_16' title="bbox 139 1625 1354 1705; baseline 0.004 -22"><span class='ocrx_word' id='word_1_151' title='bbox 139 1646 202 1684; x_wconf 93' lang='lat' dir='ltr'>non</span> <span class='ocrx_word' id='word_1_152' title='bbox 225 1625 373 1684; x_wconf 87' lang='lat' dir='ltr'>insolitum</span> <span class='ocrx_word' id='word_1_153' title='bbox 402 1626 489 1685; x_wconf 90' lang='lat' dir='ltr'>sitin</span> <span class='ocrx_word' id='word_1_154' title='bbox 511 1628 658 1705; x_wconf 87' lang='lat' dir='ltr'>Scriptura</span> <span class='ocrx_word' id='word_1_155' title='bbox 678 1629 794 1687; x_wconf 90' lang='lat' dir='ltr'>unicum</span> <span class='ocrx_word' id='word_1_156' title='bbox 816 1649 931 1687; x_wconf 88' lang='lat' dir='ltr'>sensum</span> <span class='ocrx_word' id='word_1_157' title='bbox 946 1628 1055 1685; x_wconf 90' lang='lat' dir='ltr'>variam</span> <span class='ocrx_word' id='word_1_158' title='bbox 1077 1629 1160 1702; x_wconf 69' lang='grc' dir='ltr'>σχέσιν</span> <span class='ocrx_word' id='word_1_159' title='bbox 1180 1628 1307 1704; x_wconf 83' lang='lat' dir='ltr'>induere,</span> <span class='ocrx_word' id='word_1_160' title='bbox 1324 1639 1354 1688; x_wconf 90' lang='lat' dir='ltr'>et</span> 
     </span>
     <span class='ocr_line' id='line_1_17' title="bbox 142 1705 1354 1785; baseline 0.005 -23"><span class='ocrx_word' id='word_1_161' title='bbox 142 1706 238 1764; x_wconf 88' lang='lat' dir='ltr'>multa</span> <span class='ocrx_word' id='word_1_162' title='bbox 252 1705 337 1764; x_wconf 87' lang='lat' dir='ltr'>sim&#39;ul</span> <span class='ocrx_word' id='word_1_163' title='bbox 352 1707 512 1783; x_wconf 84' lang='lat' dir='ltr'>complecti,</span> <span class='ocrx_word' id='word_1_164' title='bbox 528 1709 653 1766; x_wconf 86' lang='lat' dir='ltr'>maxime</span> <span class='ocrx_word' id='word_1_165' title='bbox 668 1727 756 1785; x_wconf 92' lang='lat' dir='ltr'>quum</span> <span class='ocrx_word' id='word_1_166' title='bbox 770 1727 816 1766; x_wconf 88' lang='lat' dir='ltr'>res</span> <span class='ocrx_word' id='word_1_167' title='bbox 832 1715 898 1767; x_wconf 90' lang='lat' dir='ltr'>sunt</span> <span class='ocrx_word' id='word_1_168' title='bbox 912 1708 968 1765; x_wconf 89' lang='lat' dir='ltr'>sibi</span> <span class='ocrx_word' id='word_1_169' title='bbox 982 1708 1106 1766; x_wconf 89' lang='lat' dir='ltr'>invicem</span> <span class='ocrx_word' id='word_1_170' title='bbox 1122 1706 1314 1767; x_wconf 73' lang='lat' dir='ltr'>subordinate</span> <span class='ocrx_word' id='word_1_171' title='bbox 1324 1718 1354 1768; x_wconf 89' lang='lat' dir='ltr'>et</span> 
     </span>
     <span class='ocr_line' id='line_1_18' title="bbox 141 1785 1351 1864; baseline 0.003 -22"><span class='ocrx_word' id='word_1_172' title='bbox 141 1785 221 1843; x_wconf 88' lang='lat' dir='ltr'>inter</span> <span class='ocrx_word' id='word_1_173' title='bbox 235 1805 265 1843; x_wconf 90' lang='lat' dir='ltr'>se</span> <span class='ocrx_word' id='word_1_174' title='bbox 281 1805 427 1845; x_wconf 84' lang='lat' dir='ltr'>connexae.</span> <span class='ocrx_word' id='word_1_175' title='bbox 481 1787 553 1844; x_wconf 89' lang='lat' dir='ltr'>Cum</span> <span class='ocrx_word' id='word_1_176' title='bbox 567 1807 636 1863; x_wconf 82' lang='lat' dir='ltr'>ergo</span> <span class='ocrx_word' id='word_1_177' title='bbox 650 1789 762 1864; x_wconf 89' lang='lat' dir='ltr'>phrasis</span> <span class='ocrx_word' id='word_1_178' title='bbox 784 1788 839 1845; x_wconf 87' lang='lat' dir='ltr'>ista</span> <span class='ocrx_word' id='word_1_179' title='bbox 859 1787 945 1845; x_wconf 90' lang='lat' dir='ltr'>modo</span> <span class='ocrx_word' id='word_1_180' title='bbox 960 1787 996 1844; x_wconf 88' lang='lat' dir='ltr'>ed</span> <span class='ocrx_word' id='word_1_181' title='bbox 1011 1787 1200 1864; x_wconf 86' lang='lat' dir='ltr'>abjectionem</span> <span class='ocrx_word' id='word_1_182' title='bbox 1216 1789 1351 1863; x_wconf 87' lang='lat' dir='ltr'>corporis,</span> 
     </span>
     <span class='ocr_line' id='line_1_19' title="bbox 140 1864 1352 1942; baseline 0.003 -20"><span class='ocrx_word' id='word_1_183' title='bbox 140 1865 231 1922; x_wconf 90' lang='lat' dir='ltr'>modo</span> <span class='ocrx_word' id='word_1_184' title='bbox 246 1864 283 1922; x_wconf 90' lang='lat' dir='ltr'>ad</span> <span class='ocrx_word' id='word_1_185' title='bbox 297 1865 411 1923; x_wconf 84' lang='lat' dir='ltr'>dolores</span> <span class='ocrx_word' id='word_1_186' title='bbox 425 1865 527 1924; x_wconf 81' lang='lat' dir='ltr'>animae</span> <span class='ocrx_word' id='word_1_187' title='bbox 541 1867 687 1942; x_wconf 82' lang='lat' dir='ltr'>reseratur,</span> <span class='ocrx_word' id='word_1_188' title='bbox 708 1877 738 1925; x_wconf 91' lang='lat' dir='ltr'>et</span> <span class='ocrx_word' id='word_1_189' title='bbox 751 1867 882 1925; x_wconf 86' lang='lat' dir='ltr'>Christus</span> <span class='ocrx_word' id='word_1_190' title='bbox 902 1877 1052 1942; x_wconf 88' lang='lat' dir='ltr'>utramque</span> <span class='ocrx_word' id='word_1_191' title='bbox 1075 1866 1266 1926; x_wconf 89' lang='lat' dir='ltr'>conditionem</span> <span class='ocrx_word' id='word_1_192' title='bbox 1289 1886 1352 1926; x_wconf 87' lang='lat' dir='ltr'>sus·</span> 
     </span>
     <span class='ocr_line' id='line_1_20' title="bbox 141 1945 1350 2023; baseline 0 -19"><span class='ocrx_word' id='word_1_193' title='bbox 141 1945 236 2004; x_wconf 88' lang='lat' dir='ltr'>tinere</span> <span class='ocrx_word' id='word_1_194' title='bbox 251 1945 401 2017; x_wconf 88' lang='lat' dir='ltr'>debuerit;</span> <span class='ocrx_word' id='word_1_195' title='bbox 423 1965 481 2002; x_wconf 90' lang='lat' dir='ltr'>non</span> <span class='ocrx_word' id='word_1_196' title='bbox 496 1946 548 2004; x_wconf 90' lang='lat' dir='ltr'>abs</span> <span class='ocrx_word' id='word_1_197' title='bbox 562 1967 601 2020; x_wconf 88' lang='lat' dir='ltr'>re,</span> <span class='ocrx_word' id='word_1_198' title='bbox 618 1947 740 2005; x_wconf 86' lang='lat' dir='ltr'>Veteres</span> <span class='ocrx_word' id='word_1_199' title='bbox 750 1947 827 2004; x_wconf 90' lang='lat' dir='ltr'>hunc</span> <span class='ocrx_word' id='word_1_200' title='bbox 841 1947 993 2005; x_wconf 89' lang='lat' dir='ltr'>articulum</span> <span class='ocrx_word' id='word_1_201' title='bbox 1004 1946 1177 2004; x_wconf 89' lang='lat' dir='ltr'>addiderunt</span> <span class='ocrx_word' id='word_1_202' title='bbox 1187 1946 1350 2023; x_wconf 71' lang='lat' dir='ltr'>praeceden-</span> 
     </span>
     <span class='ocr_line' id='line_1_21' title="bbox 140 2023 1029 2102; baseline -0.001 -19"><span class='ocrx_word' id='word_1_203' title='bbox 140 2023 223 2084; x_wconf 87' lang='lat' dir='ltr'>tibus</span> <span class='ocrx_word' id='word_1_204' title='bbox 238 2024 366 2084; x_wconf 88' lang='lat' dir='ltr'>adhunc</span> <span class='ocrx_word' id='word_1_205' title='bbox 381 2024 488 2082; x_wconf 80' lang='lat' dir='ltr'>Christi</span> <span class='ocrx_word' id='word_1_206' title='bbox 503 2033 608 2083; x_wconf 86' lang='lat' dir='ltr'>statum</span> <span class='ocrx_word' id='word_1_207' title='bbox 623 2026 786 2085; x_wconf 89' lang='lat' dir='ltr'>distinctius</span> <span class='ocrx_word' id='word_1_208' title='bbox 801 2025 1029 2102; x_wconf 89' lang='lat' dir='ltr'>exprimendum.</span> 
     </span>
    </p>

    <p class='ocr_par' dir='ltr' id='par_1_6' title="bbox 141 2104 1352 2821">
     <span class='ocr_line' id='line_1_22' title="bbox 447 2104 1350 2164; baseline 0.003 -3"><span class='ocrx_word' id='word_1_209' title='bbox 447 2104 507 2162; x_wconf 89' lang='lat' dir='ltr'>IX.</span> <span class='ocrx_word' id='word_1_210' title='bbox 530 2105 671 2164; x_wconf 86' lang='lat' dir='ltr'>Constans</span> <span class='ocrx_word' id='word_1_211' title='bbox 696 2113 725 2164; x_wconf 90' lang='lat' dir='ltr'>et</span> <span class='ocrx_word' id='word_1_212' title='bbox 745 2105 955 2164; x_wconf 88' lang='lat' dir='ltr'>indissolubilis</span> <span class='ocrx_word' id='word_1_213' title='bbox 981 2113 1091 2164; x_wconf 86' lang='lat' dir='ltr'>naturae</span> <span class='ocrx_word' id='word_1_214' title='bbox 1118 2105 1251 2162; x_wconf 81' lang='lat' dir='ltr'>hnmanae</span> <span class='ocrx_word' id='word_1_215' title='bbox 1284 2125 1350 2164; x_wconf 90' lang='lat' dir='ltr'>cum</span> 
     </span>
     <span class='ocr_line' id='line_1_23' title="bbox 406 2183 1348 2262; baseline 0.001 -20"><span class='ocrx_word' id='word_1_216' title='bbox 406 2183 505 2242; x_wconf 88' lang='lat' dir='ltr'>divina</span> <span class='ocrx_word' id='word_1_217' title='bbox 520 2185 588 2244; x_wconf 89' lang='lat' dir='ltr'>unio</span> <span class='ocrx_word' id='word_1_218' title='bbox 602 2186 633 2243; x_wconf 89' lang='lat' dir='ltr'>in</span> <span class='ocrx_word' id='word_1_219' title='bbox 648 2185 771 2260; x_wconf 87' lang='lat' dir='ltr'>Christo,</span> <span class='ocrx_word' id='word_1_220' title='bbox 794 2185 860 2243; x_wconf 91' lang='lat' dir='ltr'>Non</span> <span class='ocrx_word' id='word_1_221' title='bbox 874 2185 1002 2262; x_wconf 81' lang='lat' dir='ltr'>impedit,</span> <span class='ocrx_word' id='word_1_222' title='bbox 1025 2185 1177 2260; x_wconf 90' lang='lat' dir='ltr'>quominus</span> <span class='ocrx_word' id='word_1_223' title='bbox 1191 2185 1251 2261; x_wconf 89' lang='lat' dir='ltr'>pati</span> <span class='ocrx_word' id='word_1_224' title='bbox 1265 2194 1348 2261; x_wconf 90' lang='lat' dir='ltr'>potu·</span> 
     </span>
     <span class='ocr_line' id='line_1_24' title="bbox 407 2263 1351 2342; baseline 0.001 -20"><span class='ocrx_word' id='word_1_225' title='bbox 407 2264 461 2322; x_wconf 91' lang='lat' dir='ltr'>erit</span> <span class='ocrx_word' id='word_1_226' title='bbox 476 2265 548 2323; x_wconf 91' lang='lat' dir='ltr'>etin</span> <span class='ocrx_word' id='word_1_227' title='bbox 562 2265 658 2324; x_wconf 87' lang='lat' dir='ltr'>anima</span> <span class='ocrx_word' id='word_1_228' title='bbox 671 2273 700 2324; x_wconf 93' lang='lat' dir='ltr'>et</span> <span class='ocrx_word' id='word_1_229' title='bbox 720 2266 750 2322; x_wconf 92' lang='lat' dir='ltr'>in</span> <span class='ocrx_word' id='word_1_230' title='bbox 765 2285 882 2341; x_wconf 88' lang='lat' dir='ltr'>corpore</span> <span class='ocrx_word' id='word_1_231' title='bbox 897 2283 997 2342; x_wconf 87' lang='lat' dir='ltr'>poenas</span> <span class='ocrx_word' id='word_1_232' title='bbox 1010 2264 1094 2322; x_wconf 87' lang='lat' dir='ltr'>nobis</span> <span class='ocrx_word' id='word_1_233' title='bbox 1119 2263 1240 2323; x_wconf 87' lang='lat' dir='ltr'>debitas.</span> <span class='ocrx_word' id='word_1_234' title='bbox 1272 2265 1351 2323; x_wconf 88' lang='lat' dir='ltr'>Unio</span> 
     </span>
     <span class='ocr_line' id='line_1_25' title="bbox 141 2343 1350 2422; baseline -0.002 -18"><span class='ocrx_word' id='word_1_235' title='bbox 141 2364 210 2404; x_wconf 91' lang='lat' dir='ltr'>cum</span> <span class='ocrx_word' id='word_1_236' title='bbox 220 2343 319 2402; x_wconf 89' lang='lat' dir='ltr'>Verbo</span> <span class='ocrx_word' id='word_1_237' title='bbox 334 2343 402 2402; x_wconf 86' lang='lat' dir='ltr'>lacit</span> <span class='ocrx_word' id='word_1_238' title='bbox 416 2343 532 2419; x_wconf 88' lang='lat' dir='ltr'>quidem</span> <span class='ocrx_word' id='word_1_239' title='bbox 546 2352 578 2403; x_wconf 92' lang='lat' dir='ltr'>ut</span> <span class='ocrx_word' id='word_1_240' title='bbox 593 2345 631 2403; x_wconf 93' lang='lat' dir='ltr'>sit</span> <span class='ocrx_word' id='word_1_241' title='bbox 645 2365 757 2422; x_wconf 90' lang='lat' dir='ltr'>semper</span> <span class='ocrx_word' id='word_1_242' title='bbox 768 2354 875 2419; x_wconf 86' lang='lat' dir='ltr'>sancta,</span> <span class='ocrx_word' id='word_1_243' title='bbox 888 2353 918 2402; x_wconf 89' lang='lat' dir='ltr'>et</span> <span class='ocrx_word' id='word_1_244' title='bbox 931 2345 1024 2402; x_wconf 89' lang='lat' dir='ltr'>omnis</span> <span class='ocrx_word' id='word_1_245' title='bbox 1038 2344 1149 2421; x_wconf 88' lang='lat' dir='ltr'>peccati</span> <span class='ocrx_word' id='word_1_246' title='bbox 1160 2364 1263 2421; x_wconf 89' lang='lat' dir='ltr'>expers</span> <span class='ocrx_word' id='word_1_247' title='bbox 1275 2365 1282 2418; x_wconf 91' lang='lat'>;</span> <span class='ocrx_word' id='word_1_248' title='bbox 1299 2344 1350 2402; x_wconf 88' lang='lat' dir='ltr'>sed</span> 
     </span>
     <span class='ocr_line' id='line_1_26' title="bbox 141 2423 1352 2502; baseline 0 -20"><span class='ocrx_word' id='word_1_249' title='bbox 141 2443 204 2482; x_wconf 88' lang='lat' dir='ltr'>non</span> <span class='ocrx_word' id='word_1_250' title='bbox 225 2431 258 2481; x_wconf 91' lang='lat' dir='ltr'>ut</span> <span class='ocrx_word' id='word_1_251' title='bbox 282 2424 367 2481; x_wconf 87' lang='lat' dir='ltr'>fuerit</span> <span class='ocrx_word' id='word_1_252' title='bbox 386 2443 498 2499; x_wconf 89' lang='lat' dir='ltr'>semper</span> <span class='ocrx_word' id='word_1_253' title='bbox 512 2424 596 2482; x_wconf 88' lang='lat' dir='ltr'>beata</span> <span class='ocrx_word' id='word_1_254' title='bbox 610 2433 640 2483; x_wconf 91' lang='lat' dir='ltr'>et</span> <span class='ocrx_word' id='word_1_255' title='bbox 654 2426 788 2502; x_wconf 78' lang='lat' dir='ltr'>gloriosa,</span> <span class='ocrx_word' id='word_1_256' title='bbox 804 2423 1036 2501; x_wconf 88' lang='lat' dir='ltr'>quandoquidem</span> <span class='ocrx_word' id='word_1_257' title='bbox 1050 2431 1202 2500; x_wconf 87' lang='lat' dir='ltr'>propterea</span> <span class='ocrx_word' id='word_1_258' title='bbox 1214 2423 1352 2482; x_wconf 87' lang='lat' dir='ltr'>veniebat</span> 
     </span>
     <span class='ocr_line' id='line_1_27' title="bbox 141 2503 1350 2584; baseline -0.002 -21"><span class='ocrx_word' id='word_1_259' title='bbox 141 2513 176 2563; x_wconf 90' lang='lat' dir='ltr'>ut</span> <span class='ocrx_word' id='word_1_260' title='bbox 198 2509 351 2580; x_wconf 83' lang='lat' dir='ltr'>pateretur.</span> <span class='ocrx_word' id='word_1_261' title='bbox 395 2503 508 2562; x_wconf 90' lang='lat' dir='ltr'>Habuit</span> <span class='ocrx_word' id='word_1_262' title='bbox 536 2504 667 2563; x_wconf 86' lang='lat' dir='ltr'>Christus</span> <span class='ocrx_word' id='word_1_263' title='bbox 692 2524 805 2580; x_wconf 90' lang='lat' dir='ltr'>semper</span> <span class='ocrx_word' id='word_1_264' title='bbox 823 2505 946 2580; x_wconf 67' lang='lat' dir='ltr'>gloriam</span> <span class='ocrx_word' id='word_1_265' title='bbox 963 2523 1102 2580; x_wconf 68' lang='lat' dir='ltr'>personae,</span> <span class='ocrx_word' id='word_1_266' title='bbox 1128 2511 1159 2561; x_wconf 91' lang='lat' dir='ltr'>ut</span> <span class='ocrx_word' id='word_1_267' title='bbox 1181 2503 1350 2584; x_wconf 53' lang='lat' dir='ltr'>&amp;Artenam</span> 
     </span>
     <span class='ocr_line' id='line_1_28' title="bbox 142 2581 1351 2660; baseline -0.002 -18"><span class='ocrx_word' id='word_1_268' title='bbox 142 2583 197 2642; x_wconf 88' lang='lat' dir='ltr'>sed</span> <span class='ocrx_word' id='word_1_269' title='bbox 221 2602 279 2640; x_wconf 90' lang='lat' dir='ltr'>non</span> <span class='ocrx_word' id='word_1_270' title='bbox 304 2602 416 2658; x_wconf 87' lang='lat' dir='ltr'>semper</span> <span class='ocrx_word' id='word_1_271' title='bbox 437 2581 537 2640; x_wconf 88' lang='lat' dir='ltr'>debuit</span> <span class='ocrx_word' id='word_1_272' title='bbox 554 2584 660 2642; x_wconf 88' lang='lat' dir='ltr'>habere</span> <span class='ocrx_word' id='word_1_273' title='bbox 683 2585 806 2660; x_wconf 71' lang='lat' dir='ltr'>pluriam</span> <span class='ocrx_word' id='word_1_274' title='bbox 828 2593 940 2642; x_wconf 80' lang='lat' dir='ltr'>caturca</span> <span class='ocrx_word' id='word_1_275' title='bbox 963 2586 1099 2657; x_wconf 71' lang='lat' dir='ltr'>humana,</span> <span class='ocrx_word' id='word_1_276' title='bbox 1124 2603 1210 2659; x_wconf 91' lang='lat' dir='ltr'>quam</span> <span class='ocrx_word' id='word_1_277' title='bbox 1235 2583 1351 2641; x_wconf 89' lang='lat' dir='ltr'>demum</span> 
     </span>
     <span class='ocr_line' id='line_1_29' title="bbox 141 2661 1349 2742; baseline -0.002 -20"><span class='ocrx_word' id='word_1_278' title='bbox 141 2671 209 2742; x_wconf 89' lang='lat' dir='ltr'>post</span> <span class='ocrx_word' id='word_1_279' title='bbox 234 2661 469 2721; x_wconf 87' lang='lat' dir='ltr'>resurrectionem</span> <span class='ocrx_word' id='word_1_280' title='bbox 499 2671 704 2722; x_wconf 88' lang='lat' dir='ltr'>consecuturus</span> <span class='ocrx_word' id='word_1_281' title='bbox 729 2672 798 2738; x_wconf 86' lang='lat' dir='ltr'>erat,</span> <span class='ocrx_word' id='word_1_282' title='bbox 822 2664 890 2739; x_wconf 90' lang='lat' dir='ltr'>quia</span> <span class='ocrx_word' id='word_1_283' title='bbox 911 2663 1012 2722; x_wconf 90' lang='lat' dir='ltr'>debuit</span> <span class='ocrx_word' id='word_1_284' title='bbox 1035 2663 1139 2722; x_wconf 89' lang='lat' dir='ltr'>tentari</span> <span class='ocrx_word' id='word_1_285' title='bbox 1162 2663 1191 2718; x_wconf 93' lang='lat' dir='ltr'>in</span> <span class='ocrx_word' id='word_1_286' title='bbox 1215 2663 1349 2720; x_wconf 86' lang='lat' dir='ltr'>omnibus</span> 
     </span>
     <span class='ocr_line' id='line_1_30' title="bbox 141 2741 1052 2821; baseline -0.003 -19"><span class='ocrx_word' id='word_1_287' title='bbox 141 2743 250 2821; x_wconf 88' lang='lat' dir='ltr'>pariter</span> <span class='ocrx_word' id='word_1_288' title='bbox 264 2741 415 2800; x_wconf 87' lang='lat' dir='ltr'>nobiscum</span> <span class='ocrx_word' id='word_1_289' title='bbox 429 2749 458 2799; x_wconf 92' lang='lat' dir='ltr'>et</span> <span class='ocrx_word' id='word_1_290' title='bbox 472 2741 533 2800; x_wconf 92' lang='lat' dir='ltr'>fieri</span> <span class='ocrx_word' id='word_1_291' title='bbox 548 2743 712 2802; x_wconf 89' lang='lat' dir='ltr'>maledictio</span> <span class='ocrx_word' id='word_1_292' title='bbox 727 2744 765 2801; x_wconf 92' lang='lat' dir='ltr'>ad</span> <span class='ocrx_word' id='word_1_293' title='bbox 779 2743 901 2801; x_wconf 87' lang='lat' dir='ltr'>salutem</span> <span class='ocrx_word' id='word_1_294' title='bbox 915 2749 1052 2800; x_wconf 90' lang='lat' dir='ltr'>nostram.</span> 
     </span>
    </p>

    <p class='ocr_par' dir='ltr' id='par_1_7' title="bbox 139 2821 1349 3456">
     <span class='ocr_line' id='line_1_31' title="bbox 184 2821 1344 2899; baseline -0.003 -19"><span class='ocrx_word' id='word_1_295' title='bbox 184 2823 227 2881; x_wconf 91' lang='lat' dir='ltr'>X.</span> <span class='ocrx_word' id='word_1_296' title='bbox 250 2823 292 2881; x_wconf 90' lang='lat' dir='ltr'>Ut</span> <span class='ocrx_word' id='word_1_297' title='bbox 312 2823 462 2879; x_wconf 73' lang='lat' dir='ltr'>damnante</span> <span class='ocrx_word' id='word_1_298' title='bbox 477 2823 590 2899; x_wconf 89' lang='lat' dir='ltr'>proprie</span> <span class='ocrx_word' id='word_1_299' title='bbox 613 2823 638 2879; x_wconf 91' lang='lat' dir='ltr'>is</span> <span class='ocrx_word' id='word_1_300' title='bbox 653 2823 765 2895; x_wconf 87' lang='lat' dir='ltr'>dicitur,</span> <span class='ocrx_word' id='word_1_301' title='bbox 782 2822 876 2899; x_wconf 82' lang='lat' dir='ltr'>quim</span> <span class='ocrx_word' id='word_1_302' title='bbox 892 2823 1003 2880; x_wconf 89' lang='lat' dir='ltr'>inferno</span> <span class='ocrx_word' id='word_1_303' title='bbox 1019 2821 1141 2879; x_wconf 88' lang='lat' dir='ltr'>sustinet</span> <span class='ocrx_word' id='word_1_304' title='bbox 1150 2840 1264 2895; x_wconf 72' lang='lat' dir='ltr'>paenam</span> <span class='ocrx_word' id='word_1_305' title='bbox 1279 2840 1344 2896; x_wconf 89' lang='lat' dir='ltr'>pcc·</span> 
     </span>
     <span class='ocr_line' id='line_1_32' title="bbox 140 2899 1346 2978; baseline -0.003 -17"><span class='ocrx_word' id='word_1_306' title='bbox 140 2902 214 2961; x_wconf 89' lang='lat' dir='ltr'>catis</span> <span class='ocrx_word' id='word_1_307' title='bbox 229 2902 289 2960; x_wconf 75' lang='lat' dir='ltr'>suIs</span> <span class='ocrx_word' id='word_1_308' title='bbox 314 2900 457 2976; x_wconf 88' lang='lat' dir='ltr'>debitam;</span> <span class='ocrx_word' id='word_1_309' title='bbox 481 2902 546 2959; x_wconf 94' lang='lat' dir='ltr'>Non</span> <span class='ocrx_word' id='word_1_310' title='bbox 561 2911 655 2978; x_wconf 88' lang='lat' dir='ltr'>potest</span> <span class='ocrx_word' id='word_1_311' title='bbox 675 2922 781 2960; x_wconf 91' lang='lat' dir='ltr'>nomen</span> <span class='ocrx_word' id='word_1_312' title='bbox 801 2903 856 2959; x_wconf 88' lang='lat' dir='ltr'>hoc</span> <span class='ocrx_word' id='word_1_313' title='bbox 879 2901 994 2960; x_wconf 87' lang='lat' dir='ltr'>Christo</span> <span class='ocrx_word' id='word_1_314' title='bbox 1019 2900 1114 2974; x_wconf 88' lang='lat' dir='ltr'>tribui,</span> <span class='ocrx_word' id='word_1_315' title='bbox 1137 2899 1188 2974; x_wconf 89' lang='lat' dir='ltr'>qui</span> <span class='ocrx_word' id='word_1_316' title='bbox 1211 2919 1269 2957; x_wconf 90' lang='lat' dir='ltr'>non</span> <span class='ocrx_word' id='word_1_317' title='bbox 1293 2919 1346 2975; x_wconf 92' lang='lat' dir='ltr'>pro</span> 
     </span>
     <span class='ocr_line' id='line_1_33' title="bbox 141 2978 1349 3058; baseline -0.002 -19"><span class='ocrx_word' id='word_1_318' title='bbox 141 2982 202 3040; x_wconf 83' lang='lat' dir='ltr'>suis</span> <span class='ocrx_word' id='word_1_319' title='bbox 217 3000 343 3057; x_wconf 89' lang='lat' dir='ltr'>unquam</span> <span class='ocrx_word' id='word_1_320' title='bbox 368 2980 420 3038; x_wconf 89' lang='lat' dir='ltr'>sed</span> <span class='ocrx_word' id='word_1_321' title='bbox 433 3001 485 3058; x_wconf 93' lang='lat' dir='ltr'>pro</span> <span class='ocrx_word' id='word_1_322' title='bbox 504 2982 610 3040; x_wconf 91' lang='lat' dir='ltr'>nostris</span> <span class='ocrx_word' id='word_1_323' title='bbox 623 2983 750 3058; x_wconf 87' lang='lat' dir='ltr'>peccatis</span> <span class='ocrx_word' id='word_1_324' title='bbox 771 3000 873 3058; x_wconf 89' lang='lat' dir='ltr'>passus</span> <span class='ocrx_word' id='word_1_325' title='bbox 898 2989 950 3055; x_wconf 83' lang='lat' dir='ltr'>est,</span> <span class='ocrx_word' id='word_1_326' title='bbox 966 3000 1019 3038; x_wconf 89' lang='lat' dir='ltr'>nec</span> <span class='ocrx_word' id='word_1_327' title='bbox 1044 2980 1073 3037; x_wconf 94' lang='lat' dir='ltr'>in</span> <span class='ocrx_word' id='word_1_328' title='bbox 1098 2978 1217 3051; x_wconf 76' lang='lat' dir='ltr'>inferno,</span> <span class='ocrx_word' id='word_1_329' title='bbox 1243 2979 1294 3036; x_wconf 88' lang='lat' dir='ltr'>sed</span> <span class='ocrx_word' id='word_1_330' title='bbox 1318 2979 1349 3036; x_wconf 93' lang='lat' dir='ltr'>in</span> 
     </span>
     <span class='ocr_line' id='line_1_34' title="bbox 139 3057 1347 3133; baseline -0.002 -14"><span class='ocrx_word' id='word_1_331' title='bbox 139 3069 226 3120; x_wconf 90' lang='lat' dir='ltr'>terra.</span> <span class='ocrx_word' id='word_1_332' title='bbox 270 3059 350 3118; x_wconf 91' lang='lat' dir='ltr'>Nihil</span> <span class='ocrx_word' id='word_1_333' title='bbox 365 3060 460 3118; x_wconf 87' lang='lat' dir='ltr'>obstat</span> <span class='ocrx_word' id='word_1_334' title='bbox 474 3068 570 3119; x_wconf 88' lang='lat' dir='ltr'>tamen</span> <span class='ocrx_word' id='word_1_335' title='bbox 584 3060 641 3118; x_wconf 92' lang='lat' dir='ltr'>dici</span> <span class='ocrx_word' id='word_1_336' title='bbox 657 3061 764 3119; x_wconf 86' lang='lat' dir='ltr'>Filium</span> <span class='ocrx_word' id='word_1_337' title='bbox 780 3059 836 3117; x_wconf 87' lang='lat' dir='ltr'>Dei</span> <span class='ocrx_word' id='word_1_338' title='bbox 851 3059 1071 3118; x_wconf 88' lang='lat' dir='ltr'>condemnatum</span> <span class='ocrx_word' id='word_1_339' title='bbox 1085 3076 1137 3133; x_wconf 91' lang='lat' dir='ltr'>pro</span> <span class='ocrx_word' id='word_1_340' title='bbox 1152 3057 1236 3115; x_wconf 88' lang='lat' dir='ltr'>nobis</span> <span class='ocrx_word' id='word_1_341' title='bbox 1250 3077 1267 3113; x_wconf 91' lang='lat' dir='ltr'>a</span> <span class='ocrx_word' id='word_1_342' title='bbox 1283 3057 1347 3116; x_wconf 91' lang='lat' dir='ltr'>Deo</span> 
     </span>
     <span class='ocr_line' id='line_1_35' title="bbox 140 3136 1346 3219; baseline -0.002 -22"><span class='ocrx_word' id='word_1_343' title='bbox 140 3141 238 3214; x_wconf 86' lang='lat' dir='ltr'>fuisse,</span> <span class='ocrx_word' id='word_1_344' title='bbox 251 3139 493 3217; x_wconf 88' lang='lat' dir='ltr'>quemadmodum</span> <span class='ocrx_word' id='word_1_345' title='bbox 507 3139 578 3197; x_wconf 88' lang='lat' dir='ltr'>alibi</span> <span class='ocrx_word' id='word_1_346' title='bbox 599 3140 704 3197; x_wconf 90' lang='lat' dir='ltr'>dicitur</span> <span class='ocrx_word' id='word_1_347' title='bbox 725 3139 818 3196; x_wconf 85' lang='lat' dir='ltr'>Iactus</span> <span class='ocrx_word' id='word_1_348' title='bbox 832 3139 934 3219; x_wconf 62' lang='grc' dir='ltr'>κατοίςα</span> <span class='ocrx_word' id='word_1_349' title='bbox 949 3147 978 3197; x_wconf 93' lang='lat' dir='ltr'>ct</span> <span class='ocrx_word' id='word_1_350' title='bbox 999 3136 1163 3195; x_wconf 90' lang='lat' dir='ltr'>maledictio</span> <span class='ocrx_word' id='word_1_351' title='bbox 1177 3156 1228 3213; x_wconf 87' lang='lat' dir='ltr'>pro</span> <span class='ocrx_word' id='word_1_352' title='bbox 1251 3137 1346 3195; x_wconf 88' lang='lat' dir='ltr'>nobis.</span> 
     </span>
     <span class='ocr_line' id='line_1_36' title="bbox 141 3215 1348 3296; baseline -0.004 -17"><span class='ocrx_word' id='word_1_353' title='bbox 141 3221 204 3279; x_wconf 89' lang='lat' dir='ltr'>Nec</span> <span class='ocrx_word' id='word_1_354' title='bbox 229 3219 322 3296; x_wconf 89' lang='lat' dir='ltr'>magis</span> <span class='ocrx_word' id='word_1_355' title='bbox 350 3219 506 3278; x_wconf 85' lang='lat' dir='ltr'>absurdum</span> <span class='ocrx_word' id='word_1_356' title='bbox 530 3227 574 3278; x_wconf 91' lang='lat' dir='ltr'>est</span> <span class='ocrx_word' id='word_1_357' title='bbox 599 3218 694 3276; x_wconf 88' lang='lat' dir='ltr'>dicere</span> <span class='ocrx_word' id='word_1_358' title='bbox 723 3219 867 3276; x_wconf 89' lang='lat' dir='ltr'>Christum</span> <span class='ocrx_word' id='word_1_359' title='bbox 896 3218 1118 3296; x_wconf 86' lang='lat' dir='ltr'>condemnatum</span> <span class='ocrx_word' id='word_1_360' title='bbox 1145 3215 1233 3274; x_wconf 87' lang='lat' dir='ltr'>fuisse</span> <span class='ocrx_word' id='word_1_361' title='bbox 1261 3236 1348 3292; x_wconf 90' lang='lat' dir='ltr'>quam</span> 
     </span>
     <span class='ocr_line' id='line_1_37' title="bbox 142 3295 1348 3378; baseline -0.002 -21"><span class='ocrx_word' id='word_1_362' title='bbox 142 3299 300 3378; x_wconf 86' lang='lat' dir='ltr'>Dominum</span> <span class='ocrx_word' id='word_1_363' title='bbox 315 3299 414 3376; x_wconf 83' lang='lat' dir='ltr'>gloriae</span> <span class='ocrx_word' id='word_1_364' title='bbox 433 3319 549 3376; x_wconf 87' lang='lat' dir='ltr'>passum</span> <span class='ocrx_word' id='word_1_365' title='bbox 564 3307 593 3357; x_wconf 91' lang='lat' dir='ltr'>ct</span> <span class='ocrx_word' id='word_1_366' title='bbox 607 3298 775 3357; x_wconf 89' lang='lat' dir='ltr'>crucifixum</span> <span class='ocrx_word' id='word_1_367' title='bbox 797 3297 893 3371; x_wconf 82' lang='lat' dir='ltr'>luisse,</span> <span class='ocrx_word' id='word_1_368' title='bbox 909 3305 939 3356; x_wconf 90' lang='lat' dir='ltr'>ct</span> <span class='ocrx_word' id='word_1_369' title='bbox 962 3304 1078 3375; x_wconf 89' lang='lat' dir='ltr'>propter</span> <span class='ocrx_word' id='word_1_370' title='bbox 1102 3315 1155 3354; x_wconf 88' lang='lat' dir='ltr'>nos</span> <span class='ocrx_word' id='word_1_371' title='bbox 1168 3295 1303 3354; x_wconf 89' lang='lat' dir='ltr'>afflictum</span> <span class='ocrx_word' id='word_1_372' title='bbox 1319 3305 1348 3355; x_wconf 88' lang='lat' dir='ltr'>et</span> 
     </span>
     <span class='ocr_line' id='line_1_38' title="bbox 140 3379 597 3456; baseline -0.002 -18"><span class='ocrx_word' id='word_1_373' title='bbox 140 3379 322 3456; x_wconf 79' lang='lat' dir='ltr'>eastigatnm,</span> <span class='ocrx_word' id='word_1_374' title='bbox 338 3389 370 3438; x_wconf 91' lang='lat' dir='ltr'>ut</span> <span class='ocrx_word' id='word_1_375' title='bbox 383 3379 469 3437; x_wconf 87' lang='lat' dir='ltr'>toties</span> <span class='ocrx_word' id='word_1_376' title='bbox 484 3379 597 3437; x_wconf 90' lang='lat' dir='ltr'>dicitur.</span> 
     </span>
    </p>

    <p class='ocr_par' dir='ltr' id='par_1_8' title="bbox 138 3453 1347 4014">
     <span class='ocr_line' id='line_1_39' title="bbox 182 3453 1347 3533; baseline -0.003 -17"><span class='ocrx_word' id='word_1_377' title='bbox 182 3459 242 3516; x_wconf 90' lang='lat' dir='ltr'>XI.</span> <span class='ocrx_word' id='word_1_378' title='bbox 270 3460 345 3516; x_wconf 81' lang='lat' dir='ltr'>Vieio</span> <span class='ocrx_word' id='word_1_379' title='bbox 359 3460 418 3516; x_wconf 82' lang='lat' dir='ltr'>Dei</span> <span class='ocrx_word' id='word_1_380' title='bbox 430 3459 486 3516; x_wconf 88' lang='lat' dir='ltr'>alia</span> <span class='ocrx_word' id='word_1_381' title='bbox 500 3467 544 3517; x_wconf 90' lang='lat' dir='ltr'>est</span> <span class='ocrx_word' id='word_1_382' title='bbox 557 3459 707 3518; x_wconf 88' lang='lat' dir='ltr'>beatorum</span> <span class='ocrx_word' id='word_1_383' title='bbox 721 3457 751 3515; x_wconf 90' lang='lat' dir='ltr'>in</span> <span class='ocrx_word' id='word_1_384' title='bbox 765 3456 846 3515; x_wconf 89' lang='lat' dir='ltr'>coelis</span> <span class='ocrx_word' id='word_1_385' title='bbox 863 3475 915 3533; x_wconf 90' lang='lat' dir='ltr'>per</span> <span class='ocrx_word' id='word_1_386' title='bbox 928 3455 1068 3533; x_wconf 91' lang='lat' dir='ltr'>gloriam;</span> <span class='ocrx_word' id='word_1_387' title='bbox 1091 3453 1161 3512; x_wconf 86' lang='lat' dir='ltr'>Aha</span> <span class='ocrx_word' id='word_1_388' title='bbox 1174 3455 1301 3514; x_wconf 85' lang='lat' dir='ltr'>fidelium</span> <span class='ocrx_word' id='word_1_389' title='bbox 1316 3456 1347 3512; x_wconf 90' lang='lat' dir='ltr'>in</span> 
     </span>
     <span class='ocr_line' id='line_1_40' title="bbox 140 3535 1345 3615; baseline -0.002 -19"><span class='ocrx_word' id='word_1_390' title='bbox 140 3539 224 3596; x_wconf 87' lang='lat' dir='ltr'>terris</span> <span class='ocrx_word' id='word_1_391' title='bbox 239 3559 290 3615; x_wconf 91' lang='lat' dir='ltr'>per</span> <span class='ocrx_word' id='word_1_392' title='bbox 304 3539 434 3615; x_wconf 85' lang='lat' dir='ltr'>gratiam.</span> <span class='ocrx_word' id='word_1_393' title='bbox 478 3538 533 3612; x_wconf 84' lang='lat' dir='ltr'>Qui</span> <span class='ocrx_word' id='word_1_394' title='bbox 547 3538 635 3614; x_wconf 88' lang='lat' dir='ltr'>priori</span> <span class='ocrx_word' id='word_1_395' title='bbox 648 3538 735 3597; x_wconf 92' lang='lat' dir='ltr'>modo</span> <span class='ocrx_word' id='word_1_396' title='bbox 751 3539 845 3595; x_wconf 90' lang='lat' dir='ltr'>Deum</span> <span class='ocrx_word' id='word_1_397' title='bbox 860 3536 961 3595; x_wconf 86' lang='lat' dir='ltr'>vident</span> <span class='ocrx_word' id='word_1_398' title='bbox 981 3535 1068 3593; x_wconf 90' lang='lat' dir='ltr'>nullis</span> <span class='ocrx_word' id='word_1_399' title='bbox 1088 3535 1182 3610; x_wconf 85' lang='lat' dir='ltr'>poenis</span> <span class='ocrx_word' id='word_1_400' title='bbox 1197 3543 1226 3594; x_wconf 87' lang='lat' dir='ltr'>et</span> <span class='ocrx_word' id='word_1_401' title='bbox 1239 3535 1345 3593; x_wconf 92' lang='lat' dir='ltr'>dolori-</span> 
     </span>
     <span class='ocr_line' id='line_1_41' title="bbox 140 3613 1344 3695; baseline -0.003 -19"><span class='ocrx_word' id='word_1_402' title='bbox 140 3617 196 3676; x_wconf 90' lang='lat' dir='ltr'>bus</span> <span class='ocrx_word' id='word_1_403' title='bbox 209 3625 330 3695; x_wconf 89' lang='lat' dir='ltr'>possunt</span> <span class='ocrx_word' id='word_1_404' title='bbox 344 3617 463 3676; x_wconf 88' lang='lat' dir='ltr'>ulterius</span> <span class='ocrx_word' id='word_1_405' title='bbox 486 3619 599 3695; x_wconf 88' lang='lat' dir='ltr'>subjici,</span> <span class='ocrx_word' id='word_1_406' title='bbox 615 3618 683 3694; x_wconf 90' lang='lat' dir='ltr'>quia</span> <span class='ocrx_word' id='word_1_407' title='bbox 707 3617 818 3676; x_wconf 90' lang='lat' dir='ltr'>suntin</span> <span class='ocrx_word' id='word_1_408' title='bbox 832 3617 933 3693; x_wconf 87' lang='lat' dir='ltr'>patria,</span> <span class='ocrx_word' id='word_1_409' title='bbox 949 3613 1099 3674; x_wconf 88' lang='lat' dir='ltr'>constituti</span> <span class='ocrx_word' id='word_1_410' title='bbox 1112 3615 1142 3671; x_wconf 91' lang='lat' dir='ltr'>in</span> <span class='ocrx_word' id='word_1_411' title='bbox 1165 3622 1241 3673; x_wconf 88' lang='lat' dir='ltr'>statu</span> <span class='ocrx_word' id='word_1_412' title='bbox 1256 3615 1344 3674; x_wconf 87' lang='lat' dir='ltr'>felici-</span> 
     </span>
     <span class='ocr_line' id='line_1_42' title="bbox 140 3694 1344 3774; baseline -0.002 -18"><span class='ocrx_word' id='word_1_413' title='bbox 140 3697 227 3774; x_wconf 73' lang='lat' dir='ltr'>tatis3</span> <span class='ocrx_word' id='word_1_414' title='bbox 250 3697 301 3755; x_wconf 89' lang='lat' dir='ltr'>scd</span> <span class='ocrx_word' id='word_1_415' title='bbox 316 3717 373 3754; x_wconf 92' lang='lat' dir='ltr'>non</span> <span class='ocrx_word' id='word_1_416' title='bbox 389 3697 489 3755; x_wconf 90' lang='lat' dir='ltr'>eadem</span> <span class='ocrx_word' id='word_1_417' title='bbox 504 3707 548 3756; x_wconf 87' lang='lat' dir='ltr'>est</span> <span class='ocrx_word' id='word_1_418' title='bbox 562 3698 635 3756; x_wconf 89' lang='lat' dir='ltr'>ratio</span> <span class='ocrx_word' id='word_1_419' title='bbox 649 3697 786 3771; x_wconf 84' lang='lat' dir='ltr'>fidelium,</span> <span class='ocrx_word' id='word_1_420' title='bbox 799 3697 847 3772; x_wconf 92' lang='lat' dir='ltr'>qui</span> <span class='ocrx_word' id='word_1_421' title='bbox 859 3696 927 3754; x_wconf 90' lang='lat' dir='ltr'>licet</span> <span class='ocrx_word' id='word_1_422' title='bbox 941 3695 1059 3754; x_wconf 87' lang='lat' dir='ltr'>videant</span> <span class='ocrx_word' id='word_1_423' title='bbox 1075 3695 1167 3754; x_wconf 85' lang='lat' dir='ltr'>Deum</span> <span class='ocrx_word' id='word_1_424' title='bbox 1183 3694 1344 3771; x_wconf 89' lang='lat' dir='ltr'>perfidem,</span> 
     </span>
     <span class='ocr_line' id='line_1_43' title="bbox 139 3774 1346 3853; baseline -0.002 -19"><span class='ocrx_word' id='word_1_425' title='bbox 139 3795 198 3834; x_wconf 93' lang='lat' dir='ltr'>non</span> <span class='ocrx_word' id='word_1_426' title='bbox 219 3777 354 3835; x_wconf 89' lang='lat' dir='ltr'>desinunt</span> <span class='ocrx_word' id='word_1_427' title='bbox 368 3777 456 3834; x_wconf 87' lang='lat' dir='ltr'>variis</span> <span class='ocrx_word' id='word_1_428' title='bbox 477 3776 677 3836; x_wconf 88' lang='lat' dir='ltr'>afflictionibus</span> <span class='ocrx_word' id='word_1_429' title='bbox 702 3777 817 3853; x_wconf 85' lang='lat' dir='ltr'>exponi.</span> <span class='ocrx_word' id='word_1_430' title='bbox 861 3775 991 3834; x_wconf 89' lang='lat' dir='ltr'>Christus</span> <span class='ocrx_word' id='word_1_431' title='bbox 1013 3775 1043 3833; x_wconf 92' lang='lat' dir='ltr'>in</span> <span class='ocrx_word' id='word_1_432' title='bbox 1067 3774 1150 3832; x_wconf 88' lang='lat' dir='ltr'>terris</span> <span class='ocrx_word' id='word_1_433' title='bbox 1175 3795 1232 3850; x_wconf 87' lang='lat' dir='ltr'>qua</span> <span class='ocrx_word' id='word_1_434' title='bbox 1259 3775 1346 3832; x_wconf 90' lang='lat' dir='ltr'>homo</span> 
     </span>
     <span class='ocr_line' id='line_1_44' title="bbox 138 3853 1345 3933; baseline -0.002 -20"><span class='ocrx_word' id='word_1_435' title='bbox 138 3856 214 3914; x_wconf 89' lang='lat' dir='ltr'>vidit</span> <span class='ocrx_word' id='word_1_436' title='bbox 236 3856 329 3913; x_wconf 88' lang='lat' dir='ltr'>Deum</span> <span class='ocrx_word' id='word_1_437' title='bbox 351 3856 502 3932; x_wconf 88' lang='lat' dir='ltr'>posteriori</span> <span class='ocrx_word' id='word_1_438' title='bbox 517 3877 610 3932; x_wconf 88' lang='lat' dir='ltr'>sensu,</span> <span class='ocrx_word' id='word_1_439' title='bbox 632 3865 660 3916; x_wconf 92' lang='lat' dir='ltr'>et</span> <span class='ocrx_word' id='word_1_440' title='bbox 676 3857 763 3933; x_wconf 85' lang='lat' dir='ltr'>longe</span> <span class='ocrx_word' id='word_1_441' title='bbox 777 3855 931 3933; x_wconf 86' lang='lat' dir='ltr'>perfectius</span> <span class='ocrx_word' id='word_1_442' title='bbox 945 3855 1098 3930; x_wconf 84' lang='lat' dir='ltr'>fidelibus;</span> <span class='ocrx_word' id='word_1_443' title='bbox 1123 3853 1180 3912; x_wconf 82' lang='lat' dir='ltr'>Sed</span> <span class='ocrx_word' id='word_1_444' title='bbox 1194 3854 1256 3911; x_wconf 87' lang='lat' dir='ltr'>haec</span> <span class='ocrx_word' id='word_1_445' title='bbox 1270 3854 1345 3911; x_wconf 90' lang='lat' dir='ltr'>visio</span> 
     </span>
     <span class='ocr_line' id='line_1_45' title="bbox 138 3934 1244 4014; baseline -0.003 -21"><span class='ocrx_word' id='word_1_446' title='bbox 138 3954 199 3993; x_wconf 91' lang='lat' dir='ltr'>non</span> <span class='ocrx_word' id='word_1_447' title='bbox 213 3934 333 4011; x_wconf 79' lang='lat' dir='ltr'>obstitit,</span> <span class='ocrx_word' id='word_1_448' title='bbox 349 3936 503 4012; x_wconf 89' lang='lat' dir='ltr'>quominus</span> <span class='ocrx_word' id='word_1_449' title='bbox 516 3945 669 4014; x_wconf 88' lang='lat' dir='ltr'>pateretur,</span> <span class='ocrx_word' id='word_1_450' title='bbox 685 3945 714 3995; x_wconf 90' lang='lat' dir='ltr'>ct</span> <span class='ocrx_word' id='word_1_451' title='bbox 729 3955 759 3994; x_wconf 89' lang='lat' dir='ltr'>se</span> <span class='ocrx_word' id='word_1_452' title='bbox 775 3956 792 3993; x_wconf 87' lang='lat' dir='ltr'>a</span> <span class='ocrx_word' id='word_1_453' title='bbox 808 3935 870 3994; x_wconf 90' lang='lat' dir='ltr'>Deo</span> <span class='ocrx_word' id='word_1_454' title='bbox 885 3935 1054 3994; x_wconf 87' lang='lat' dir='ltr'>derelictum</span> <span class='ocrx_word' id='word_1_455' title='bbox 1068 3939 1244 4009; x_wconf 86' lang='lat' dir='ltr'>quereretur.</span> 
     </span>
    </p>
   </div>
   <div class='ocr_carea' id='block_1_3' title="bbox 167 2160 358 2264">
    <p class='ocr_par' dir='ltr' id='par_1_9' title="bbox 167 2160 358 2264">
     <span class='ocr_line' id='line_1_46' title="bbox 167 2160 358 2208; baseline -0.016 0"><span class='ocrx_word' id='word_1_456' title='bbox 167 2162 261 2208; x_wconf 87' lang='lat' dir='ltr'>Fontes</span> <span class='ocrx_word' id='word_1_457' title='bbox 288 2160 358 2205; x_wconf 86' lang='lat' dir='ltr'>Solu-</span> 
     </span>
     <span class='ocr_line' id='line_1_47' title="bbox 218 2221 321 2264; baseline -0.019 0"><span class='ocrx_word' id='word_1_458' title='bbox 218 2221 321 2264; x_wconf 86' lang='lat' dir='ltr'>tionum.</span> 
     </span>
    </p>
   </div>
   <div class='ocr_carea' id='block_1_4' title="bbox 584 4183 908 4258">
    <p class='ocr_par' dir='ltr' id='par_1_10' title="bbox 584 4183 908 4258">
     <span class='ocr_line' id='line_1_48' title="bbox 584 4183 908 4258; baseline -0.012 -15"><span class='ocrx_word' id='word_1_459' title='bbox 584 4183 778 4258; x_wconf 82' lang='lat' dir='ltr'>Qumsmo</span> <span class='ocrx_word' id='word_1_460' title='bbox 800 4183 908 4241; x_wconf 84' lang='lat' dir='ltr'>xvn.</span> 
     </span>
    </p>
   </div>
   <div class='ocr_carea' id='block_1_5' title="bbox 234 4319 1254 4404">
    <p class='ocr_par' dir='ltr' id='par_1_11' title="bbox 234 4319 1254 4404">
     <span class='ocr_line' id='line_1_49' title="bbox 234 4319 1254 4404; baseline -0.009 -20"><span class='ocrx_word' id='word_1_461' title='bbox 234 4329 280 4384; x_wconf 84' lang='lat' dir='ltr'>Aa</span> <span class='ocrx_word' id='word_1_462' title='bbox 296 4326 421 4386; x_wconf 73' lang='lat' dir='ltr'>Christro</span> <span class='ocrx_word' id='word_1_463' title='bbox 431 4329 669 4404; x_wconf 68' lang='lat' dir='ltr'>propriumne</span> <span class='ocrx_word' id='word_1_464' title='bbox 682 4327 895 4386; x_wconf 72' lang='lat' dir='ltr'>ressureacrit?</span> <span class='ocrx_word' id='word_1_465' title='bbox 917 4324 1029 4383; x_wconf 79' lang='lat' dir='ltr'>Affirm</span> <span class='ocrx_word' id='word_1_466' title='bbox 1044 4329 1144 4380; x_wconf 89' lang='lat' dir='ltr'>contra</span> <span class='ocrx_word' id='word_1_467' title='bbox 1160 4319 1254 4379; x_wconf 84' lang='lat' dir='ltr'>Socin.</span> 
     </span>
    </p>
   </div>
   <div class='ocr_carea' id='block_1_6' title="bbox 403 4458 1345 4706">
    <p class='ocr_par' dir='ltr' id='par_1_12' title="bbox 403 4458 1345 4706">
     <span class='ocr_line' id='line_1_50' title="bbox 442 4458 1344 4548; baseline -0.02 -15"><span class='ocrx_word' id='word_1_468' title='bbox 442 4470 467 4528; x_wconf 87' lang='grc' dir='ltr'>Ι.</span> <span class='ocrx_word' id='word_1_469' title='bbox 490 4472 603 4530; x_wconf 90' lang='lat' dir='ltr'>Primus</span> <span class='ocrx_word' id='word_1_470' title='bbox 624 4473 732 4548; x_wconf 90' lang='lat' dir='ltr'>gradus</span> <span class='ocrx_word' id='word_1_471' title='bbox 752 4467 936 4529; x_wconf 87' lang='lat' dir='ltr'>exaltationis</span> <span class='ocrx_word' id='word_1_472' title='bbox 959 4465 1066 4525; x_wconf 87' lang='lat' dir='ltr'>Christi</span> <span class='ocrx_word' id='word_1_473' title='bbox 1080 4465 1107 4522; x_wconf 89' lang='lat' dir='ltr'>in</span> <span class='ocrx_word' id='word_1_474' title='bbox 1124 4458 1344 4520; x_wconf 86' lang='lat' dir='ltr'>Resurrectione</span> 
     </span>
     <span class='ocr_line' id='line_1_51' title="bbox 403 4537 1345 4628; baseline -0.015 -21"><span class='ocrx_word' id='word_1_475' title='bbox 403 4550 537 4627; x_wconf 88' lang='lat' dir='ltr'>ponitur;</span> <span class='ocrx_word' id='word_1_476' title='bbox 560 4552 605 4610; x_wconf 92' lang='lat' dir='ltr'>De</span> <span class='ocrx_word' id='word_1_477' title='bbox 619 4570 677 4628; x_wconf 91' lang='lat' dir='ltr'>qua</span> <span class='ocrx_word' id='word_1_478' title='bbox 693 4551 740 4608; x_wconf 90' lang='lat' dir='ltr'>hic</span> <span class='ocrx_word' id='word_1_479' title='bbox 757 4549 878 4627; x_wconf 86' lang='lat' dir='ltr'>quaestio</span> <span class='ocrx_word' id='word_1_480' title='bbox 899 4555 1031 4606; x_wconf 82' lang='lat' dir='ltr'>movetur</span> <span class='ocrx_word' id='word_1_481' title='bbox 1051 4565 1068 4602; x_wconf 90' lang='lat' dir='ltr'>a</span> <span class='ocrx_word' id='word_1_482' title='bbox 1088 4541 1257 4604; x_wconf 88' lang='lat' dir='ltr'>Socinianis.</span> <span class='ocrx_word' id='word_1_483' title='bbox 1279 4537 1345 4594; x_wconf 89' lang='lat' dir='ltr'>Non</span> 
     </span>
     <span class='ocr_line' id='line_1_52' title="bbox 404 4621 1345 4706; baseline -0.015 -19"><span class='ocrx_word' id='word_1_484' title='bbox 404 4628 520 4704; x_wconf 87' lang='lat' dir='ltr'>quidem</span> <span class='ocrx_word' id='word_1_485' title='bbox 534 4633 581 4690; x_wconf 85' lang='lat' dir='ltr'>De</span> <span class='ocrx_word' id='word_1_486' title='bbox 601 4632 724 4690; x_wconf 83' lang='lat' dir='ltr'>Veritatc</span> <span class='ocrx_word' id='word_1_487' title='bbox 738 4633 804 4706; x_wconf 74' lang='lat' dir='ltr'>ajam</span> <span class='ocrx_word' id='word_1_488' title='bbox 821 4629 903 4687; x_wconf 88' lang='lat' dir='ltr'>Licet</span> <span class='ocrx_word' id='word_1_489' title='bbox 917 4627 994 4686; x_wconf 89' lang='lat' dir='ltr'>eninr</span> <span class='ocrx_word' id='word_1_490' title='bbox 1008 4645 1071 4684; x_wconf 88' lang='lat' dir='ltr'>eam</span> <span class='ocrx_word' id='word_1_491' title='bbox 1085 4624 1115 4681; x_wconf 90' lang='lat' dir='ltr'>in</span> <span class='ocrx_word' id='word_1_492' title='bbox 1130 4621 1248 4680; x_wconf 88' lang='lat' dir='ltr'>dubium</span> <span class='ocrx_word' id='word_1_493' title='bbox 1263 4636 1345 4676; x_wconf 87' lang='lat' dir='ltr'>revo-</span> 
     </span>
    </p>
   </div>
   <div class='ocr_carea' id='block_1_7' title="bbox 155 4523 356 4628">
    <p class='ocr_par' dir='ltr' id='par_1_13' title="bbox 155 4523 356 4628">
     <span class='ocr_line' id='line_1_53' title="bbox 155 4523 356 4572; baseline -0.02 0"><span class='ocrx_word' id='word_1_494' title='bbox 155 4526 244 4572; x_wconf 82' lang='lat' dir='ltr'>Statns</span> <span class='ocrx_word' id='word_1_495' title='bbox 270 4523 356 4572; x_wconf 78' lang='lat' dir='ltr'>Quaea·</span> 
     </span>
     <span class='ocr_line' id='line_1_54' title="bbox 221 4584 302 4628; baseline -0.012 -1"><span class='ocrx_word' id='word_1_496' title='bbox 221 4584 302 4628; x_wconf 72' lang='grc' dir='ltr'>ιιοιιιε.</span> 
     </span>
    </p>
   </div>
   <div class='ocr_carea' id='block_1_8' title="bbox 0 0 1600 5206">
    <p class='ocr_par' dir='ltr' id='par_1_14' title="bbox 0 0 1600 5206">
     <span class='ocr_line' id='line_1_55' title="bbox 0 0 1600 5206; baseline 0 3"><span class='ocrx_word' id='word_1_497' title='bbox 0 0 1600 5206; x_wconf 95' lang='lat' dir='ltr'> </span> 
     </span>
    </p>
   </div>
  </div>
 </body>
</html>
