3146 5210
41 377 182 427 orrares.
198 355 247 437 ¹¹·l
487 372 525 411 us
540 372 708 414 vocrrrorn
724 373 761 414 sr
777 376 854 416 rme.
1223 362 1282 420 445

45 539 195 593 servum,
211 517 342 595 quicum
358 513 475 573 Domini
489 515 534 571 sui
548 515 727 576 voluntatem
743 517 838 593 sciret,
865 525 894 576 et
918 515 1011 576 lacere
1035 518 1162 594 deberet,
1185 528 1282 578 tamen

45 621 110 658 nec
128 599 213 674 fecit,
230 617 283 654 nec
298 595 391 654 lacere
406 593 506 668 voluit,
523 593 594 653 Luc.
610 596 660 653 xii.
682 600 718 656 47
724 640 730 653 .

96 679 184 737 VII.
209 678 287 736 Hine
301 682 381 752 patet
393 693 451 732 nou
466 675 556 750 quaeri
570 675 600 732 in
615 691 729 752 genere,
747 677 792 735 De
816 676 987 736 Vocationis
1010 677 1068 735 fine
1091 697 1108 734 a
1132 686 1214 755 parte
1229 681 1280 754 rei,

48 779 152 835 quem
168 778 228 816 nou
242 775 382 833 negamus
397 773 460 812 esse
475 753 613 830 salutem3
636 756 687 814 sed
712 765 823 834 aparte
836 757 900 814 Dei.
923 757 998 832 Nou,
1010 756 1059 814 An
1070 757 1150 816 Deus
1159 759 1283 835 gratiam

51 837 215 916 Reprobis
230 837 356 913 aliquam
378 833 517 911 impertiri
531 834 611 909 velit,
632 836 742 912 preciis
763 835 814 913 qui
827 837 883 895 hoc
907 836 1048 896 beneficio
1071 836 1280 914 destituuntur,

53 919 171 994 quales
183 913 387 988 suntEthnici,
403 914 495 972 etalii
511 913 673 974 Infideles?
716 916 782 992 Sed,
797 917 846 974 An
861 917 983 993 gratiam
999 917 1153 975 salutarem
1170 938 1222 978 seu
1237 939 1282 977 sa-

51 999 159 1056 lntem
174 997 235 1055 illis
249 996 317 1054 dare
333 993 473 1069 intendat,
489 1013 580 1070 eoque
594 995 715 1054 consilio
730 1015 780 1054 eos
795 1006 888 1066 vocet,
903 1004 936 1055 ut
949 997 1020 1054 fiant
1031 1017 1130 1073 reapse
1146 999 1208 1074 ejus
1217 1018 1302 1075 par·¹

53 1078 189 1154 ticipes;
205 1075 284 1154 quod
299 1075 323 1133 si
337 1074 422 1132 aliter
435 1074 548 1150 accidit,
559 1074 591 1131 id
604 1075 720 1134 evenire
734 1084 839 1155 praeter
854 1077 909 1135 Dei
924 1077 1085 1151 consilium,
1102 1085 1131 1136 et
1144 1097 1196 1155 per
1207 1080 1281 1136 aoei-

55 1157 162 1216 dens?
185 1155 270 1231 Quod
283 1153 459 1232 pertendunt
474 1153 663 1231 Adversarii3
687 1155 748 1214 Nos
762 1175 912 1233 negamus.
935 1157 1048 1214 Rursus
1062 1177 1120 1215 non
1135 1159 1282 1235 quaeritur,

56 1237 115 1295 Au
130 1237 212 1295 idern
226 1236 264 1294 sit
278 1242 401 1294 eventus
416 1233 585 1292 Vocationis
607 1243 734 1294 externae
755 1245 889 1313 respectu
914 1237 1051 1311 omnium,
1068 1247 1097 1296 et
1111 1236 1161 1295 Au
1184 1257 1284 1298 omues

59 1317 176 1376 Vocati
190 1315 292 1376 eodem
306 1314 393 1372 modo
408 1312 589 1372 afficiantur?
610 1315 751 1374 Fateatur
765 1317 842 1376 enim
856 1315 908 1392 illi,
924 1336 990 1375 cum
1012 1317 1118 1392 quibus
1139 1337 1185 1376 res
1199 1319 1284 1378 uobis

59 1407 118 1473 est,
133 1395 366 1456 diversissimam
380 1413 452 1468 esse,
468 1401 497 1452 et
511 1394 577 1452 illos
591 1395 707 1472 quidem
723 1397 773 1473 qui
787 1397 935 1454 eoelestem
957 1415 1059 1455 vocem
1083 1409 1282 1474 aspernantur,

60 1479 115 1536 vel
130 1497 192 1536 non
206 1475 366 1553 procedunt
380 1493 471 1550 usque
486 1473 524 1530 ad
538 1474 692 1540 selutarern
717 1477 953 1553 resipiscentiam,
980 1476 1021 1534 sie
1045 1476 1108 1534 fieri
1130 1478 1283 1536 inexcusa-

60 1557 162 1632 biles;
179 1557 252 1614 alios
266 1575 336 1614 vero
350 1554 401 1631 qui
414 1561 524 1631 parent,
540 1574 639 1631 parere
655 1556 795 1632 singulari
811 1556 868 1614 Dei
882 1557 984 1633 gratia,
1002 1555 1126 1633 Spiritus
1149 1558 1193 1615 sui
1208 1559 1284 1617 viet

62 1637 197 1696 efficacia
210 1655 309 1694 eorum
323 1640 490 1692 mentemst
503 1635 605 1692 anima
617 1635 654 1692 ad
663 1636 832 1712 obsequium
847 1635 997 1710 flectentis,
1010 1635 1086 1694 unde
1095 1645 1192 1713 pateat
1207 1638 1283 1696 salu-

64 1727 127 1776 tem
138 1736 226 1793 quam
235 1715 433 1793 adipiscuntur
444 1714 480 1772 iis
488 1712 577 1772 fuisse
586 1714 774 1775 destinatam:
792 1716 858 1790 Sed,
872 1717 921 1773 An
933 1715 1086 1792 disparitas
1095 1725 1216 1775 eventus
1225 1737 1284 1776 nou

65 1805 176 1872 arguat
190 1793 387 1873 disparitatem
401 1793 570 1852 intentionis
585 1794 614 1852 in
636 1796 785 1872 vocante,
809 1795 859 1853 An
878 1815 948 1854 vero
959 1815 994 1853 eo
1005 1796 1100 1854 animo
1110 1805 1140 1854 et
1163 1797 1283 1856 consilio

70 1883 217 1934 vocentur
235 1894 342 1951 omnes,
354 1883 387 1933 ut
408 1874 509 1932 salutis
520 1874 592 1932 fiant
600 1875 778 1952 participes?
800 1875 883 1950 Quod
894 1883 1036 1948 asserunt,
1057 1875 1119 1934 Nos
1133 1896 1283 1953 negamus.

70 1981 320 2026 mmmmm.
380 1953 471 2012 VIII.
494 1954 633 2013 Rationes
648 1963 723 2031 sunt,
741 1959 767 2013 l.
784 1956 858 2030 Quia
873 1956 953 2013 Deus
967 1974 1025 2012 non
1039 1965 1135 2032 potest
1153 1956 1285 2016 vocando

102 2041 257 2110 riopaeroiu
273 2040 321 2085 va-
341 2033 489 2092 intendere
504 2035 625 2092 salutem
645 2054 753 2110 eorum,
779 2055 852 2113 quos
875 2036 912 2092 ab
937 2044 1043 2093 eterno
1066 2035 1240 2112 reprobavit,
1256 2045 1285 2096 st

102 2105 200 2201 {ffi’
209 2097 317 2202 0332}
338 2114 443 2192 quibus
456 2113 545 2172 fidem
559 2122 589 2173 et
602 2114 659 2173 alia
672 2115 768 2174 medis
782 2116 819 2175 ad
834 2115 956 2174 salutem
981 2114 1117 2174 ducentia
1141 2115 1284 2193 denegare

103 2191 317 2261 samaritanum
338 2193 486 2254 decrevit:
508 2195 580 2252 alias
595 2195 765 2271 intenderat,
791 2195 869 2273 quod
894 2196 949 2254 scit
973 2195 1117 2253 voluntati
1139 2215 1198 2254 suae
1222 2215 1285 2256 csse

103 2275 218 2320 suarem.
335 2274 518 2348 contrarium,
534 2274 669 2351 quodque
683 2275 713 2333 in
728 2285 866 2335 aeternum
880 2275 962 2333 novit
976 2295 1125 2352 uunquam
1146 2275 1283 2352 futurum,

73 2363 104 2413 et
118 2373 176 2412 non
190 2353 326 2429 friturum,
342 2354 410 2431 quia
423 2353 485 2430 ipse
499 2355 555 2412 hoe
568 2365 705 2431 praestare
719 2375 777 2414 non
799 2357 873 2430 vult,
896 2355 946 2433 qui
972 2356 1051 2413 solus
1065 2364 1179 2433 potest;
1206 2357 1285 2433 quod

75 2432 233 2510 sapientise,
248 2433 370 2492 bonitati
381 2441 410 2492 et
424 2434 560 2511 potentiss
576 2435 632 2492 Dei
646 2455 806 2514 repugnare
820 2454 905 2494 nemo
919 2454 978 2493 non
992 2435 1082 2493 videt.

118 2512 177 2570 IX.
200 2516 227 2570 2.
250 2511 324 2586 Quia
339 2513 419 2573 Deus
439 2534 498 2573 uon
523 2514 647 2574 intendit
670 2515 757 2574 fidem
780 2516 810 2572 in
836 2515 1004 2592 Reprobis:
1038 2515 1118 2592 Ergo
1133 2535 1186 2575 nec
1209 2517 1285 2576 salu-

76 2603 144 2665 tem,
169 2613 234 2670 quae
264 2593 325 2652 sine
349 2593 406 2652 fide
428 2594 529 2652 baberi
543 2594 651 2670 nequit.
689 2595 755 2654 Non
769 2595 917 2654 intendere
929 2603 1025 2654 autern
1036 2594 1123 2653 fidem
1139 2595 1287 2674 colligitur

77 2693 114 2731 cx
130 2693 162 2731 eo
177 2672 255 2750 quod
263 2672 335 2751 ipsis
348 2693 412 2732 eam
427 2694 484 2733 uon
499 2673 557 2748 dat,
572 2694 626 2732 nec
640 2675 708 2733 dare
723 2675 860 2750 decrevit,
876 2675 933 2734 imo
958 2674 1102 2750 denegare
1127 2677 1285 2736 constituit.

78 2754 139 2811 Nec
149 2753 234 2829 juvat
248 2773 389 2830 regerere,
406 2754 500 2812 Deum
515 2774 573 2812 uon
588 2755 704 2830 quidem
719 2755 868 2814 intendere
883 2774 946 2814 eam
961 2753 1071 2812 efficere
1086 2755 1117 2810 in
1132 2754 1284 2831 Reprobis,

79 2833 130 2891 sed
144 2833 291 2892 intendere
304 2842 401 2892 tamen
415 2842 445 2892 et
454 2833 529 2891 velle
544 2841 577 2892 ut
591 2834 628 2892 ab
641 2835 712 2911 ipsis
725 2835 874 2894 habeatur.
918 2833 992 2908 Quia
1013 2833 1062 2890 rel
1084 2833 1205 2892 intentio
1230 2834 1286 2894 ista

78 2913 192 2989 respicit
206 2913 298 2990 ipsam
311 2913 354 2972 rei
368 2913 573 2988 futuritionem,
589 2933 646 2990 quo
661 2935 749 2974 sensu
762 2934 819 2973 non
833 2921 929 2991 potest
948 2915 1029 2971 Deus
1043 2912 1101 2970 dici
1115 2933 1178 2970 eam
1192 2913 1284 2972 inteu-

80 2992 154 3067 dere,
170 2993 236 3070 quia
251 3013 316 3054 cunr
330 3013 389 3052 nou
403 2993 499 3052 danda
513 2993 550 3052 sit
565 2993 716 3071 Reprobis,
730 2995 887 3054 intentione
902 3013 955 3051 sua
976 2992 1140 3069 excideret,
1163 2993 1211 3050 vel
1225 3014 1285 3053 res·

79 3071 149 3150 picit
162 3081 273 3131 tentum
287 3074 467 3133 voluntatem
480 3073 535 3131 hoo
549 3084 724 3152 praeceptum
738 3075 808 3151 ipsis
823 3073 919 3148 dandi,
946 3092 1003 3148 quo
1028 3091 1114 3130 sensu
1128 3092 1185 3130 non
1196 3093 1284 3150 nega·

80 3171 143 3210 mus
153 3152 244 3212 Deum
254 3153 309 3212 hoc
318 3153 466 3213 intendere
479 3175 486 3229 ;
502 3152 553 3212 sed
568 3153 609 3212 sie
624 3154 791 3214 refundetur
805 3154 843 3212 ad
857 3153 1036 3212 volantatem
1052 3153 1107 3210 Dei
1121 3153 1284 3230 approban-

81 3241 137 3290 tem
152 3241 179 3292 ct
192 3233 414 3311 praecipieutem,
427 3233 463 3292 de
477 3253 535 3309 qua
548 3253 606 3291 non
615 3236 719 3312 agimr.

121 3311 161 3372 X.
182 3317 210 3372 3.
233 3313 307 3388 Quia
332 3315 464 3372 Christus
477 3313 508 3370 in
531 3313 690 3374 Vocatione
718 3314 888 3375 Judaeorum
912 3311 1098 3389 reproborum
1117 3321 1240 3371 testatur
1254 3335 1284 3374 se

81 3391 163 3450 finem
173 3395 352 3471 propositum
363 3395 470 3452 habere
480 3413 578 3452 eorum
592 3403 756 3464 sauromatas.
780 3395 800 3454 J
803 3395 850 3452 oh.
863 3395 903 3452 ix.
916 3396 964 3467 39,
975 3391 1080 3451 dicitur
1092 3393 1232 3452 “venisse
1247 3395 1285 3454 ad

82 3469 270 3533 exercendum
290 3474 446 3551 judicium,¹
468 3482 501 3532 ut
515 3473 565 3549 qui
579 3473 680 3531 vident
706 3494 764 3532 nou
788 3473 937 3549 videant,'’
953 3473 992 3531 id.
1008 3473 1057 3550 qui
1069 3472 1239 3549 profitentur
1253 3495 1284 3534 so

81 3551 186 3630 ridere,
201 3573 255 3613 nec
269 3554 371 3613 vident
385 3563 490 3627 tamen,
516 3552 610 3629 magis
629 3552 779 3630 magisque
795 3561 988 3613 excoeceutur.
1032 3553 1071 3610 Et
1085 3573 1146 3631 cap.
1170 3575 1220 3612 xv.
1233 3559 1281 3614 22.

84 3633 101 3664 “
114 3631 143 3690 si
157 3653 213 3691 non
227 3635 382 3709 venissem,
398 3653 451 3693 nec
476 3632 514 3690 ad
527 3633 606 3709 ipsos
619 3632 733 3692 loeutus
747 3634 875 3707 fuissem,
891 3653 948 3691 non
970 3631 1110 3692 baberent
1123 3643 1282 3712 peccatum,

84 3732 155 3772 nunc
169 3723 264 3773 sutem
278 3714 496 3774 excusationem
510 3732 567 3770 non
583 3711 690 3771 habent
704 3715 815 3790 peccati
829 3715 903 3773 sui.''
927 3714 988 3772 Nec
1003 3712 1061 3771 dici
1074 3713 1168 3789 debet,
1186 3714 1282 3774 Chris-

83 3799 141 3850 tum
154 3813 210 3850 non
221 3793 301 3870 loqui
322 3794 358 3853 de
379 3794 538 3858 intentione
554 3791 610 3850 Dei
631 3794 770 3867 vocantis,
787 3793 839 3852 sed
853 3795 889 3852 de
900 3793 1070 3852 Vocationis
1085 3804 1200 3867 eventu,
1215 3796 1284 3870 quia

86 3871 162 3928 Deus
174 3873 265 3947 possit
278 3873 488 3933 sanctissimam
499 3871 606 3930 habere
621 3871 818 3948 intentionem,
834 3874 881 3932 cui
894 3881 991 3932 tamen
1000 3882 1123 3932 eventus
1134 3873 1282 3948 haudqua-

86 3967 166 4025 quam
180 3953 360 4027 respondeat.
403 3954 477 4027 Quia
487 3954 550 4011 Deo
559 3951 631 4009 nihil
641 3971 693 4028 per
706 3954 849 4029 accidens,
861 3961 890 4012 et
903 3961 1008 4031 praeter
1018 3953 1080 4028 ejus
1095 3951 1282 4011 intentionem

85 4029 245 4105 contingere
260 4040 362 4107 potest.
406 4033 492 4092 Unde
506 4032 573 4090 talis
586 4041 709 4092 eventus
723 4053 741 4092 a
756 4035 819 4092 Deo
834 4033 870 4092 ab
885 4041 992 4091 aeterno
1015 4032 1142 4090 intentus
1154 4049 1216 4088 esse
1232 4031 1281 4090 de·

85 4109 140 4168 bet.
181 4109 265 4183 Quod
277 4130 347 4169 vero
374 4111 490 4171 additur
513 4131 563 4170 eos
577 4131 635 4170 non
648 4113 798 4173 habituros
825 4113 913 4172 fuisse
937 4118 1095 4188 peccatum,
1111 4111 1136 4169 si
1151 4110 1283 4169 Christus

86 4210 139 4248 non
153 4189 288 4264 venisset,
303 4211 360 4248 uon
375 4192 505 4250 absolute
520 4201 549 4250 et
563 4191 732 4268 simpliciter
745 4203 789 4253 est
812 4189 1041 4268 intelligendum,
1059 4190 1109 4248 sed
1124 4189 1281 4248 seeundum

86 4269 159 4347 quid,
179 4268 314 4328 nimirum
328 4271 425 4348 quoad
438 4280 632 4348 contemptum
644 4281 673 4332 et
694 4275 833 4352 rejectum
858 4269 1051 4346 Evangelium
1066 4268 1137 4348 ipsis
1158 4288 1216 4326 uon
1231 4289 1281 4326 an-

86 4349 256 4423 nunciatum,
271 4356 305 4408 ut
331 4350 439 4409 lactum
453 4351 507 4410 fuit
530 4359 595 4428 post
622 4369 721 4412 eorum
746 4353 936 4424 vocationem,
963 4348 1087 4408 sednon
1111 4348 1282 4408 desinebant

87 4429 125 4489 rei
139 4449 199 4488 esse
213 4437 366 4506 propterea
378 4440 560 4507 peccatorum
574 4429 714 4492 adversus
730 4433 838 4510 Legem
853 4430 1079 4490 commissorum.

135 4509 190 4568 XI.
222 4511 251 4566 4.
284 4509 359 4584 Quia
386 4511 437 4587 qui
463 4519 604 4571 vocantur
630 4533 696 4572 eum
723 4513 882 4571 intentione
911 4509 1020 4584 salutis,
1049 4519 1190 4569 vocentur
1217 4518 1283 4564 aas

89 4597 194 4666 spirtum
209 4589 279 4667 quia
292 4589 415 4649 intentio
429 4589 485 4650 ista
498 4601 543 4651 est
556 4597 638 4650 ectus
649 4593 808 4652 Electiouis
823 4601 852 4650 et
865 4589 984 4650 effectus
999 4598 1122 4663 «galienus-
1165 4589 1207 4648 At
1222 4611 1282 4650 cer·

88 4677 142 4728 tum
157 4677 199 4730 est
223 4669 320 4730 nullos
331 4671 469 4748 reprobos
490 4673 587 4730 vocari
600 4683 663 4729 aser
676 4683 779 4745 estraes»,
800 4672 868 4748 qnia
883 4671 924 4731 sic
952 4680 981 4731 et
1000 4671 1094 4730 Deum
1119 4669 1282 4748 diligerent,
