3202 5194
214 341 270 403 132
416 333 417 336 '
675 353 767 401 cocus
781 353 961 400 usonorsrns.
1186 334 1310 419 [cussa.
1326 355 1411 398 xxrv.

211 497 377 582 posthabito
398 495 577 578 paedagogis
599 499 718 580 Legalis
739 500 843 578 rigore,
865 499 1059 560 characterem
1071 497 1141 558 Vet
1156 496 1245 575 Test,
1261 499 1311 577 qui
1332 496 1362 557 in
1376 517 1412 557 eo

212 583 394 662 potissimum
408 579 548 656 consistit,
570 600 629 638 non
642 591 859 657 assequeretur:
882 580 929 639 Ita
949 581 998 657 qui
1013 580 1137 657 legalem
1157 579 1276 637 nimium
1298 587 1412 655 urgent,

212 663 345 739 neglecta
359 671 388 718 et
402 679 461 718 non
475 659 545 718 satis
564 679 693 737 expense
707 661 893 738 Evangelica,
916 661 1038 737 gratiam
1054 659 1110 718 Dei
1124 659 1178 718 sub
1200 658 1250 716 illa
1264 659 1412 736 dispensa·

212 743 290 802 tione
306 761 368 799 sese
383 747 547 798 exerentem
562 759 621 798 non
641 759 741 817 parum
763 741 924 814 obscurare,
947 748 976 799 et
995 739 1113 799 Petrum
1128 737 1214 797 fidem
1229 747 1258 797 et
1278 737 1413 796 solatium
1511 751 1515 754 ·

212 822 298 880 nimis
313 819 473 898 deprimere
497 829 526 879 et
540 819 667 878 minuere
681 819 825 879 videntur.
869 819 954 880 Unde
968 819 1064 878 media
1077 819 1124 878 hic
1138 818 1187 876 via
1200 819 1346 878 tutissima
1359 826 1412 894 est,

212 910 246 960 ut
259 909 413 976 utrumque
428 899 512 958 istam
526 900 611 976 σχίσιν
631 899 669 958 ob
691 899 790 958 oculos
805 919 918 977 semper
939 899 1113 975 habeamus3
1136 899 1177 957 ita
1190 907 1288 956 tamen
1301 909 1334 956 ut
1357 897 1413 955 Le·

214 982 290 1058 galis
310 979 429 1039 inferior
443 979 489 1054 sit,
513 1001 578 1057 quse
593 975 755 1039 subserviat
776 979 971 1057 Evangelicar‚
995 987 1025 1038 et
1045 979 1131 1037 tinem
1152 979 1247 1036 minus
1269 977 1413 1056 principa·

213 1063 271 1120 lem
284 1061 374 1120 totius
383 1059 605 1137 dispensationis
620 1060 703 1118 istius
717 1059 867 1137 respiciat;
891 1058 1147 1136 Evangelicavero
1160 1057 1303 1135 primaria,
1313 1065 1414 1134 utpote

214 1161 279 1222 quae
293 1139 468 1219 praecipuum
484 1138 540 1198 Dei
554 1148 583 1199 et
594 1139 760 1198 ultimatum
773 1140 804 1197 in
818 1140 873 1198 ista
887 1138 1047 1198 oeconomia
1059 1138 1146 1196 finem
1161 1137 1315 1196 contineat.

256 1220 350 1280 XIII.
374 1219 452 1278 Hinc
466 1238 525 1278 non
548 1227 644 1297 potest
658 1219 788 1278 absolute
810 1218 868 1277 dici
889 1218 999 1296 Legem
1021 1216 1247 1276 caeremonialem
1263 1237 1301 1275 ex
1321 1216 1364 1275 ira
1384 1215 1416 1274 in

214 1301 286 1361 iram
301 1301 397 1359 datam
412 1319 484 1374 esse,
506 1299 544 1357 ad
558 1298 766 1376 obsignandam
792 1307 822 1356 et
842 1296 1058 1376 aggravandam
1081 1298 1199 1356 Petrum
1215 1296 1269 1355 suh
1282 1305 1363 1355 reatu
1386 1303 1415 1354 et

215 1380 398 1440 execratione
423 1379 608 1454 servitutem;
632 1387 661 1437 et
675 1377 814 1436 sacrificia
827 1397 880 1454 pro
894 1387 1012 1455 peccato
1025 1396 1085 1436 non
1099 1377 1188 1436 luisse
1201 1377 1231 1434 in
1245 1376 1414 1450 remedium,

216 1460 312 1519 sedin
335 1460 575 1536 chirographum
598 1468 627 1517 et
641 1457 746 1517 similia
764 1457 796 1515 id
816 1477 917 1534 genus,
932 1457 1038 1535 quibus
1058 1457 1138 1534 rigor
1157 1457 1336 1534 paedagogiae
1359 1455 1414 1513 Le·

216 1540 292 1617 galis
314 1541 486 1617 exponitur:
508 1539 591 1597 Licet
615 1539 692 1596 euim
715 1557 784 1596 sano
806 1555 893 1596 sensu
910 1537 973 1595 haec
994 1537 1052 1596 dici
1073 1545 1195 1615 possunt
1215 1535 1311 1613 quoad
1333 1536 1416 1611 σχίσιν

215 1621 339 1697 legalem
353 1619 473 1696 praecise
487 1619 517 1678 in
531 1637 562 1677 se
577 1617 795 1693 consideratam,
811 1637 864 1676 nec
874 1617 964 1675 ullam
978 1617 1059 1676 litem
1073 1617 1139 1675 ideo
1150 1617 1285 1675 fratribus
1295 1635 1414 1674 moven-

216 1699 282 1763 dam
298 1718 488 1774 censeremus,
511 1698 535 1757 si
549 1718 584 1756 ea
598 1707 642 1756 est
656 1699 783 1775 ipsorum
797 1717 896 1756 mens:
917 1717 976 1754 non
997 1705 1118 1774 possunt
1132 1706 1228 1755 tamen
1242 1696 1371 1755 absolute
1386 1705 1416 1754 ct

217 1779 385 1857 simpliciter
398 1779 507 1857 recipi,c
518 1778 543 1836 si
557 1777 733 1836 caeremoniae
755 1784 920 1855 spectentur
933 1777 1022 1836 relate
1044 1777 1081 1835 ad
1101 1776 1184 1854 σχίσιν
1198 1775 1414 1853 Evangelicam,

217 1879 306 1937 aqua
319 1879 378 1918 non
392 1858 498 1917 dehent
511 1877 638 1935 unquam
653 1856 762 1916 divelli.
805 1857 879 1914 Nam
899 1857 923 1915 si
937 1877 1038 1916 verum
1053 1866 1105 1932 est,
1127 1866 1160 1916 ut
1173 1857 1273 1934 negari
1286 1876 1344 1914 non
1364 1875 1415 1933 po·

216 1946 283 2015 test,
313 1938 408 1998 Deum
432 1938 486 1997 sub
510 1938 569 1996 illis
594 1937 765 1996 adumbrare
789 1944 819 1995 et
842 1937 996 2014 obsignare
1020 1937 1104 1997 nobis
1128 1937 1255 1995 voluisse
1279 1935 1418 2013 mysteria

219 2019 406 2096 Evangelica,
427 2027 456 2077 et
471 2017 592 2094 gratiam
608 2017 761 2076 salutarem
777 2016 892 2092 Christi,
915 2017 993 2094 quod
1007 2017 1093 2076 toties
1107 2025 1136 2076 et
1151 2025 1209 2076 tam
1223 2035 1358 2092 expresse
1373 2016 1415 2073 in-

218 2098 313 2158 culcet
328 2098 487 2174 Apostolus
501 2097 531 2154 in
546 2096 678 2173 Epistola
692 2095 729 2154 ad
744 2095 894 2171 Hebraeos,
913 2106 943 2155 et
956 2097 1104 2175 Typorum
1118 2117 1152 2155 ac
1168 2097 1417 2156 sacramentorum

218 2179 292 2237 ratio
306 2178 361 2235 hoc
375 2177 537 2235 necessario
558 2175 667 2253 exigit;
690 2174 841 2250 Quomodo
856 2175 918 2234 Lex
933 2178 989 2235 ista
1008 2197 1044 2234 ex
1058 2179 1101 2234 ira
1114 2177 1145 2233 in
1158 2177 1229 2234 iram
1250 2184 1346 2253 potest
1359 2175 1417 2235 dici

219 2257 295 2332 data,
311 2266 340 2315 et
354 2257 391 2314 ad
405 2255 616 2333 obsignandum
632 2275 665 2313 ac
679 2255 897 2332 aggravandum
920 2256 1038 2315 Petrum
1052 2264 1162 2315 reatum
1177 2265 1206 2315 et
1226 2257 1418 2315 servitutem?

219 2337 270 2395 An
284 2356 348 2414 quae
362 2345 422 2395 tam
444 2343 557 2412 gratum
581 2344 610 2393 et
624 2353 743 2393 suavem
767 2354 850 2393 usum
865 2335 974 2410 habuit,
998 2336 1028 2393 in
1049 2344 1108 2394 tam
1129 2337 1232 2396 durum
1247 2344 1276 2395 et
1298 2355 1417 2413 gravem

218 2416 306 2475 finem
327 2415 471 2474 censenda
491 2424 535 2474 est
559 2413 648 2473 data?
689 2415 729 2473 Et
753 2414 777 2473 si
802 2413 941 2473 sacrificia
965 2415 1056 2492 ipsam
1075 2415 1268 2492 expiationem
1293 2415 1418 2475 futuram

220 2495 335 2570 Christi,
358 2495 396 2553 ad
408 2495 607 2554 liberationem
625 2495 687 2572 jam
701 2502 763 2553 tum
777 2493 929 2570 efficacem,
945 2494 1145 2572 obsignabant,
1158 2496 1302 2573 quomodo
1317 2495 1417 2556 dicun-

219 2585 267 2637 tur
287 2576 500 2635 incumbentem
523 2574 657 2634 Patribus
677 2583 788 2633 reatum
809 2573 987 2652 obsignasse,
1010 2594 1076 2634 cum
1094 2575 1216 2634 molesta
1234 2576 1418 2636 conscientiis

218 2657 465 2736 exprobratione?

261 2738 351 2798 XIV.
373 2738 434 2798 Nec
449 2739 544 2798 evinci
563 2747 659 2817 potest
673 2738 815 2800 contraria
829 2737 979 2814 sententie,
989 2737 1048 2797 Vel
1062 2758 1098 2797 ex
1113 2757 1147 2798 eo
1162 2739 1239 2816 quod
1255 2739 1319 2796 Lex
1332 2757 1417 2797 voca·

220 2828 268 2879 tur
273 2819 378 2897 jugum
389 2820 559 2894 ὶβίπαιτον,
573 2820 640 2879 Act.
650 2840 701 2878 xv.
715 2822 767 2894 10,
783 2819 857 2894 Quia
867 2819 922 2878 hoc
933 2819 1105 2896 intelligitur
1115 2818 1152 2877 de
1163 2819 1242 2897 Lege
1253 2819 1282 2877 in
1295 2839 1326 2878 se
1337 2837 1418 2896 spec·

220 2907 281 2959 tata
295 2900 425 2978 opposite
439 2901 476 2958 ad
499 2899 701 2977 Evangelium,
726 2920 784 2976 quo
798 2919 884 2958 sensu
906 2899 1097 2958 ministerium
1119 2908 1164 2958 est
1185 2899 1285 2958 mortis
1299 2907 1329 2956 et
1350 2917 1418 2955 con·

220 2979 420 3054 damnationis,
443 2981 521 3057 quod
534 2980 687 3038 laboriosis
708 2979 958 3038 observationibus
975 2977 1113 3038 onerabat
1133 2979 1339 3052 couscienties;
1362 2997 1420 3036 non

220 3060 257 3119 de
270 3081 306 3119 ea
322 3061 507 3120 subordinate
528 3060 566 3118 ad
586 3060 789 3137 Evangelium,
812 3079 869 3135 quo
889 3078 975 3117 seusu
994 3058 1049 3118 fuit
1068 3059 1246 3137 paedagogus
1265 3058 1303 3117 ad
1323 3058 1419 3116 Chris-

220 3149 291 3211 tum,
315 3141 381 3200 Gal.
397 3141 436 3198 iii.
452 3145 510 3216 24,
533 3139 592 3199 Vel
613 3140 691 3217 quod
713 3159 763 3216 per
785 3157 878 3216 egena
899 3146 929 3197 et
948 3139 1063 3196 infirma
1084 3139 1226 3198 elementa
1246 3137 1348 3197 mundi
1369 3137 1419 3196 de·

221 3221 364 3296 scribitur,
381 3221 447 3280 Gal.
462 3220 501 3278 iv.
517 3221 545 3286 9,
568 3219 673 3296 quibus
687 3219 788 3278 tribuit
809 3219 978 3296 Apostolus,
1001 3219 1078 3277 Heb.
1093 3217 1143 3275 vii.
1161 3221 1206 3294 18,
1228 3219 1422 3282 absterrebant

219 3301 361 3368 denerata:
383 3299 457 3372 Quia
472 3298 581 3356 Paulus
594 3318 653 3357 non
666 3298 795 3378 loquitur
809 3298 845 3356 de
859 3298 1037 3357 caeremoniis
1052 3298 1082 3354 in
1095 3297 1226 3374 legitimo
1241 3317 1292 3356 suo
1308 3318 1362 3356 usu
1383 3318 1421 3355 ex

224 3379 281 3436 Dei
295 3380 427 3437 instituto
442 3379 496 3436 sub
510 3377 548 3436 V.
564 3378 608 3451 T,
624 3378 676 3436 sed
690 3378 726 3437 de
741 3379 799 3436 illis
817 3378 879 3456 jam
893 3376 1042 3452 abrogatis
1056 3384 1085 3433 et
1099 3377 1236 3434 emortuis
1256 3395 1309 3451 per
1322 3375 1420 3433 Chris·

221 3466 292 3532 tum,
316 3457 364 3517 vel
387 3457 418 3516 in
441 3477 471 3516 se
492 3457 680 3516 consideratis
708 3466 791 3517 extra
815 3457 941 3534 typicam
961 3454 1138 3526 relationem,
1161 3453 1299 3530 separatis
1320 3452 1381 3510 scil.
1404 3473 1422 3511 a

223 3537 347 3613 Christo,
369 3545 455 3614 prout
479 3556 528 3596 aas
541 3536 734 3613 respiciebant
753 3537 966 3610 Judai'zantes3
988 3533 1046 3592 Vel
1067 3531 1146 3610 quod
1167 3531 1230 3590 Lex
1250 3531 1357 3590 dicitur
1369 3529 1420 3589 ha·

222 3617 321 3676 buisse
341 3616 472 3675 umbram
494 3616 653 3676 futurorum
676 3616 826 3690 bonorum,
851 3634 909 3674 non
929 3614 1019 3692 ipsam
1040 3631 1135 3671 rerum
1156 3611 1319 3688 imaginem,
1343 3610 1421 3670 Heb.

223 3717 253 3754 x.
271 3699 308 3755 1:
330 3695 405 3770 Quia
418 3705 536 3771 certum,
560 3695 735 3774 Apostolum
754 3696 835 3773 loqui
855 3695 891 3753 de
907 3694 986 3771 Lege
1000 3693 1031 3751 in
1045 3712 1077 3752 se
1098 3700 1227 3768 spectata
1243 3689 1419 3768 simpliciter,

224 3775 343 3835 seorsim
358 3796 375 3834 a
390 3775 504 3835 Christo
519 3776 689 3852 Mediatore,
712 3795 769 3852 quo
785 3794 871 3834 sensu
884 3793 969 3832 nemo
983 3782 1071 3851 negat
1084 3771 1219 3830 hahuisse
1233 3779 1344 3830 tanturn
1359 3789 1421 3827 unr-
1445 3785 1449 3794 ·

223 3857 304 3915 bram
319 3855 489 3930 satureum,
501 3875 555 3915 nec
568 3855 697 3933 potuisse
708 3854 825 3931 expiare
839 3863 958 3930 peccata
968 3862 998 3913 et
1012 3851 1189 3912 sanctificare
1200 3849 1422 3910 conscientiam:

226 3935 284 3996 Sed
298 3937 353 3995 hoc
367 3956 426 3995 non
441 3936 536 3995 obstat
547 3935 701 4013 quominus
714 3934 840 4012 potuerit
850 3932 950 3992 referri
963 3933 1000 3991 ed
1012 3931 1157 3991 Christum
1171 3930 1210 3988 ad
1223 3931 1287 4008 ejus
1301 3929 1424 4006 gratiam

223 4015 459 4093 adumbrandam,
475 4016 533 4074 imo
547 4015 637 4074 verba
651 4014 787 4092 Apostoli
801 4033 835 4072 eo
849 4033 903 4072 nos
916 4011 1067 4071 manifeste
1081 4009 1199 4069 ducunt.

266 4094 339 4153 XV.
361 4097 428 4154 Non
447 4097 551 4154 melius
573 4094 721 4171 colligitur
738 4112 776 4151 ex
791 4093 852 4152 Col.
867 4093 897 4150 ii.
915 4095 962 4167 14,
983 4092 1034 4150 ubi
1055 4099 1175 4150 vocatur
1197 4089 1427 4168 Chirographurn

224 4174 309 4234 nobis
330 4175 500 4248 adversum,
523 4174 602 4250 quod
619 4174 736 4232 videtur
755 4180 855 4230 notare
875 4171 1105 4249 obsignaticuem
1126 4179 1156 4230 et
1175 4169 1428 4248 exprobrationem
1453 4213 1456 4218 ·

224 4263 321 4314 reatus
342 4253 437 4313 adhuc
457 4253 592 4312 fidelibus
612 4252 814 4328 incumbentis.
857 4251 931 4324 Quia
951 4252 1007 4311 hoc
1031 4251 1136 4311 dicitur
1159 4258 1272 4310 tantum
1295 4259 1430 4327 respectu

225 4336 330 4410 exime
346 4333 472 4412 Legalis,
487 4350 552 4410 ques
566 4352 748 4409 nequaquam
769 4331 810 4389 ita
824 4330 911 4390 dehet
924 4331 1030 4409 urgeri,
1052 4339 1086 4391 nt
1099 4331 1280 4408 Evangelica
1296 4330 1429 4389 oblitere-

224 4423 281 4488 tur,
297 4416 369 4472 alias
382 4431 531 4491 perperam
546 4412 669 4471 dixisset
691 4410 800 4469 Paulus
816 4411 1060 4469 Circumciar'onem
1072 4411 1164 4484 filicae
1176 4411 1297 4486 sigillam
1310 4409 1431 4484 Juatr'tr'oe

215 4494 297 4573 fidei,
314 4495 398 4552 Rom.
413 4495 453 4550 iv.
465 4495 512 4550 11.
536 4491 631 4552 Juxta
650 4491 775 4568 priorem
795 4489 870 4547 bene
892 4498 988 4566 potest
1008 4489 1065 4548 dici
1086 4489 1175 4547 fuisse
1196 4488 1428 4565 chirographum,

225 4574 294 4649 quia
307 4573 337 4630 in
352 4593 387 4632 ea
400 4571 455 4630 fuit
470 4571 611 4630 confessio
625 4569 736 4648 peccati
751 4576 780 4627 et
790 4577 895 4643 reatus,
910 4586 970 4626 non
983 4568 1084 4632 aboliti
1098 4587 1150 4644 per
1162 4567 1296 4626 victimas
1309 4566 1428 4702 leg-das,

225 4661 259 4712 ut
270 4653 389 4731 patebat
402 4652 433 4710 iu
447 4651 607 4726 iteratione,
630 4649 681 4710 sed
695 4646 831 4707 abolendi
851 4667 904 4724 per
917 4647 1008 4706 solam
1024 4645 1131 4706 Christi
1145 4653 1284 4722 mortem;
1306 4663 1337 4703 se
1377 4661 1430 4720 per
