3186 5210
225 253 286 312 480
625 267 720 308 rocus
734 263 867 306 acernus
881 262 1024 308 curares.
1265 245 1392 318 [cuasr.
1408 261 1438 302 r.

222 427 358 487 expresse
384 409 498 467 Paulus
523 413 657 478 testatur,
685 408 699 464 1
724 405 790 465 Cor.
805 405 844 464 iv.
860 405 896 478 7;
919 405 996 480 Eph.
1015 403 1045 461 ii.
1066 403 1093 473 8,
1110 401 1127 458 9
1139 423 1147 472 ;
1170 400 1257 459 Rom.
1279 401 1319 456 iii.
1335 401 1383 472 27,
1406 410 1436 459 ct

221 488 292 546 iv.l
320 491 346 545 2.

297 534 304 559 ’
519 563 617 622 ΧΙΙΙ.
640 565 738 622 Locus
753 563 850 634 Pauli,
867 562 882 619 l
899 561 965 621 Cor.
981 578 1030 618 xv.
1048 560 1093 631 10,
1104 577 1164 616 non
1175 559 1265 632 juvat
1279 557 1436 632 Synergis-

251 631 432 734 Ἑοξίῑοῗῃξιθω·
478 649 546 702 stas.
590 644 616 700 1.
634 643 714 709 Quia
729 642 843 698 Paulus
856 641 920 715 agit
933 643 970 696 de
985 639 1148 696 ministerio
1163 655 1227 707 suc,
1237 655 1298 694 non
1313 637 1350 693 de
1365 657 1436 695 can-

387 723 392 734 '
478 723 621 778 versione.
664 721 690 777 2.
713 720 888 778 Successurn
903 737 1022 776 omnem
1036 716 1132 790 operis
1146 733 1206 772 non
1221 717 1258 772 ad
1274 733 1312 786 se,
1328 718 1382 772 sed
1396 720 1435 774 ad

221 799 349 876 gratiam
363 801 463 858 refert.
505 799 577 856 Non
591 799 663 855 dicit
672 799 788 855 Paulus
799 797 926 870 gratiam
936 813 1036 854 secum
1046 796 1204 864 laborasse,
1215 801 1251 849 ut
1260 793 1322 867 ipse
1334 797 1438 854 veniat

222 898 291 935 cum
306 899 342 936 ea
355 881 386 936 in
400 878 499 936 laudis
514 885 544 934 et
557 877 667 934 laboris
682 877 860 946 societatem,
875 876 926 933 scd
941 881 1043 932 contra
1062 873 1094 928 id
1108 874 1190 947 quod
1211 872 1249 927 de
1263 891 1293 927 se
1307 871 1435 944 dixerat,

223 959 305 1032 quod
316 959 384 1033 plus
396 957 532 1015 omnibus
543 957 714 1024 laborasset,
724 973 776 1028 per
787 956 939 1028 quandam
950 951 1173 1026 cpanorthosim
1183 951 1251 1006 vult
1261 950 1292 1004 in
1303 951 1436 1008 solidum

222 1043 376 1110 acceptum
396 1037 473 1093 ferre
493 1034 596 1108 gratia
616 1052 684 1108 quae
705 1051 804 1089 secum
826 1040 897 1090 erat.
941 1031 1015 1088 Ideo
1035 1031 1128 1086 verba
1141 1039 1153 1088 i
1166 1039 1235 1101 χάρις
1249 1038 1289 1083 nt
1301 1039 1355 1084 esst
1373 1039 1437 1087 tat,

224 1122 279 1184 ipat,
295 1133 355 1170 non
370 1120 441 1173 sunt
454 1113 607 1170 reddenda
620 1131 688 1169 cum
705 1111 743 1168 V.
761 1109 799 1168 V.
814 1111 914 1187 pratia
927 1109 988 1167 Dei
1000 1127 1108 1166 mecum
1129 1109 1234 1183 supple
1249 1120 1368 1184 operata
1382 1119 1438 1181 est,

223 1199 258 1248 ut
270 1193 416 1250 vellenta
436 1191 549 1266 Lapidc
563 1199 593 1247 et
607 1191 736 1259 Tirinus,
752 1190 803 1245 sed
821 1191 920 1266 qratia
933 1187 1000 1258 Dei,
1016 1208 1080 1264 quw
1100 1207 1208 1243 mecum
1229 1198 1277 1257 est,
1293 1190 1438 1264 quodvis

224 1269 343 1327 articuli
364 1270 472 1340 innuit,
487 1277 522 1326 ut
543 1269 687 1344 significet
708 1269 851 1342 quicquid
874 1267 1013 1344 praestitit
1033 1268 1064 1324 in
1089 1266 1190 1322 labore
1213 1283 1276 1335 suo,
1291 1285 1350 1323 non
1378 1267 1437 1324 sibi

224 1349 351 1406 adscribi
365 1349 451 1417 velle,
467 1350 518 1405 sed
533 1348 637 1422 gratiae
653 1347 711 1404 Dei
725 1365 792 1420 quae
807 1367 907 1404 secum
921 1346 990 1402 fuit.

266 1426 357 1484 XIV.
381 1427 477 1484 Aliud
492 1434 537 1484 est
550 1426 634 1500 loqui
655 1427 692 1482 de
713 1426 923 1498 cooperatione
945 1424 1103 1481 hominum
1123 1440 1192 1479 cum
1213 1422 1278 1479 Deo
1299 1425 1337 1480 ad
1360 1443 1439 1499 opus

225 1504 380 1562 ministerii
392 1527 400 1576 ;
423 1505 517 1562 Aliud
531 1507 569 1561 de
593 1505 800 1579 cooperatione
814 1521 920 1560 corum
933 1504 970 1560 ad
993 1521 1067 1576 opus
1088 1501 1294 1558 conversionis.
1336 1501 1437 1559 Priori

226 1600 314 1640 sensu
329 1584 469 1642 dicuntur
484 1594 580 1656 ιωιςγιι
595 1593 655 1652 erat,
671 1583 689 1639 2
704 1582 772 1640 Gor.
787 1583 826 1640 vi.
845 1583 870 1651 1,
884 1581 945 1638 etl
962 1581 1028 1638 Cor.
1042 1580 1083 1638 iii.
1100 1581 1127 1649 9,
1142 1579 1214 1653 quia
1234 1579 1317 1636 Deus
1331 1598 1438 1638 corum

227 1678 318 1734 opera
330 1669 360 1719 et
374 1661 537 1719 ministerio
552 1661 647 1718 utitur
661 1662 699 1718 ad
713 1660 955 1735 praedicationem
977 1659 1134 1733 Evangelii
1149 1665 1179 1713 ct
1194 1657 1330 1716 Ecclesiae
1345 1660 1439 1716 redifi-

226 1740 382 1810 cationem‚
397 1741 467 1798 licet
486 1741 517 1796 in
533 1741 598 1798 vitae
613 1749 642 1798 et
661 1739 876 1796 benedictionis
890 1757 924 1795 ao
944 1736 1117 1794 incrementi
1138 1737 1295 1794 collatione
1316 1738 1439 1800 nullum

227 1816 310 1874 Deus
323 1820 433 1876 habeat
447 1828 556 1892 aava,
571 1838 631 1875 ver.
648 1819 666 1875 6
678 1839 685 1887 ;
716 1817 775 1875 Sed
789 1816 944 1892 posteriori
958 1833 1046 1872 nemo
1061 1815 1120 1872 dici
1141 1822 1238 1888 potest
1259 1815 1315 1871 Dei
1330 1835 1439 1891 coope-

226 1895 324 1953 rarius
337 1897 368 1953 in
383 1899 479 1971 primo
494 1897 656 1954 vocationis
670 1903 831 1966 momento,
846 1913 907 1970 quo
921 1895 999 1951 vires
1013 1892 1153 1950 credendi
1165 1893 1251 1950 nobis
1264 1893 1386 1952 dantur.

269 1973 340 2032 XV.
365 1974 469 2043 Quum
494 1975 621 2050 Spiritus
641 1974 750 2032 dicitur
773 1981 790 2008 “
800 1974 945 2047 adjuvare
966 1973 1149 2028 infirmitates
1174 1974 1318 2042 nostras,”
1345 1973 1436 2030 Rom.

226 2053 288 2109 viii.
301 2053 348 2124 26,
359 2071 420 2111 non
435 2055 534 2128 agitur
548 2055 585 2110 de
599 2053 813 2123 convertendis,
826 2053 877 2110 sed
891 2054 928 2108 de
943 2051 1092 2108 conversis
1106 2057 1136 2108 et
1150 2049 1295 2120 fidelibus
1307 2070 1440 2125 quorum

227 2130 413 2189 infirmitates
420 2132 696 2206 Spiritussublevat,
706 2132 936 2206 maximequum
948 2130 1103 2186 intercedit
1113 2147 1167 2202 pro
1172 2128 1251 2203 ipsis,
1258 2137 1288 2186 et
1293 2147 1343 2186 eos
1352 2147 1440 2187 orare

227 2209 391 2266 nescientes
401 2211 495 2268 docet.
539 2210 571 2267 Si
584 2210 719 2267 homines
740 2210 878 2284 adjuvari
894 2207 1151 2276 dicunturaDeo,
1166 2225 1227 2263 non
1248 2209 1287 2263 ad
1307 2207 1439 2282 gratiam

226 2286 1440 2361 primametpraevenientem,quaconvertuntur,rcserendumest,sedadcoucomi·

227 2369 350 2431 tantem,
360 2382 412 2437 per
422 2383 514 2439 quam
526 2366 659 2420 conversi
673 2371 813 2421 tenentur
827 2366 953 2422 salutem
968 2382 1053 2420 suam
1063 2381 1238 2438 promovere
1250 2372 1279 2420 et
1289 2367 1438 2438 perticere.

268 2440 359 2497 XVI.
383 2441 480 2498 Aliud
489 2449 533 2498 est
542 2442 694 2498 hominem
705 2443 814 2499 habere
825 2443 953 2500 liberum
962 2442 1128 2512 arbitrium,
1139 2441 1234 2499 Aliud
1246 2461 1298 2517 per
1308 2444 1440 2501 liberum

227 2519 383 2577 arbitrium
397 2539 482 2595 posse
495 2521 597 2594 gratiae
612 2520 773 2593 cooperari.
815 2519 886 2576 Nou
901 2538 1046 2593 negamus
1059 2520 1211 2576 hominem
1225 2539 1320 2596 quum
1339 2522 1439 2596 primo

228 2597 411 2656 convertitur
424 2600 533 2657 habere
544 2599 673 2656 liberum
688 2598 852 2667 arbitrium,
868 2599 941 2655 alias
955 2616 993 2654 ne
1006 2600 1098 2654 horno
1112 2597 1232 2671 quidem
1254 2607 1337 2657 esset.
1380 2601 1440 2658 Sed

227 2695 372 2750 negamus
385 2697 470 2752 posse
484 2679 550 2735 Deo
565 2676 725 2752 cooperari,
740 2678 788 2733 vel
802 2677 1003 2734 indifferenter
1018 2695 1047 2734 se
1061 2677 1170 2733 habere
1185 2679 1223 2734 ad
1239 2678 1441 2752 recipiendam

227 2755 275 2812 vel
290 2755 481 2827 rejiciendam
495 2757 632 2832 gratiam.

269 2832 380 2891 XVII.
404 2834 549 2902 Quamvis
562 2839 653 2894 homo
665 2853 725 2892 non
739 2835 831 2909 possit
844 2833 996 2909 cooperari
1007 2834 1072 2890 Deo
1084 2835 1211 2905 vocanti,
1224 2852 1284 2891 non
1294 2835 1440 2909 sequitur,

229 2909 288 2968 Vel
309 2913 375 2969 tolli
396 2931 514 2972 omnem
535 2914 722 2990 diligentiam
733 2921 763 2971 et
771 2913 905 2970 studium
926 2914 956 2969 in
968 2913 1025 2970 fide
1046 2915 1440 2984 exercendaetexcolenda;

230 2988 290 3046 Vel
305 2993 424 3048 nullum
438 2993 539 3050 locum
552 2995 661 3052 habere
671 2999 819 3068 praecepta
829 2999 859 3048 ct
872 2992 1099 3065 promissiones3
1122 2991 1182 3050 Vel
1197 3011 1258 3049 uon
1269 2994 1441 3050 laudandos

228 3085 292 3124 esse
306 3070 359 3143 qui
373 3071 490 3128 credere
504 3078 534 3129 et
553 3073 722 3148 resipiscere
735 3072 852 3141 volunt,
867 3089 921 3128 nec
941 3089 1060 3146 peccare
1081 3070 1133 3148 qui
1153 3071 1272 3128 nolunt.
1315 3073 1340 3128 1.
1358 3070 1440 3138 Quia

229 3146 386 3220 diligentia
399 3155 430 3205 et
443 3150 576 3207 studium
590 3150 720 3208 hominis
733 3169 794 3206 non
809 3169 844 3206 eo
858 3149 994 3223 pertinet,
1007 3155 1042 3206 ut
1054 3151 1145 3208 horno
1166 3149 1231 3206 Deo
1253 3157 1439 3224 cooperetur,

229 3242 325 3298 quum
339 3227 470 3301 primum
484 3229 685 3298 convertitur;
708 3229 758 3285 sed
772 3235 807 3285 ut
821 3228 966 3286 excitatus
980 3234 1009 3284 et
1023 3246 1182 3286 conversus
1196 3247 1214 3285 a
1235 3229 1300 3286 Deo
1315 3235 1395 3303 agat,
1410 3234 1441 3285 et

230 3303 359 3359 salutem
379 3321 466 3362 suam
485 3308 625 3379 perficiat.
667 3307 694 3363 2.
712 3306 792 3373 Quia
805 3314 952 3382 precepta
965 3314 994 3364 et
1014 3307 1222 3381 promissiones
1235 3315 1306 3364 suut
1325 3307 1440 3380 regulae

231 3378 328 3450 officii,
343 3399 405 3437 non
426 3401 567 3441 mensura
580 3385 698 3454 virium,
721 3391 751 3440 ot
764 3385 850 3442 nulla
864 3405 901 3442 ex
915 3392 1061 3460 praecepto
1075 3385 1212 3454 facultas,
1228 3387 1275 3442 vel
1290 3406 1327 3444 ex
1341 3386 1439 3443 officio

230 3455 309 3518 ¹vires
319 3458 518 3534 colliguntur;
531 3479 599 3518 cunr
605 3461 688 3518 Deus
700 3461 912 3537 sapientissime
921 3464 1072 3521 hominem
1083 3470 1113 3520 et
1124 3463 1245 3522 officiiet
1256 3465 1440 3540 impotentiae

231 3552 292 3592 suae
315 3537 476 3594 admoneat
499 3556 552 3612 per
573 3539 724 3610 mandata,
748 3540 845 3614 iisque
860 3548 1004 3617 tanquam
1018 3542 1124 3599 mediis
1139 3547 1243 3599 utatur
1256 3544 1295 3600 ad
1309 3543 1340 3600 id
1355 3546 1440 3618 quod

230 3613 364 3687 praecipit
377 3614 571 3673 efficiendum.

272 3690 403 3750 XVIII.
426 3691 512 3751 Licet
531 3695 562 3750 in
586 3697 809 3769 regeneratione
824 3699 870 3754 sui
890 3699 980 3756 horno
1002 3700 1178 3776 praeexistat,
1201 3701 1282 3774 quod
1305 3719 1366 3758 non
1381 3702 1442 3760 dici

231 3778 327 3847 potest
335 3771 373 3828 de
384 3772 575 3845 generatione
587 3774 729 3846 naturali;
746 3774 856 3834 Existit
869 3784 1012 3850 tanquam
1027 3779 1194 3852 subjectum
1209 3778 1359 3854 passivum
1371 3799 1443 3855 ope-

231 3849 354 3908 rationis
378 3850 492 3920 alienae‚
515 3870 575 3908 non
598 3859 633 3908 ut
654 3853 833 3928 principium
857 3855 1036 3930 operationis
1064 3858 1210 3931 propriae:
1243 3855 1283 3914 Et
1307 3857 1331 3914 si
1355 3867 1443 3918 actus

230 3929 336 3987 vitales
356 3930 426 3999 edit,
441 3930 590 4004 pertinent
603 3931 642 3988 ad
657 3932 750 3989 vitam
769 3935 937 3992 naturalem
951 3941 981 3990 et
994 3933 1162 4006 animalem,
1182 3955 1242 3993 non
1255 3935 1443 4010 spiritualem

231 4007 344 4082 gratiae,
356 4015 490 4082 respectu
500 4010 586 4084 cujus
597 4009 706 4068 dicitur
716 4013 804 4086 plane
819 4019 963 4070 mortuus.

272 4085 364 4143 XIX.
385 4087 515 4144 Tantum
532 4089 674 4160 elvestat
696 4091 893 4165 pergratiam
917 4090 983 4160 Dei,
1005 4096 1126 4152 exclusa
1149 4094 1279 4151 hominis
1302 4111 1445 4168 coopera-

231 4163 320 4234 tione,
335 4164 464 4222 laedatur
477 4167 606 4225 hominis
621 4169 769 4240 voluntas,
785 4177 819 4226 ut
838 4169 938 4245 potius
958 4173 1134 4245 perficiatur,
1151 4191 1243 4248 quum
1259 4191 1278 4230 a
1297 4171 1444 4231 servitute

232 4241 344 4315 peccati
358 4244 525 4302 traducitur
539 4247 577 4302 ad
592 4246 760 4304 libertatem
770 4248 884 4321 gratiae,
900 4248 974 4319 Dec,
990 4250 1042 4323 qui
1056 4252 1244 4309 voluntatem
1258 4250 1336 4320 fecit,
1352 4259 1443 4308 natu-

232 4337 295 4376 ram
309 4320 374 4393 ejus
387 4325 552 4380 atmodum
568 4323 677 4399 agendi
691 4344 751 4382 non
766 4327 898 4396 tollente,
921 4328 972 4384 sed
995 4331 1196 4387 confirmante.
1239 4328 1304 4386 Nec
1318 4328 1376 4385 nisi
1391 4331 1445 4388 ab·

231 4397 320 4453 surde
334 4397 441 4455 dicitur
455 4400 485 4456 in
500 4407 641 4459 truncum
661 4404 779 4473 mutari,
795 4423 861 4461 cum
881 4423 941 4462 non
956 4413 1075 4464 tanturn
1096 4409 1263 4483 subjectum
1284 4409 1322 4464 sit
1339 4419 1445 4480 rapat,

232 4475 314 4546 quod
325 4492 418 4548 capax
430 4484 474 4534 est
484 4485 514 4534 ct
525 4480 675 4537 conscium
686 4481 799 4554 gratiae,
812 4483 861 4540 sed
873 4491 903 4540 et
913 4483 1149 4544 instrumentum
1161 4488 1264 4544 vivum
1275 4493 1306 4544 et
1316 4489 1444 4557 morale,

232 4567 293 4621 quo
308 4551 391 4608 Deus
408 4555 504 4612 utitur
522 4557 561 4614 ad
580 4559 803 4617 conversionem
822 4563 970 4620 actualem
994 4564 1024 4621 in
1049 4585 1084 4623 eo
1107 4565 1316 4641 perficiendam
1323 4585 1331 4636 ;
1358 4570 1444 4640 quod

231 4631 393 4700 utrumque
407 4633 444 4688 de
458 4639 563 4692 bauco
578 4635 636 4692 dici
650 4637 762 4710 nequit.
