3150 5206
220 323 280 384 200
671 335 761 378 accos
776 335 976 378 nuenscrncs.
1234 315 1360 400 [eumer.
1374 337 1431 380 vn.

222 490 336 543 tentum
350 487 426 540 esset
439 477 564 556 typicus,
578 484 612 537 ut
625 477 742 556 typicus
756 477 812 540 init
825 479 958 559 ιπμιις,
980 477 1049 538 Aet.
1064 476 1106 536 vii
1129 479 1178 554 35,
1200 485 1234 538 ιιι
1253 477 1380 538 famulus
1398 478 1431 538 in
1553 523 1554 546 ,

224 563 311 622 domo
325 559 391 634 Dei,
407 557 484 620 Heb.
498 556 540 618 iii.
555 561 583 636 2,
599 557 880 634 estimandus
895 576 992 618 menas
1015 558 1091 618 inter
1107 519 1208 620 baum
1229 566 1259 618 et
1280 559 1430 637 populum,
1553 549 1554 624 l

225 642 313 702 Daue.
326 659 356 700 v.
371 641 420 700 31·
526 717 670 779 XXVII.
691 719 797 778 M„
811 717 1007 795 masana
1021 716 1076 778 nsit
1089 725 1231 796 augustus
1242 726 1272 777 et
1281 717 1430 794 tenibilis,

244 785 331 833 ”⁰⁶²⁸
342 783 448 854 nosula-
485 797 645 859 uonmodo
665 799 934 876 propterterminos
947 797 1025 858 circe
1037 806 1165 858 montem
1181 797 1301 876 positos,
1316 817 1354 858 ne
1368 799 1430 857 eui·
1553 857 1554 872 ,

304 845 387 889 ΗΜ
486 897 573 956 quam
587 878 661 938 liber
674 897 808 938 accessus
822 877 946 954 deretur,
967 897 1054 956 poena
1067 877 1168 938 mortis
1182 877 1357 938 denunciata
1374 879 1429 954 illi,

224 959 277 1038 qui
295 959 328 1020 in
347 966 475 1020 monum
489 956 654 1034 ascendere,
669 957 719 1017 vel
737 967 849 1036 partem
862 957 927 1035 ejus
940 966 1060 1036 tangere
1074 958 1238 1032 sustineret,
1254 957 1351 1017 Exed.
1365 958 1430 1017 xix.

226 1043 273 1117 13,
289 1039 442 1100 sedetiam
456 1039 644 1116 exsigniset
663 1037 805 1116 prodigiis
824 1036 1102 1116 horribilibusque
1121 1037 1305 1116 presentiam
1321 1037 1378 1096 Dei
1396 1038 1429 1096 in

222 1128 321 1180 monte
332 1119 553 1194 comitabantur,
566 1117 661 1176 Excd.
673 1118 745 1194 xix,
758 1126 788 1178 et
797 1117 875 1179 Heb.
886 1117 948 1194 xii,
959 1117 1066 1195 quibus
1076 1137 1135 1176 non
1143 1117 1269 1195 populus
1274 1116 1427 1192 duntaxat,

221 1199 277 1301 ped
290 1200 390 1260 Moses
403 1200 466 1278 ipse
479 1207 558 1291 totus
572 1198 753 1274 contremuit,
769 1205 910 1291 etaperte
923 1197 1070 1290 professus
1084 1206 1129 1258 est
1143 1217 1174 1256 se
1188 1215 1251 1290 esse
1264 1194 1369 1290 inposta
1381 1202 1429 1256 eal

222 1276 1429 1435 hhlsbbatttlhlltjtttl?,timendum

223 1457 312 1516 quam
322 1437 421 1498 nullus
430 1436 494 1499 dari
506 1445 604 1514 potest
616 1437 762 1514 peccatori
775 1436 813 1495 ed
825 1437 921 1498 Deum
931 1455 1074 1514 accessus,
1089 1437 1148 1497 imo
1157 1436 1231 1495 nihil
1241 1436 1322 1496 aliud
1332 1445 1377 1496 est
1390 1457 1429 1496 ex

224 1537 265 1593 se,
280 1537 368 1596 quam
380 1515 571 1577 ministerium
585 1515 688 1576 mortis
700 1523 730 1576 et
744 1515 1002 1578 condemnationis.

446 1662 452 1674 ,
527 1596 689 1656 XXVIII.
719 1596 820 1674 Atque
846 1596 916 1656 binc
939 1616 998 1655 non
1022 1596 1144 1656 obscure
1168 1593 1324 1673 colligitur,
1351 1595 1429 1672 Quid

223 1661 466 1768 npoepppaloffisrc
486 1675 672 1738 statuendum
686 1676 724 1736 sit
734 1676 811 1738 circa
821 1675 1026 1753 Quaestionem,
1041 1696 1106 1753 quae
1119 1676 1168 1735 hic
1177 1683 1312 1735 movetur
1325 1695 1343 1735 a
1355 1697 1427 1736 non-

340 1735 369 1781 gr
484 1755 582 1834 nullis,
604 1755 655 1815 An
669 1756 836 1835 Decalogus
859 1755 890 1814 in
903 1764 1002 1815 monte
1028 1755 1109 1814 Siuai
1128 1755 1338 1833 promulgatus,
1353 1756 1427 1816 nihil

222 1836 280 1897 nisi
300 1835 396 1898 foedus
415 1837 517 1916 gretia
537 1836 721 1913 continuerit,
741 1845 772 1897 et
791 1855 894 1915 puram
907 1835 971 1913 ejus
985 1835 1222 1914 stipulationem?
1262 1836 1336 1894 Cum
1350 1837 1427 1895 enim

223 1935 262 1976 ex
282 1916 319 1978 ils
332 1936 398 1995 quea
414 1919 538 1995 jamjam
554 1915 722 1992 dictasunt,
738 1924 852 1976 constet
866 1915 999 1992 spalmis
1012 1915 1097 1975 istius
1110 1913 1228 1974 modum
1242 1913 1332 1974 fuisse
1345 1917 1427 1975 teni·

221 1995 318 2073 licum,
333 1997 385 2074 qui
397 2005 507 2058 metum
520 1995 662 2056 incuteret
675 1995 868 2071 conscientiis,
880 2014 986 2072 easque
999 1993 1141 2054 minarum
1155 1995 1251 2072 rigore
1265 2002 1427 2055 removeret

222 2095 241 2136 a
256 2076 312 2135 Dei
326 2084 491 2154 conspectu,
505 2095 590 2134 nemo
604 2094 664 2133 non
676 2073 759 2134 videt
777 2075 833 2134 hoc
846 2093 906 2134 non
919 2094 983 2135 esee
996 2079 1088 2151 νχιμι
1101 2074 1149 2134 vel
1170 2074 1288 2152 gauium
1307 2075 1425 2135 foederis

223 2156 334 2233 gratiss,
349 2155 428 2232 quod
442 2155 538 2214 Deum
553 2154 700 2230 placatum
713 2151 798 2212 nobis
811 2153 939 2229 exhibet,
954 2163 983 2214 et
996 2161 1162 2232 peccatores
1176 2152 1214 2212 ad
1233 2154 1329 2231 ipsum
1343 2175 1425 2214 revo-

222 2243 270 2294 cat
290 2235 434 2294 suavitate
453 2233 685 2312 promissionum.
727 2231 815 2294 Adde
828 2232 907 2310 quod
921 2233 993 2310 Lex,
1009 2255 1074 2312 qua
1089 2233 1237 2310 Deealcgo
1254 2234 1425 2309 continetur,

218 2313 294 2392 juris
309 2320 353 2374 est
366 2313 514 2388 naturalis,
529 2311 650 2372 fundata
662 2311 693 2370 in
708 2311 765 2371 Dei
775 2313 908 2390 justitia:
943 2311 987 2373 At
1000 2313 1094 2374 foedus
1109 2314 1210 2391 gratiae
1219 2313 1295 2390 juris
1307 2314 1426 2391 positivi

222 2401 253 2452 et
272 2392 366 2468 liberi,
387 2391 539 2452 fundatum
557 2391 589 2450 in
603 2393 667 2469 ejus
680 2388 776 2472 aillamis
789 2401 819 2452 et
832 2392 1036 2454 misericordia.
1078 2393 1163 2453 Istud
1186 2393 1361 2471 Sponsorern
1375 2413 1424 2453 ex·

221 2472 312 2547 hibet,
324 2479 354 2531 et
363 2471 560 2532 remissionem
571 2479 755 2550 peccatorum
766 2480 795 2532 et
806 2472 928 2532 salutern
939 2473 969 2532 in
979 2474 1044 2551 ejus
1055 2473 1250 2534 satisfactione
1263 2473 1424 2551 pollicetur,

222 2571 277 2612 nec
291 2551 485 2612 obedientiam
498 2559 611 2612 tentum
625 2551 727 2630 exigit,
744 2551 797 2612 sed
818 2560 848 2612 et
862 2552 957 2614 efficit.
1003 2554 1062 2614 Sed
1075 2553 1106 2612 in
1121 2552 1269 2630 Decelogo
1283 2553 1364 2612 nulla
1377 2556 1425 2614 vel

224 2631 378 2711 Sponsoris
391 2631 508 2709 mentio,
523 2632 573 2692 vel
591 2632 694 2692 salutis
708 2631 811 2694 danda
831 2633 1030 2710 peccatoribus
1044 2631 1197 2711 promissio
1211 2633 1352 2709 occurrit3
1375 2633 1426 2692 sed

222 2731 302 2772 mera
341 2712 473 2774 remissio
486 2713 556 2774 vitre
576 2711 757 2789 facientibus,
774 2723 803 2774 et
816 2712 1078 2791 transgressoribus
1099 2712 1293 2774 interminatio
1314 2712 1423 2772 mortis.

223 2790 310 2854 Unde
368 2813 389 2851 x
409 2812 537 2870 operum,
552 2813 618 2872 quae
638 2792 669 2852 in
688 2793 838 2870 Decalogo
857 2793 990 2870 babetur,
1007 2792 1080 2870 Legi
1099 2792 1177 2868 fidei,
1193 2800 1222 2852 et
1236 2792 1424 2852 Promissioni

222 2872 324 2950 ςιιιιιι
338 2871 416 2951 apud
430 2873 554 2933 Paulum
573 2872 682 2952 passim
696 2872 993 2950 contradistinguitur,
1009 2872 1094 2932 Rom.
1110 2871 1150 2930 iii.
1165 2875 1213 2950 27,
1231 2871 1297 2932 Gal.
1317 2873 1358 2932 ιιι.
1376 2875 1422 2948 17,

225 2953 272 3029 18,
287 2952 356 3030 quia
374 2962 407 3013 ut
426 2951 491 3012 Lex
512 2972 571 3012 non
589 2961 686 3014 estex
706 2952 773 3030 fide,
794 2952 860 3012 Gal.
882 2951 923 3012 ιιι.
940 2955 986 3030 12,
1009 2953 1050 3010 ita
1069 2971 1123 3012 nec
1144 2951 1218 3011 fides
1231 2971 1270 3010 ex
1291 2951 1379 3030 Lege,
1395 2960 1425 3012 et

221 3039 303 3092 tante
315 3041 360 3092 cst
372 3032 448 3094 inter
460 3033 518 3094 ista
531 3033 589 3094 duo
602 3033 698 3093 media
711 3033 907 3108 contrarietas,
922 3041 956 3092 ut
968 3033 1054 3111 plane
1068 3031 1126 3092 sint
1138 3030 1280 3092 ιισιηιτι.

262 3112 393 3173 XXIX.
425 3113 510 3188 Quod
533 3133 592 3174 non
613 3113 680 3174 ideo
701 3111 833 3189 dicimus,
857 3113 941 3191 quasi
964 3111 1013 3172 vel
1036 3131 1143 3189 negare
1162 3113 1287 3172 velimus
1312 3111 1421 3173 Foedus

222 3192 324 3269 gratiss
338 3213 404 3253 cum
419 3193 561 3254 Israelitis
582 3201 652 3253 tunc
672 3201 789 3269 pactum
807 3193 904 3270 fuisse,
920 3191 999 3270 quod
1019 3211 1155 3270 expresse
1179 3192 1307 3268 docetur,
1334 3192 1421 3252 Dent.

222 3291 250 3330 v.
267 3275 295 3348 2,
310 3279 340 3331 et
359 3272 444 3331 facile
463 3271 618 3348 colligitur,
640 3280 703 3330 tum
721 3273 837 3350 exejus
851 3275 1089 3350 sanctioraque
1111 3271 1233 3332 refertur
1247 3272 1343 3332 Excd.
1358 3273 1421 3332 xix.

222 3353 251 3427 5,
266 3359 329 3411 turn
342 3369 381 3408 ex
394 3351 458 3426 ejus
473 3349 585 3410 solenni
598 3349 823 3426 confirmatione,
842 3361 872 3411 et
895 3353 1093 3427 ratificatioue,
1108 3371 1174 3429 quae
1187 3352 1310 3412 habetur
1324 3353 1421 3412 Exod.
1454 3410 1464 3424 ,

221 3429 314 3504 xxiv,
321 3429 373 3490 ubi
381 3429 490 3488 mentio
500 3429 534 3488 fit
544 3428 717 3506 aspersionis
728 3431 878 3508 sanguinis
887 3431 1079 3508 victimarum,
1091 3439 1121 3492 et
1126 3451 1259 3492 accessus
1271 3431 1424 3492 Seniorum

221 3509 260 3568 ad
283 3509 387 3568 Deum.
428 3508 487 3567 Vel
510 3509 594 3586 qnasi
617 3507 789 3568 arbitremur
811 3510 992 3589 Deealogum
1013 3512 1086 3570 nihil
1109 3531 1261 3574 commuue
1284 3510 1421 3572 habuisse

220 3608 288 3648 eum
306 3585 414 3647 foedere
434 3587 544 3665 gratiss,
566 3596 596 3649 et
615 3587 688 3648 nihil
709 3587 790 3650 aliud
806 3589 1006 3669 subsequam
1026 3591 1121 3670 ipsum
1141 3591 1236 3651 fredus
1249 3611 1377 3670 operum,
1392 3593 1422 3650 in

221 3687 288 3728 eum
307 3667 395 3726 finem
413 3676 591 3745 renovatum,
613 3676 646 3728 ut
664 3669 804 3746 populum
824 3670 863 3730 ad
882 3670 956 3731 illud
976 3679 1135 3747 revocaret,
1154 3679 1188 3732 ut
1205 3693 1243 3732 ex
1264 3671 1316 3731 illo
1330 3673 1422 3732 vitam

221 3754 372 3826 quareret.
414 3748 487 3808 Cum
501 3748 577 3808 enim
592 3747 656 3809 Lex
669 3748 746 3810 facta
760 3751 798 3810 sit
810 3749 924 3810 infirma
937 3751 968 3810 in
982 3769 1067 3811 carne
1080 3759 1147 3828 post
1159 3759 1319 3830 peccatum,
1336 3752 1420 3811 Rom.

220 3827 282 3888 viii.
298 3831 326 3906 3,
341 3827 529 3905 impossibilis
542 3837 572 3890 et
585 3829 665 3892 invia
677 3829 792 3908 penitus
805 3830 916 3888 homini
929 3851 981 3908 per
990 3850 1055 3892 eam
1068 3829 1145 3892 facts
1158 3840 1203 3892 ast
1213 3831 1352 3892 advitam
1363 3831 1420 3892 via

222 3907 309 3969 Unde
332 3907 441 3970 Paulus
463 3916 593 3986 testanu,
618 3910 727 3987 Legem
750 3929 809 3970 non
834 3909 931 3970 delam
955 3929 1027 3987 esse,
1050 3931 1116 3989 quae
1138 3921 1239 3991 posset
1262 3912 1419 3987 vivificare,

222 3987 288 4049 Gal.
302 3988 344 4050 ιιι.
359 3993 407 4067 21,
421 3989 470 4048 vel
484 3997 517 4050 ut
529 3990 717 4068 abrogaretur
730 3988 882 4067 promissio
895 3991 1029 4068 primitus
1042 3991 1118 4067 dats,
1134 4012 1163 4050 v.
1177 3995 1223 4067 17,
1239 3991 1291 4050 sed
1300 4001 1421 4069 propter

221 4071 461 4147 transgressiones,
477 4078 511 4131 ut
523 4077 632 4130 retecto
651 4089 704 4148 per
716 4088 780 4130 eam
800 4079 928 4146 peceato,
950 4069 1055 4131 elarius
1073 4079 1186 4150 pateret
1206 4071 1309 4150 gratia
1321 4091 1420 4132 necas·

217 4149 298 4212 sites.

260 4229 374 4294 XXX.
396 4230 443 4290 Its
461 4237 539 4290 recte
552 4229 659 4290 dicitur
674 4229 853 4306 Decalcgum
867 4229 905 4288 ad
919 4229 1029 4292 Fredus
1043 4231 1145 4308 gratia
1164 4231 1347 4309 pertinuisse,
1362 4231 1420 4290 imo

219 4324 257 4370 ex
271 4310 335 4389 ipso
348 4309 551 4388 quadantenus
563 4307 692 4384 fluxisse,
707 4315 850 4385 quatenus
863 4329 901 4370 ex
919 4310 975 4370 Dei
996 4311 1116 4370 consilio
1136 4311 1337 4390 promulgatus
1358 4311 1420 4387 fuit,

218 4399 252 4450 ut
271 4391 316 4451 illi
335 4391 497 4466 inserviret,
513 4396 575 4449 tum
589 4387 791 4448 antecedenter
811 4388 902 4452 instar
921 4390 1084 4468 pedagogi,
1106 4409 1158 4468 per
1177 4391 1289 4469 peccati
1303 4391 1418 4450 convic-

218 4471 327 4530 tionem
347 4469 480 4532 hominss
499 4477 580 4528 metu
599 4468 700 4528 mortis
720 4469 867 4546 perculsos
880 4478 911 4530 et
925 4489 956 4528 se
971 4469 1156 4547 desperantes
1175 4470 1213 4529 ed
1234 4471 1308 4530 illud
1329 4470 1417 4531 dedu·

218 4549 319 4627 cende,
334 4558 396 4610 tum
410 4555 619 4626 consequenter
636 4546 730 4628 instar
743 4567 859 4626 normes,
874 4549 1046 4610 obedientie
1059 4560 1090 4609 et
1103 4550 1265 4611 sanctitatis
1278 4551 1417 4629 regulam,

217 4649 282 4708 que
296 4649 314 4690 a
328 4630 392 4690 Dec
406 4629 437 4688 in
450 4627 557 4690 foedere
572 4627 672 4705 gratiae
686 4627 864 4708 exigebatur,
879 4627 1102 4710 praescribendo.
1138 4631 1237 4709 Atque
1251 4630 1319 4692 hinc
1330 4631 1417 4690 etiem
