3146 5210
218 333 276 392 sto
601 341 692 386 rocos
707 343 837 387 nnernus
851 341 995 394 Quantus.
1238 327 1377 411 [oense.
1393 351 1440 392 rr.

216 491 301 568 pretii
315 485 515 565 aequivalentis
526 487 706 560 solutionem,
722 497 751 547 et
765 509 829 565 quoe
843 487 955 546 obtinet
965 487 1109 545 meritorie
1120 507 1157 545 ex
1173 489 1291 566 justitia
1311 495 1335 552 J
1337 495 1437 554 udicis

216 571 416 629 liberationem
441 567 503 640 llei,
525 587 610 644 quant
625 579 663 625 ex
678 569 775 626 Verbo
801 569 857 627 Dei
870 567 1068 646 praediesmuS,
1087 567 1135 624 llli
1155 588 1225 627 vero
1238 573 1436 648 pertinaciter

217 652 360 709 reiciunt.

245 673 312 788 JIV.
335 728 441 803 Tertio,
458 728 523 785 Non
548 727 699 802 Quaeritur,
717 729 765 785 An
790 729 921 786 Christus
940 747 999 804 pro
1022 729 1099 785 nobis
1112 729 1217 788 utiliter
1230 741 1366 791 mortuus
1382 734 1430 808 sit,

216 811 254 869 id.
270 812 340 869 bono
354 818 457 882 nostro,
473 817 505 866 ut
519 827 596 864 mors
612 807 689 864 illius
703 809 786 866 nobis
800 809 891 885 prosit
902 807 1103 880 diversimode,
1119 810 1197 884 quod
1206 829 1265 868 non
1280 813 1433 873 illibenter

216 891 387 968 largiuntur.
418 889 476 946 Sed
491 888 541 945 An
555 897 684 945 mortuus
699 889 737 946 sit
746 908 804 964 pro
818 890 894 946 nobis
907 887 1082 960 substitutiva,
1098 887 1137 946 id.
1153 892 1212 948 loco
1227 901 1333 968 nostro,
1349 895 1430 952 utin

216 971 310 1030 vicem
324 978 453 1028 nostrum
468 968 640 1026 substitutus
664 987 765 1044 poenas
787 969 870 1026 nobis
894 967 1008 1026 debitas
1029 968 1057 1024 in
1083 988 1114 1026 se
1134 971 1299 1047 receperit?
1341 973 1429 1047 Quod

254 1051 422 1110 rtendimus.

217 1070 295 1188 pov·
319 1131 459 1206 Denique,
475 1147 534 1186 non
555 1128 706 1202 Quaeritur,
735 1129 783 1186 An
799 1129 930 1187 Christus
952 1127 989 1185 sit
1006 1128 1144 1186 Servatur
1158 1139 1264 1205 noster,
1287 1133 1428 1192 9919199-

217 1212 299 1269 trinoe
321 1211 475 1286 preconio,
499 1208 567 1284 quia
592 1209 667 1266 viam
685 1208 786 1267 solutis
811 1209 895 1267 uobis
915 1208 1110 1282 annunciavit,
1133 1210 1181 1267 vel
1201 1213 1265 1268 oitoe
1285 1217 1426 1290 exenrplo,

218 1293 286 1368 quin
309 1311 372 1348 earn
392 1299 421 1348 et
445 1289 601 1346 virtutibus
624 1295 653 1346 et
675 1288 821 1347 miraculis
836 1287 1025 1363 confirmarit,
1049 1289 1097 1346 vel
1106 1290 1234 1363 potentio
1263 1300 1292 1350 et
1320 1295 1431 1366 efficaci

217 1370 471 1444 communicatione,
488 1369 556 1445 quia
570 1387 633 1425 eam
648 1369 742 1444 reipsa
756 1369 876 1428 daturus
897 1377 941 1426 991
963 1387 1015 1426 suo
1034 1375 1172 1445 tempore.
1209 1371 1333 1430 Socinus
1347 1375 1426 1430 eninr

217 1452 267 1509 lib.
286 1455 312 1509 1.
327 1450 363 1508 de
381 1451 492 1508 Servat.
508 1469 570 1524 cap.
586 1451 613 1522 5,
631 1451 657 1522 6,
671 1449 733 1506 hoec
748 1449 845 1507 omniu
858 1448 973 1507 Christo
988 1449 1128 1507 coneedit.
1164 1450 1222 1508 Sed
1233 1451 1283 1508 An
1298 1455 1428 1512 maxime

216 1532 329 1609 proprie
355 1539 484 1589 servator
505 1529 589 1586 tuerit
611 1529 806 1588 satisfactione
820 1539 849 1588 et
873 1530 1000 1587 merito?
1051 1529 1134 1603 Quod
1156 1549 1262 1606 magno
1276 1534 1427 1591 molimine

216 1621 244 1670 et
258 1620 355 1689 aperte
370 1619 539 1688 oppugnent
560 1607 743 1685 Adversarii3
776 1608 939 1669 Orthodoxi
959 1617 1124 1666 constanter
1142 1619 1267 1685 urentur,
1292 1623 1321 1671 et
1335 1615 1428 1670 usmis

216 1691 393 1769 argumentis
408 1691 514 1748 invicte
529 1691 661 1766 probunt.

216 1816 236 1858 v
254 1817 314 1858 m
346 1813 419 1858 satist
418 1827 454 1858 w
517 1771 572 1828 Vl.
596 1771 723 1828 Primum
747 1770 958 1847 Argumentum
980 1767 1088 1845 petitur
1098 1769 1134 1826 ab
1149 1769 1207 1827 illis
1223 1770 1303 1844 locis,
1316 1771 1347 1828 in
1361 1771 1427 1848 qui·

239 1829 319 1976 ll}
327 1875 459 1975 ,wrm-2
480 1851 535 1941 bus
550 1851 682 1944 Christus
697 1850 801 1988 dlipitur
815 1870 868 1988 pos
881 1848 1037 1940 redemisse
1036 1894 1063 1985 d,
1077 1858 1106 1987 qt
1120 1850 1236 1988 9111ἀῖ91
1250 1852 1343 1987 Ρᾶ9119
1359 1871 1427 1989 sspir-

261 1947 320 1976 ‚x
392 1945 429 1974 em
521 1951 528 1986 ι
860 1950 888 1986 m
927 1949 1020 1986 rone
1056 1949 1144 1986 rcum
1415 1967 1427 1977 -

245 1993 311 2034 “⁰¹¹⁰
328 1945 458 2042 christii'
479 1951 862 2083 {ibriliss’siibliriniuleidsidil
873 1949 1024 2067 ibiveiam
1036 2018 1064 2066 et
1078 1950 1192 2086 proprie
1207 1949 1426 2070 ‹iiilabmsblis-

214 2092 366 2151 factionem
389 2092 451 2148 dori
465 2110 582 2148 necesse
604 2099 665 2165 est,
690 2091 813 2166 pretium
836 2091 912 2147 enim
937 2089 1007 2147 dicit
1021 2089 1108 2164 σχίσιν
1121 2091 1312 2166 adjustitiam
1328 2090 1428 2150 distri-

215 2173 354 2230 butivam.
398 2171 476 2229 Loco
490 2190 560 2227 vero
579 2191 643 2247 quae
666 2171 695 2227 id
717 2171 838 2247 probunt
860 2181 927 2228 sunt
942 2170 1029 2241 vorin,
1048 2175 1062 2226 l
1080 2171 1144 2228 Cor.
1160 2170 1199 2228 vi.
1215 2173 1262 2242 20,
1278 2172 1429 2252 ἢγοςίαὴπ

215 2257 299 2323 vauls,
328 2251 500 2326 “redempti
524 2251 593 2306 estis
620 2253 742 2326 pretio,''
769 2255 783 2307 1
811 2251 874 2308 Ρ91.
897 2250 916 2308 ἰ.
935 2253 979 2322 19,
1006 2249 1189 2326 “Redempti
1214 2251 1283 2308 ostis
1307 2271 1325 2308 a
1350 2273 1429 2311 rana

215 2330 432 2389 conversatione
448 2338 552 2402 vestre,
577 2349 634 2386 non
659 2331 745 2387 rebus
759 2330 1001 2406 corruptibilibus
1020 2349 1089 2387 auro
1104 2340 1133 2388 et
1153 2340 1282 2407 argento,
1298 2333 1350 2390 sed
1360 2353 1428 2409 pro-

215 2411 289 2470 tioso
304 2409 444 2484 sanguiue
460 2409 574 2481 Christi,
592 2417 623 2466 ut
637 2409 705 2484 ugni
720 2408 888 2486 irroulpeti,’'
921 2410 978 2468 Tit.
994 2409 1023 2467 ii.
1041 2413 1086 2481 14,
1120 2413 1140 2442 “
1150 2411 1282 2469 Christus
1296 2412 1426 2489 seipsum

214 2490 295 2548 dedit
309 2507 360 2566 pro
388 2489 481 2560 nobis,
494 2498 526 2546 ut
541 2508 593 2545 nos
605 2488 758 2546 redimeret
769 2489 806 2546 ub
817 2489 895 2546 omni
905 2489 1085 2566 iniquitntc,”
1109 2491 1184 2566 Eplr.
1200 2491 1218 2548 i.
1232 2496 1258 2566 7,
1283 2495 1301 2524 “
1313 2492 1350 2550 In
1365 2513 1424 2569 quo

214 2569 439 2647 redemptionem
469 2569 607 2626 habemus
632 2589 683 2645 per
697 2570 760 2646 ejus
785 2569 984 2645 sanguinern,'’
1008 2571 1047 2627 Et
1069 2571 1173 2628 blattlr.
1196 2591 1247 2630 xx.
1263 2574 1311 2630 28.
1343 2574 1424 2630 “Fi-

213 2652 270 2709 lins
285 2650 410 2709 hominis
431 2649 511 2707 venit
534 2657 566 2707 ut
586 2649 668 2707 duret
691 2649 816 2707 animum
840 2669 920 2707 snam
943 2649 1030 2729 uirgo
1044 2655 1098 2707 ἐπὶ
1112 2655 1221 2724 uranio,
1237 2653 1362 2728 pretinm
1377 2673 1425 2711 so·

214 2731 332 2790 lotionis
347 2751 398 2808 pro
413 2731 541 2789 multis.'’
585 2729 656 2788 Ideo
670 2750 777 2788 nomen
789 2729 863 2789 Jesu
878 2729 919 2786 illi
939 2729 1046 2805 dutum,
1062 2733 1131 2807 quia
1146 2733 1346 2790 “salvaturus
1361 2743 1425 2791 erat

216 2813 354 2890 populum
370 2831 387 2869 a
401 2812 527 2888 peccetis
542 2811 669 2884 corum,'’
694 2809 798 2870 Muttlr.
815 2809 833 2868 i.
849 2813 897 2868 21.

254 2887 327 2950 Vll.
351 2892 434 2951 Licet
449 2912 517 2950 vcro
534 2893 697 2967 Redemptio
712 2911 916 2968 nonnunquam
933 2890 961 2946 in
987 2891 1128 2967 scripture
1143 2899 1273 2949 sumetur
1285 2911 1337 2969 pro
1354 2893 1423 2950 sim-

214 2973 282 3050 plici
296 2973 474 3047 liberatione,
500 2993 564 3049 qute
579 2973 611 3030 fit
626 2973 716 3049 gratis
730 2973 810 3030 nullo
830 2970 1024 3029 intercedente
1045 2971 1146 3047 pretio,
1163 2973 1307 3048 quomodo
1323 2973 1423 3031 Moses

214 3057 339 3134 λυτςυτὴς
354 3061 481 3128 vocetur,
501 3053 566 3110 Aet.
582 3053 632 3110 vii.
649 3057 696 3127 35,
713 3062 741 3111 et
754 3053 833 3110 Deus
848 3051 953 3110 dicitur
965 3051 1121 3108 redemisse
1136 3053 1272 3128 populum
1289 3072 1373 3111 suum
1384 3073 1423 3110 ex

214 3136 357 3211 AEgypto,
383 3135 468 3192 Dent.
494 3133 544 3191 vii.
568 3135 594 3207 8,
623 3133 699 3191 Psal.
728 3133 833 3190 lxxvii.
859 3136 903 3206 lt,
926 3139 955 3188 et
976 3131 1054 3203 olibi,
1079 3132 1143 3188 Non
1167 3133 1296 3208 sequitur
1320 3133 1422 3190 eodem

215 3235 302 3273 sensu
317 3214 484 3272 sumendam
500 3233 562 3270 esse
579 3213 607 3269 in
629 3213 684 3270 hoo
709 3222 887 3289 argumento.
931 3211 994 3269 lmo
1017 3211 1109 3269 multe
1122 3213 1245 3288 probunt
1265 3213 1379 3290 proprie
1394 3224 1424 3271 et

215 3296 312 3352 stricto
325 3292 541 3368 intelligendam
551 3311 623 3349 esse:
649 3295 673 3350 1.
684 3293 758 3365 Quia
769 3293 831 3349 hoec
846 3300 889 3349 est
903 3291 1037 3368 primaria
1051 3301 1081 3349 et
1094 3292 1219 3350 maxime
1234 3294 1349 3370 proprie
1364 3293 1423 3369 sig-

214 3373 341 3430 nificatio
353 3371 515 3443 verborum,
529 3378 639 3449 λυτςοῦι,
650 3372 814 3451 insumpto,
828 3391 912 3447 nque
920 3371 1112 3429 recedendum
1122 3381 1236 3430 nonest
1250 3373 1311 3430 sine
1323 3393 1421 3432 neces-

214 3454 308 3511 sitate.
353 3451 413 3506 Nec
437 3451 492 3505 lroc
517 3449 654 3507 diffitetur
678 3451 879 3522 Adversarius,
895 3450 945 3508 lib.
962 3451 990 3508 ii.
1007 3451 1042 3509 de
1060 3452 1158 3510 Servo.
1174 3473 1236 3528 esp.
1254 3457 1279 3527 1,
1305 3455 1322 3484 “
1333 3453 1422 3510 Redi-

214 3550 292 3589 mere
315 3529 448 3604 aliquem,
466 3529 535 3584 nibil
562 3529 640 3586 nliutl
663 3531 777 3607 proprie
802 3530 954 3606 significat,
980 3551 1066 3606 quem
1082 3533 1227 3609 captivum
1252 3553 1267 3591 e
1288 3533 1423 3593 inanibus

214 3611 291 3668 illius
310 3609 358 3685 qui
380 3608 461 3664 illum
483 3607 592 3665 detinet
607 3609 674 3666 dato
688 3611 781 3686 pretio
800 3610 951 3668 liberare.’'
994 3615 1022 3668 2.
1046 3611 1121 3685 Quia
1143 3612 1269 3672 conditio
1297 3613 1422 3672 hominis

214 3688 374 3749 redimendi
398 3689 451 3747 hoc
477 3689 611 3764 postulat,
638 3698 736 3765 utpote
762 3690 820 3766 qui,
836 3709 893 3746 non
909 3689 994 3748 modo
1010 3691 1127 3750 Diaboli
1142 3703 1170 3751 et
1194 3693 1304 3767 mortis,
1327 3693 1378 3750 sed
1393 3703 1422 3751 91

214 3771 334 3849 peceati,
350 3780 408 3827 tem
424 3768 520 3846 quoad
535 3777 653 3842 rentum,
670 3790 756 3845 quem
781 3769 877 3846 quood
901 3771 1052 3844 maculam,
1077 3772 1213 3848 Legisse
1234 3774 1256 3832 J
1258 3773 1363 3831 ustitiae
1378 3773 1421 3830 di-

215 3853 290 3910 vine
316 3851 354 3910 sit
375 3849 515 3928 captivus,
533 3845 645 3914 ὑπόδικος
666 3851 800 3908 nimirum
814 3875 848 3925 cp
864 3861 918 3926 Θιᾳ
939 3860 968 3908 91
991 3851 1084 3910 Filius
1104 3853 1162 3927 irae,
1186 3873 1202 3910 e
1223 3873 1281 3930 que
1302 3853 1421 3930 proinde

214 3933 329 3992 liberari
345 3952 402 3991 non
422 3931 523 4008 potuit,
545 3931 600 3988 nisi
624 3931 691 3989 deta
716 3931 919 3989 satisfactione.
956 3935 983 3989 3.
999 3933 1079 3990 Telis
1104 3942 1148 3990 est
1172 3933 1339 4010 redemptio,
1356 3953 1420 4010 quae

215 4014 291 4073 facta
312 4021 357 4072 est
382 4013 546 4071 interventu
571 4013 664 4089 pretii,
684 4017 697 4069 1
716 4011 834 4070 Corvi
858 4013 905 4087 20,
921 4031 1058 4088 quorsum
1073 4033 1143 4071 vero
1165 4011 1265 4094 uirgae,
1281 4014 1329 4071 vel
1350 4019 1423 4089 τιμῆς

214 4094 295 4152 tieret
310 4094 425 4168 mentio,
442 4094 465 4150 si
481 4093 590 4151 nullum
613 4094 736 4169 pretium
758 4092 856 4150 datum
872 4095 938 4150 est?
958 4113 1023 4150 nam
1048 4093 1126 4171 quod
1148 4095 1271 4170 additur,
1287 4095 1342 4152 hoc
1364 4094 1419 4153 dici

215 4175 377 4252 improprie,
394 4174 462 4250 quia
476 4173 512 4231 ed
527 4174 707 4250 presentiam
723 4174 786 4250 ojus
800 4172 963 4247 liberemur,
979 4174 1069 4250 gratis
1089 4175 1267 4251 supponitur,
1284 4193 1342 4232 non
1356 4194 1420 4252 pro-

214 4255 316 4313 batur:
339 4255 397 4312 imo
407 4254 582 4312 contrarium
593 4253 684 4312 solide
696 4253 850 4329 colligitur,
863 4271 900 4310 ex
912 4273 945 4311 eo
960 4254 1037 4331 quod
1049 4255 1172 4332 pretium
1187 4255 1265 4313 istud
1276 4255 1421 4313 confertur

215 4355 281 4393 cum
299 4335 385 4393 rebus
408 4335 570 4412 quibusque
595 4334 758 4407 canssimis,
785 4353 863 4408 auro,
880 4345 1008 4411 argento,
1025 4345 1054 4394 et
1076 4335 1206 4412 gemmis,
1223 4355 1287 4412 quae
1302 4355 1369 4394 vere
1393 4345 1421 4394 91

214 4416 327 4492 proprie
343 4415 412 4473 dicti
427 4413 510 4492 pretii
535 4415 674 4472 rationem
689 4414 805 4488 habent,
824 4416 837 4470 l
856 4414 918 4472 Pet.
933 4416 952 4473 i.
977 4419 1023 4474 18.
1059 4419 1087 4473 4.
1104 4416 1164 4474 Nec
1178 4416 1264 4474 modo
1279 4415 1370 4496 sirpo
1385 4417 1422 4474 sit

215 4495 331 4571 menti0,
345 4495 396 4553 sed
411 4493 606 4573 stationique,
623 4495 700 4571 quod
715 4514 773 4552 non
787 4494 912 4572 quodvis
933 4497 1056 4572 pretium
1071 4505 1160 4570 notat,
1177 4497 1229 4554 sed
1244 4497 1420 4574 aequivuleus

215 4577 321 4649 debito,
338 4586 367 4635 et
388 4576 445 4633 talc
460 4575 538 4650 qnod
553 4575 805 4633 commutationem
827 4575 973 4648 debitoris,
991 4585 1019 4634 ct
1041 4597 1138 4634 verum
1159 4578 1418 4653 compensationem

215 4655 304 4714 debiti
327 4664 416 4730 notat,
432 4675 496 4732 quse
512 4655 556 4711 vis
577 4663 620 4712 est
635 4654 845 4730 prepositionis
867 4661 930 4730 utri,
957 4676 1021 4732 quae
1044 4657 1089 4714 bic
1110 4657 1344 4716 substitutionem
1369 4675 1419 4713 no-
