<?xml version="1.0" encoding="UTF-8"?>
<!DOCTYPE html PUBLIC "-//W3C//DTD XHTML 1.0 Transitional//EN"
    "http://www.w3.org/TR/xhtml1/DTD/xhtml1-transitional.dtd">
<html xmlns="http://www.w3.org/1999/xhtml" xml:lang="en" lang="en">
 <head>
  <title>
</title>
<meta http-equiv="Content-Type" content="text/html;charset=utf-8" />
  <meta name='ocr-system' content='tesseract 3.04.00' />
  <meta name='ocr-capabilities' content='ocr_page ocr_carea ocr_par ocr_line ocrx_word'/>
</head>
<body>
  <div class='ocr_page' id='page_1' title='image "./francisciturret00pictgoog_0050.png"; bbox 0 0 3108 5198; ppageno 0'>
   <div class='ocr_carea' id='block_1_1' title="bbox 90 375 1296 458">
    <p class='ocr_par' dir='ltr' id='par_1_1' title="bbox 90 375 1296 458">
     <span class='ocr_line' id='line_1_1' title="bbox 90 375 1296 458; baseline -0.003 -20"><span class='ocrx_word' id='word_1_1' title='bbox 90 396 200 447; x_wconf 74' lang='lat' dir='ltr'>oussr.</span> <span class='ocrx_word' id='word_1_2' title='bbox 216 375 280 458; x_wconf 89' lang='grc' dir='ltr'>ιιι.]</span> <span class='ocrx_word' id='word_1_3' title='bbox 610 391 650 432; x_wconf 85' lang='lat' dir='ltr'>ns</span> <span class='ocrx_word' id='word_1_4' title='bbox 664 393 742 436; x_wconf 81' lang='lat' dir='ltr'>inan</span> <span class='ocrx_word' id='word_1_5' title='bbox 756 392 815 434; x_wconf 86' lang='lat' dir='ltr'>nsi.</span> <span class='ocrx_word' id='word_1_6' title='bbox 1260 379 1296 434; x_wconf 87' lang='grc'>19</span> 
     </span>
    </p>
   </div>
   <div class='ocr_carea' id='block_1_2' title="bbox 36 533 1413 4760">
    <p class='ocr_par' dir='ltr' id='par_1_2' title="bbox 36 533 1413 4760">
     <span class='ocr_line' id='line_1_2' title="bbox 89 533 1295 614; baseline -0.003 -16"><span class='ocrx_word' id='word_1_7' title='bbox 89 537 140 598; x_wconf 89' lang='lat' dir='ltr'>fuit</span> <span class='ocrx_word' id='word_1_8' title='bbox 149 536 255 598; x_wconf 84' lang='lat' dir='ltr'>eadem</span> <span class='ocrx_word' id='word_1_9' title='bbox 268 535 403 614; x_wconf 72' lang='lat' dir='ltr'>questio,</span> <span class='ocrx_word' id='word_1_10' title='bbox 411 540 482 595; x_wconf 89' lang='lat' dir='ltr'>teste</span> <span class='ocrx_word' id='word_1_11' title='bbox 493 533 669 612; x_wconf 74' lang='lat' dir='ltr'>Augustino,</span> <span class='ocrx_word' id='word_1_12' title='bbox 682 534 757 594; x_wconf 90' lang='lat' dir='ltr'>libro</span> <span class='ocrx_word' id='word_1_13' title='bbox 765 535 827 594; x_wconf 79' lang='lat' dir='ltr'>xix.</span> <span class='ocrx_word' id='word_1_14' title='bbox 838 540 939 594; x_wconf 86' lang='lat' dir='ltr'>eontra</span> <span class='ocrx_word' id='word_1_15' title='bbox 945 533 1084 594; x_wconf 84' lang='lat' dir='ltr'>Faustum</span> <span class='ocrx_word' id='word_1_16' title='bbox 1092 533 1295 612; x_wconf 74' lang='lat' dir='ltr'>Manicheum,</span> 
     </span>
     <span class='ocr_line' id='line_1_3' title="bbox 88 614 1296 694; baseline -0.001 -18"><span class='ocrx_word' id='word_1_17' title='bbox 88 617 223 677; x_wconf 88' lang='lat' dir='ltr'>docentes</span> <span class='ocrx_word' id='word_1_18' title='bbox 238 617 392 676; x_wconf 82' lang='lat' dir='ltr'>Christum</span> <span class='ocrx_word' id='word_1_19' title='bbox 413 614 521 694; x_wconf 89' lang='lat' dir='ltr'>Legem</span> <span class='ocrx_word' id='word_1_20' title='bbox 534 615 672 674; x_wconf 89' lang='lat' dir='ltr'>moralem</span> <span class='ocrx_word' id='word_1_21' title='bbox 693 615 799 674; x_wconf 86' lang='lat' dir='ltr'>additis</span> <span class='ocrx_word' id='word_1_22' title='bbox 819 614 878 673; x_wconf 91' lang='lat' dir='ltr'>illis</span> <span class='ocrx_word' id='word_1_23' title='bbox 897 615 1048 692; x_wconf 79' lang='lat' dir='ltr'>praeceptis</span> <span class='ocrx_word' id='word_1_24' title='bbox 1062 635 1126 692; x_wconf 88' lang='lat' dir='ltr'>quae</span> <span class='ocrx_word' id='word_1_25' title='bbox 1147 615 1252 674; x_wconf 91' lang='lat' dir='ltr'>Matth.</span> <span class='ocrx_word' id='word_1_26' title='bbox 1267 635 1296 675; x_wconf 88' lang='lat' dir='ltr'>v.</span> 
     </span>
     <span class='ocr_line' id='line_1_4' title="bbox 88 694 1296 773; baseline 0.002 -19"><span class='ocrx_word' id='word_1_27' title='bbox 88 697 230 756; x_wconf 77' lang='lat' dir='ltr'>habentur</span> <span class='ocrx_word' id='word_1_28' title='bbox 242 697 353 773; x_wconf 86' lang='lat' dir='ltr'>partim</span> <span class='ocrx_word' id='word_1_29' title='bbox 368 694 578 772; x_wconf 80' lang='lat' dir='ltr'><strong>adimplevisse,</strong></span> <span class='ocrx_word' id='word_1_30' title='bbox 601 695 706 772; x_wconf 88' lang='lat' dir='ltr'>partim</span> <span class='ocrx_word' id='word_1_31' title='bbox 719 694 905 770; x_wconf 77' lang='lat' dir='ltr'>destruxisse,</span> <span class='ocrx_word' id='word_1_32' title='bbox 921 694 1000 771; x_wconf 91' lang='lat' dir='ltr'>quod</span> <span class='ocrx_word' id='word_1_33' title='bbox 1020 703 1081 754; x_wconf 91' lang='lat' dir='ltr'>toto</span> <span class='ocrx_word' id='word_1_34' title='bbox 1094 696 1145 755; x_wconf 94' lang='lat' dir='ltr'>illo</span> <span class='ocrx_word' id='word_1_35' title='bbox 1163 694 1238 754; x_wconf 89' lang='lat' dir='ltr'>libro</span> <span class='ocrx_word' id='word_1_36' title='bbox 1252 715 1296 756; x_wconf 90' lang='lat' dir='ltr'>re·</span> 
     </span>
     <span class='ocr_line' id='line_1_5' title="bbox 90 774 1297 854; baseline 0 -20"><span class='ocrx_word' id='word_1_37' title='bbox 90 777 160 836; x_wconf 87' lang='lat' dir='ltr'>futat</span> <span class='ocrx_word' id='word_1_38' title='bbox 173 775 311 854; x_wconf 79' lang='lat' dir='ltr'>August.</span> <span class='ocrx_word' id='word_1_39' title='bbox 345 775 395 834; x_wconf 84' lang='lat' dir='ltr'>Ex</span> <span class='ocrx_word' id='word_1_40' title='bbox 414 775 528 836; x_wconf 87' lang='lat' dir='ltr'>illorum</span> <span class='ocrx_word' id='word_1_41' title='bbox 547 775 661 836; x_wconf 77' lang='lat' dir='ltr'>lacunis</span> <span class='ocrx_word' id='word_1_42' title='bbox 674 775 805 834; x_wconf 78' lang='lat' dir='ltr'>hausisse</span> <span class='ocrx_word' id='word_1_43' title='bbox 819 774 954 834; x_wconf 90' lang='lat' dir='ltr'>videntur</span> <span class='ocrx_word' id='word_1_44' title='bbox 967 775 1202 834; x_wconf 76' lang='lat' dir='ltr'>Matammedani</span> <span class='ocrx_word' id='word_1_45' title='bbox 1217 775 1297 854; x_wconf 90' lang='lat' dir='ltr'>quod</span> 
     </span>
     <span class='ocr_line' id='line_1_6' title="bbox 91 854 1294 933; baseline 0 -19"><span class='ocrx_word' id='word_1_46' title='bbox 91 855 209 916; x_wconf 89' lang='lat' dir='ltr'>habetur</span> <span class='ocrx_word' id='word_1_47' title='bbox 230 857 265 914; x_wconf 91' lang='lat' dir='ltr'>iii</span> <span class='ocrx_word' id='word_1_48' title='bbox 287 855 390 916; x_wconf 88' lang='lat' dir='ltr'>Alcor.</span> <span class='ocrx_word' id='word_1_49' title='bbox 411 854 503 914; x_wconf 77' lang='lat' dir='ltr'>Area</span> <span class='ocrx_word' id='word_1_50' title='bbox 526 857 584 916; x_wconf 81' lang='lat'>12:</span> <span class='ocrx_word' id='word_1_51' title='bbox 619 855 732 914; x_wconf 86' lang='lat' dir='ltr'>Mosam</span> <span class='ocrx_word' id='word_1_52' title='bbox 753 854 855 914; x_wconf 89' lang='lat' dir='ltr'>tulisse</span> <span class='ocrx_word' id='word_1_53' title='bbox 877 855 986 932; x_wconf 82' lang='lat' dir='ltr'>Legem</span> <span class='ocrx_word' id='word_1_54' title='bbox 1010 855 1105 914; x_wconf 89' lang='lat' dir='ltr'>minus</span> <span class='ocrx_word' id='word_1_55' title='bbox 1129 855 1294 933; x_wconf 87' lang='lat' dir='ltr'>perfectam,</span> 
     </span>
     <span class='ocr_line' id='line_1_7' title="bbox 92 935 1297 1015; baseline 0.001 -20"><span class='ocrx_word' id='word_1_56' title='bbox 92 935 236 996; x_wconf 82' lang='lat' dir='ltr'>Christum</span> <span class='ocrx_word' id='word_1_57' title='bbox 256 935 468 1014; x_wconf 80' lang='lat' dir='ltr'>perfectiorem,</span> <span class='ocrx_word' id='word_1_58' title='bbox 491 935 543 994; x_wconf 89' lang='lat' dir='ltr'>sed</span> <span class='ocrx_word' id='word_1_59' title='bbox 557 935 783 994; x_wconf 87' lang='lat' dir='ltr'>Mnhummetem</span> <span class='ocrx_word' id='word_1_60' title='bbox 803 935 1049 1012; x_wconf 87' lang='lat' dir='ltr'>perfectissimam.</span> <span class='ocrx_word' id='word_1_61' title='bbox 1091 937 1231 1015; x_wconf 67' lang='lat' dir='ltr'>Pontifici</span> <span class='ocrx_word' id='word_1_62' title='bbox 1248 937 1297 996; x_wconf 90' lang='lat' dir='ltr'>hio</span> 
     </span>
     <span class='ocr_line' id='line_1_8' title="bbox 354 1014 1296 1156; baseline 0.002 -1.594"><span class='ocrx_word' id='word_1_63' title='bbox 354 1014 1296 1156; x_wconf 47' lang='lat' dir='ltr'>canturiensis*retransmissa</span> 
     </span>
     <span class='ocr_line' id='line_1_9' title="bbox 91 1139 1296 1265; baseline 0.003 -33"><span class='ocrx_word' id='word_1_64' title='bbox 91 1173 234 1265; x_wconf 80' lang='lat' dir='ltr'>Christum</span> <span class='ocrx_word' id='word_1_65' title='bbox 248 1172 415 1233; x_wconf 82' lang='lat' dir='ltr'>reddidisse</span> <span class='ocrx_word' id='word_1_66' title='bbox 430 1139 539 1252; x_wconf 72' lang='lat' dir='ltr'>Legem</span> <span class='ocrx_word' id='word_1_67' title='bbox 553 1194 591 1236; x_wconf 86' lang='lat' dir='ltr'>ex</span> <span class='ocrx_word' id='word_1_68' title='bbox 604 1140 772 1254; x_wconf 64' lang='lat' dir='ltr'>imperfecti</span> <span class='ocrx_word' id='word_1_69' title='bbox 785 1139 949 1254; x_wconf 74' lang='lat' dir='ltr'>perfectam,</span> <span class='ocrx_word' id='word_1_70' title='bbox 964 1176 1013 1234; x_wconf 89' lang='lat' dir='ltr'>vel</span> <span class='ocrx_word' id='word_1_71' title='bbox 1027 1139 1104 1234; x_wconf 75' lang='lat' dir='ltr'>certe</span> <span class='ocrx_word' id='word_1_72' title='bbox 1118 1140 1156 1235; x_wconf 74' lang='lat' dir='ltr'>ex</span> <span class='ocrx_word' id='word_1_73' title='bbox 1169 1141 1296 1255; x_wconf 68' lang='lat' dir='ltr'>perfecta</span> 
     </span>
     <span class='ocr_line' id='line_1_10' title="bbox 89 1251 1297 1334; baseline 0.005 -24"><span class='ocrx_word' id='word_1_74' title='bbox 89 1251 298 1330; x_wconf 78' lang='lat' dir='ltr'>perfectiorem,</span> <span class='ocrx_word' id='word_1_75' title='bbox 320 1263 351 1313; x_wconf 86' lang='lat' dir='ltr'>et</span> <span class='ocrx_word' id='word_1_76' title='bbox 367 1253 441 1312; x_wconf 87' lang='lat' dir='ltr'>inter</span> <span class='ocrx_word' id='word_1_77' title='bbox 456 1255 565 1332; x_wconf 85' lang='lat' dir='ltr'>Legem</span> <span class='ocrx_word' id='word_1_78' title='bbox 584 1263 613 1316; x_wconf 87' lang='lat' dir='ltr'>ct</span> <span class='ocrx_word' id='word_1_79' title='bbox 634 1255 827 1333; x_wconf 87' lang='lat' dir='ltr'>Evangelium</span> <span class='ocrx_word' id='word_1_80' title='bbox 848 1255 922 1314; x_wconf 89' lang='lat' dir='ltr'>illud</span> <span class='ocrx_word' id='word_1_81' title='bbox 939 1256 1034 1333; x_wconf 90' lang='lat' dir='ltr'>ipsum</span> <span class='ocrx_word' id='word_1_82' title='bbox 1054 1255 1201 1334; x_wconf 88' lang='lat' dir='ltr'>interesse,</span> <span class='ocrx_word' id='word_1_83' title='bbox 1217 1257 1297 1333; x_wconf 89' lang='lat' dir='ltr'>quod</span> 
     </span>
     <span class='ocr_line' id='line_1_11' title="bbox 89 1333 1297 1412; baseline 0.006 -21"><span class='ocrx_word' id='word_1_84' title='bbox 89 1333 159 1392; x_wconf 91' lang='lat' dir='ltr'>inter</span> <span class='ocrx_word' id='word_1_85' title='bbox 169 1333 335 1392; x_wconf 84' lang='lat' dir='ltr'>doctrinam</span> <span class='ocrx_word' id='word_1_86' title='bbox 347 1334 510 1394; x_wconf 87' lang='lat' dir='ltr'>inchoatam</span> <span class='ocrx_word' id='word_1_87' title='bbox 525 1342 554 1394; x_wconf 90' lang='lat' dir='ltr'>et</span> <span class='ocrx_word' id='word_1_88' title='bbox 567 1335 732 1412; x_wconf 87' lang='lat' dir='ltr'>perfectam.</span> <span class='ocrx_word' id='word_1_89' title='bbox 775 1335 814 1402; x_wconf 83' lang='lat' dir='ltr'>Et</span> <span class='ocrx_word' id='word_1_90' title='bbox 824 1337 954 1396; x_wconf 78' lang='lat' dir='ltr'>Maidon.</span> <span class='ocrx_word' id='word_1_91' title='bbox 969 1336 999 1400; x_wconf 88' lang='lat' dir='ltr'>in</span> <span class='ocrx_word' id='word_1_92' title='bbox 1011 1336 1096 1395; x_wconf 88' lang='lat' dir='ltr'>Matt.</span> <span class='ocrx_word' id='word_1_93' title='bbox 1106 1356 1136 1394; x_wconf 94' lang='lat' dir='ltr'>v.</span> <span class='ocrx_word' id='word_1_94' title='bbox 1148 1336 1297 1398; x_wconf 77' lang='lat' dir='ltr'>contendit</span> 
     </span>
     <span class='ocr_line' id='line_1_12' title="bbox 90 1412 1296 1500; baseline 0.005 -30"><span class='ocrx_word' id='word_1_95' title='bbox 90 1413 230 1472; x_wconf 88' lang='lat' dir='ltr'>obstinate</span> <span class='ocrx_word' id='word_1_96' title='bbox 244 1433 264 1471; x_wconf 90' lang='lat' dir='ltr'>a</span> <span class='ocrx_word' id='word_1_97' title='bbox 279 1412 398 1472; x_wconf 89' lang='lat' dir='ltr'>Christo</span> <span class='ocrx_word' id='word_1_98' title='bbox 413 1413 522 1491; x_wconf 87' lang='lat' dir='ltr'>Legem</span> <span class='ocrx_word' id='word_1_99' title='bbox 536 1423 662 1474; x_wconf 90' lang='lat' dir='ltr'>veterem</span> <span class='ocrx_word' id='word_1_100' title='bbox 677 1423 833 1476; x_wconf 76' lang='lat' dir='ltr'>correctm</span> <span class='ocrx_word' id='word_1_101' title='bbox 848 1415 946 1490; x_wconf 81' lang='lat' dir='ltr'>fuisse,</span> <span class='ocrx_word' id='word_1_102' title='bbox 966 1415 1111 1500; x_wconf 88' lang='lat' dir='ltr'>adjunctis</span> <span class='ocrx_word' id='word_1_103' title='bbox 1130 1417 1166 1476; x_wconf 89' lang='lat' dir='ltr'>iis</span> <span class='ocrx_word' id='word_1_104' title='bbox 1179 1437 1244 1495; x_wconf 86' lang='lat' dir='ltr'>quie</span> <span class='ocrx_word' id='word_1_105' title='bbox 1258 1416 1296 1476; x_wconf 84' lang='lat' dir='ltr'>ad</span> 
     </span>
     <span class='ocr_line' id='line_1_13' title="bbox 89 1491 1296 1571; baseline 0.007 -21"><span class='ocrx_word' id='word_1_106' title='bbox 89 1491 293 1569; x_wconf 80' lang='lat' dir='ltr'>perfectionem</span> <span class='ocrx_word' id='word_1_107' title='bbox 305 1493 514 1571; x_wconf 84' lang='lat' dir='ltr'>Evangelicam</span> <span class='ocrx_word' id='word_1_108' title='bbox 528 1494 774 1556; x_wconf 77' lang='lat' dir='ltr'>desiderabantur.</span> <span class='ocrx_word' id='word_1_109' title='bbox 815 1493 977 1555; x_wconf 84' lang='lat' dir='ltr'>Orthodoiri</span> <span class='ocrx_word' id='word_1_110' title='bbox 987 1514 1057 1554; x_wconf 87' lang='lat' dir='ltr'>vero</span> <span class='ocrx_word' id='word_1_111' title='bbox 1071 1495 1210 1557; x_wconf 82' lang='lat' dir='ltr'>adversus</span> <span class='ocrx_word' id='word_1_112' title='bbox 1224 1498 1296 1558; x_wconf 87' lang='lat' dir='ltr'>istos</span> 
     </span>
     <span class='ocr_line' id='line_1_14' title="bbox 90 1573 1296 1658; baseline 0.007 -29"><span class='ocrx_word' id='word_1_113' title='bbox 90 1591 191 1646; x_wconf 89' lang='lat' dir='ltr'>omnes,</span> <span class='ocrx_word' id='word_1_114' title='bbox 204 1573 323 1650; x_wconf 89' lang='lat' dir='ltr'>Legem</span> <span class='ocrx_word' id='word_1_115' title='bbox 333 1573 471 1636; x_wconf 75' lang='lat' dir='ltr'>moralem</span> <span class='ocrx_word' id='word_1_116' title='bbox 481 1574 523 1633; x_wconf 91' lang='lat' dir='ltr'>ita</span> <span class='ocrx_word' id='word_1_117' title='bbox 531 1574 688 1658; x_wconf 80' lang='lat' dir='ltr'>perfectam</span> <span class='ocrx_word' id='word_1_118' title='bbox 699 1582 825 1650; x_wconf 79' lang='lat' dir='ltr'>censent,</span> <span class='ocrx_word' id='word_1_119' title='bbox 838 1583 870 1636; x_wconf 90' lang='lat' dir='ltr'>ut</span> <span class='ocrx_word' id='word_1_120' title='bbox 881 1595 974 1654; x_wconf 91' lang='lat' dir='ltr'>neque</span> <span class='ocrx_word' id='word_1_121' title='bbox 988 1575 1188 1654; x_wconf 88' lang='lat' dir='ltr'>supplemento</span> <span class='ocrx_word' id='word_1_122' title='bbox 1201 1597 1296 1654; x_wconf 88' lang='lat' dir='ltr'>neque</span> 
     </span>
     <span class='ocr_line' id='line_1_15' title="bbox 90 1653 1296 1733; baseline 0.004 -24"><span class='ocrx_word' id='word_1_123' title='bbox 90 1653 262 1712; x_wconf 87' lang='lat' dir='ltr'>correctione</span> <span class='ocrx_word' id='word_1_124' title='bbox 273 1673 352 1730; x_wconf 88' lang='lat' dir='ltr'>opus</span> <span class='ocrx_word' id='word_1_125' title='bbox 359 1653 501 1728; x_wconf 85' lang='lat' dir='ltr'>habuerit,</span> <span class='ocrx_word' id='word_1_126' title='bbox 513 1654 565 1713; x_wconf 91' lang='lat' dir='ltr'>sed</span> <span class='ocrx_word' id='word_1_127' title='bbox 573 1663 684 1714; x_wconf 87' lang='lat' dir='ltr'>tantuin</span> <span class='ocrx_word' id='word_1_128' title='bbox 695 1655 822 1733; x_wconf 88' lang='lat' dir='ltr'>genuina</span> <span class='ocrx_word' id='word_1_129' title='bbox 832 1655 1066 1732; x_wconf 81' lang='lat' dir='ltr'>interpretatione</span> <span class='ocrx_word' id='word_1_130' title='bbox 1079 1677 1086 1714; x_wconf 91' lang='lat'><strong>:</strong></span> <span class='ocrx_word' id='word_1_131' title='bbox 1108 1657 1147 1714; x_wconf 86' lang='lat' dir='ltr'>Et</span> <span class='ocrx_word' id='word_1_132' title='bbox 1158 1655 1296 1733; x_wconf 90' lang='lat' dir='ltr'>quicquid</span> 
     </span>
     <span class='ocr_line' id='line_1_16' title="bbox 91 1731 1296 1812; baseline 0.005 -24"><span class='ocrx_word' id='word_1_133' title='bbox 91 1731 213 1792; x_wconf 90' lang='lat' dir='ltr'>additum</span> <span class='ocrx_word' id='word_1_134' title='bbox 228 1733 411 1809; x_wconf 83' lang='lat' dir='ltr'>perhibetur,</span> <span class='ocrx_word' id='word_1_135' title='bbox 425 1733 474 1792; x_wconf 86' lang='lat' dir='ltr'>vel</span> <span class='ocrx_word' id='word_1_136' title='bbox 494 1733 599 1794; x_wconf 83' lang='lat' dir='ltr'>falsum</span> <span class='ocrx_word' id='word_1_137' title='bbox 613 1755 676 1795; x_wconf 88' lang='lat' dir='ltr'>esse</span> <span class='ocrx_word' id='word_1_138' title='bbox 690 1745 720 1795; x_wconf 90' lang='lat' dir='ltr'>ct</span> <span class='ocrx_word' id='word_1_139' title='bbox 740 1734 831 1812; x_wconf 86' lang='lat' dir='ltr'>gratis</span> <span class='ocrx_word' id='word_1_140' title='bbox 850 1735 1013 1809; x_wconf 85' lang='lat' dir='ltr'>confictum,</span> <span class='ocrx_word' id='word_1_141' title='bbox 1029 1735 1078 1798; x_wconf 90' lang='lat' dir='ltr'>vel</span> <span class='ocrx_word' id='word_1_142' title='bbox 1091 1735 1122 1792; x_wconf 91' lang='lat' dir='ltr'>in</span> <span class='ocrx_word' id='word_1_143' title='bbox 1136 1735 1216 1811; x_wconf 87' lang='lat' dir='ltr'>Lege</span> <span class='ocrx_word' id='word_1_144' title='bbox 1233 1737 1296 1812; x_wconf 86' lang='lat' dir='ltr'>jain</span> 
     </span>
     <span class='ocr_line' id='line_1_17' title="bbox 92 1811 797 1890; baseline 0.01 -24"><span class='ocrx_word' id='word_1_145' title='bbox 92 1811 135 1870; x_wconf 85' lang='lat' dir='ltr'>vel</span> <span class='ocrx_word' id='word_1_146' title='bbox 146 1812 286 1890; x_wconf 79' lang='lat' dir='ltr'>explicite</span> <span class='ocrx_word' id='word_1_147' title='bbox 302 1812 353 1870; x_wconf 88' lang='lat' dir='ltr'>vel</span> <span class='ocrx_word' id='word_1_148' title='bbox 366 1812 504 1890; x_wconf 91' lang='lat' dir='ltr'>implicite</span> <span class='ocrx_word' id='word_1_149' title='bbox 518 1822 685 1874; x_wconf 88' lang='lat' dir='ltr'>contentum</span> <span class='ocrx_word' id='word_1_150' title='bbox 698 1815 797 1874; x_wconf 74' lang='lat' dir='ltr'>biisse.</span> 
     </span>
     <span class='ocr_line' id='line_1_18' title="bbox 393 1891 1295 1971; baseline 0.004 -21"><span class='ocrx_word' id='word_1_151' title='bbox 393 1893 454 1952; x_wconf 87' lang='lat'>111.</span> <span class='ocrx_word' id='word_1_152' title='bbox 466 1893 532 1954; x_wconf 88' lang='lat' dir='ltr'>Non</span> <span class='ocrx_word' id='word_1_153' title='bbox 545 1894 691 1971; x_wconf 77' lang='lat' dir='ltr'>quaritur,</span> <span class='ocrx_word' id='word_1_154' title='bbox 714 1893 765 1952; x_wconf 85' lang='lat' dir='ltr'>An</span> <span class='ocrx_word' id='word_1_155' title='bbox 780 1893 843 1952; x_wconf 84' lang='lat' dir='ltr'>Lex</span> <span class='ocrx_word' id='word_1_156' title='bbox 860 1912 933 1970; x_wconf 89' lang='lat' dir='ltr'>opus</span> <span class='ocrx_word' id='word_1_157' title='bbox 943 1892 1077 1952; x_wconf 88' lang='lat' dir='ltr'>habuerit</span> <span class='ocrx_word' id='word_1_158' title='bbox 1095 1891 1295 1970; x_wconf 75' lang='lat' dir='ltr'>illustratione,</span> 
     </span>
     <span class='ocr_line' id='line_1_19' title="bbox 118 1955 1295 2060; baseline 0 -28"><span class='ocrx_word' id='word_1_159' title='bbox 118 1955 299 2060; x_wconf 42' lang='lat' dir='ltr'>smnus-</span> <span class='ocrx_word' id='word_1_160' title='bbox 353 1972 576 2048; x_wconf 88' lang='lat' dir='ltr'>confirmatione,</span> <span class='ocrx_word' id='word_1_161' title='bbox 592 1981 623 2032; x_wconf 92' lang='lat' dir='ltr'>et</span> <span class='ocrx_word' id='word_1_162' title='bbox 635 1973 830 2032; x_wconf 85' lang='lat' dir='ltr'>vindicatione</span> <span class='ocrx_word' id='word_1_163' title='bbox 851 1971 991 2038; x_wconf 84' lang='lat' dir='ltr'>adversus</span> <span class='ocrx_word' id='word_1_164' title='bbox 1007 1973 1184 2050; x_wconf 86' lang='lat' dir='ltr'>corruptelas</span> <span class='ocrx_word' id='word_1_165' title='bbox 1200 1974 1295 2040; x_wconf 83' lang='lat' dir='ltr'>Scrib-</span> 
     </span>
     <span class='ocr_line' id='line_1_20' title="bbox 352 2052 1295 2131; baseline 0.001 -19"><span class='ocrx_word' id='word_1_166' title='bbox 352 2071 433 2112; x_wconf 87' lang='lat' dir='ltr'>arum</span> <span class='ocrx_word' id='word_1_167' title='bbox 447 2061 477 2112; x_wconf 90' lang='lat' dir='ltr'>et</span> <span class='ocrx_word' id='word_1_168' title='bbox 491 2052 711 2129; x_wconf 79' lang='lat' dir='ltr'>Pharisaeorum,</span> <span class='ocrx_word' id='word_1_169' title='bbox 726 2061 756 2116; x_wconf 92' lang='lat' dir='ltr'>et</span> <span class='ocrx_word' id='word_1_170' title='bbox 769 2071 906 2131; x_wconf 82' lang='lat' dir='ltr'>perversa</span> <span class='ocrx_word' id='word_1_171' title='bbox 919 2052 1067 2111; x_wconf 87' lang='lat' dir='ltr'>hominum</span> <span class='ocrx_word' id='word_1_172' title='bbox 1078 2052 1207 2130; x_wconf 84' lang='lat' dir='ltr'>judicia:</span> <span class='ocrx_word' id='word_1_173' title='bbox 1229 2053 1295 2113; x_wconf 89' lang='lat' dir='ltr'>Hoc</span> 
     </span>
     <span class='ocr_line' id='line_1_21' title="bbox 88 2131 1294 2210; baseline 0.002 -20"><span class='ocrx_word' id='word_1_174' title='bbox 88 2132 160 2190; x_wconf 90' lang='lat' dir='ltr'>eniin</span> <span class='ocrx_word' id='word_1_175' title='bbox 169 2133 252 2194; x_wconf 87' lang='lat' dir='ltr'>facile</span> <span class='ocrx_word' id='word_1_176' title='bbox 262 2131 461 2208; x_wconf 89' lang='lat' dir='ltr'>concedimus,</span> <span class='ocrx_word' id='word_1_177' title='bbox 468 2141 498 2192; x_wconf 89' lang='lat' dir='ltr'>ct</span> <span class='ocrx_word' id='word_1_178' title='bbox 506 2134 536 2192; x_wconf 90' lang='lat' dir='ltr'>iii</span> <span class='ocrx_word' id='word_1_179' title='bbox 544 2133 732 2210; x_wconf 80' lang='lat' dir='ltr'>sequentihus</span> <span class='ocrx_word' id='word_1_180' title='bbox 741 2152 840 2198; x_wconf 85' lang='lat' dir='ltr'>sumus</span> <span class='ocrx_word' id='word_1_181' title='bbox 848 2131 1085 2192; x_wconf 88' lang='lat' dir='ltr'>demonstraturi:</span> <span class='ocrx_word' id='word_1_182' title='bbox 1102 2131 1161 2192; x_wconf 84' lang='lat' dir='ltr'>Sed</span> <span class='ocrx_word' id='word_1_183' title='bbox 1167 2132 1214 2190; x_wconf 88' lang='grc' dir='ltr'>Αιι</span> <span class='ocrx_word' id='word_1_184' title='bbox 1222 2153 1294 2210; x_wconf 92' lang='lat' dir='ltr'>opus</span> 
     </span>
     <span class='ocr_line' id='line_1_22' title="bbox 93 2210 1296 2292; baseline 0.004 -24"><span class='ocrx_word' id='word_1_185' title='bbox 93 2211 217 2272; x_wconf 86' lang='lat' dir='ltr'>habuerit</span> <span class='ocrx_word' id='word_1_186' title='bbox 224 2215 276 2272; x_wconf 76' lang='lat' dir='ltr'>rel</span> <span class='ocrx_word' id='word_1_187' title='bbox 287 2213 500 2291; x_wconf 89' lang='lat' dir='ltr'>supplemento,</span> <span class='ocrx_word' id='word_1_188' title='bbox 512 2213 561 2272; x_wconf 89' lang='lat' dir='ltr'>vel</span> <span class='ocrx_word' id='word_1_189' title='bbox 569 2213 756 2292; x_wconf 78' lang='lat' dir='ltr'>correctione,</span> <span class='ocrx_word' id='word_1_190' title='bbox 767 2211 852 2292; x_wconf 88' lang='lat' dir='ltr'>quasi</span> <span class='ocrx_word' id='word_1_191' title='bbox 864 2210 1039 2290; x_wconf 84' lang='lat' dir='ltr'>imperfecta,</span> <span class='ocrx_word' id='word_1_192' title='bbox 1051 2211 1207 2272; x_wconf 89' lang='lat' dir='ltr'>autminus</span> <span class='ocrx_word' id='word_1_193' title='bbox 1217 2223 1296 2273; x_wconf 87' lang='lat' dir='ltr'>recta</span> 
     </span>
     <span class='ocr_line' id='line_1_23' title="bbox 92 2290 1295 2370; baseline -0.002 -20"><span class='ocrx_word' id='word_1_194' title='bbox 92 2290 177 2352; x_wconf 84' lang='lat' dir='ltr'>foret?</span> <span class='ocrx_word' id='word_1_195' title='bbox 190 2293 369 2354; x_wconf 78' lang='lat' dir='ltr'>Adversarii</span> <span class='ocrx_word' id='word_1_196' title='bbox 377 2292 526 2368; x_wconf 84' lang='lat' dir='ltr'>affirmant,</span> <span class='ocrx_word' id='word_1_197' title='bbox 535 2292 596 2352; x_wconf 89' lang='lat' dir='ltr'>Nos</span> <span class='ocrx_word' id='word_1_198' title='bbox 604 2312 674 2352; x_wconf 86' lang='lat' dir='ltr'>vero</span> <span class='ocrx_word' id='word_1_199' title='bbox 682 2313 831 2370; x_wconf 85' lang='lat' dir='ltr'>negamus.</span> <span class='ocrx_word' id='word_1_200' title='bbox 844 2293 1025 2352; x_wconf 88' lang='lat' dir='ltr'>Momentum</span> <span class='ocrx_word' id='word_1_201' title='bbox 1031 2292 1205 2367; x_wconf 83' lang='lat' dir='ltr'>Quaestionis</span> <span class='ocrx_word' id='word_1_202' title='bbox 1214 2313 1295 2370; x_wconf 54' lang='lat' dir='ltr'>mage</span> 
     </span>
     <span class='ocr_line' id='line_1_24' title="bbox 93 2371 1296 2451; baseline 0.005 -25"><span class='ocrx_word' id='word_1_203' title='bbox 93 2389 156 2430; x_wconf 89' lang='lat' dir='ltr'>nuni</span> <span class='ocrx_word' id='word_1_204' title='bbox 164 2373 295 2451; x_wconf 71' lang='lat' dir='ltr'>estqnia</span> <span class='ocrx_word' id='word_1_205' title='bbox 303 2373 467 2432; x_wconf 86' lang='lat' dir='ltr'>nihilnliud</span> <span class='ocrx_word' id='word_1_206' title='bbox 477 2381 610 2450; x_wconf 85' lang='lat' dir='ltr'>quaerunt</span> <span class='ocrx_word' id='word_1_207' title='bbox 618 2371 797 2448; x_wconf 79' lang='lat' dir='ltr'>Adversarii,</span> <span class='ocrx_word' id='word_1_208' title='bbox 809 2391 896 2450; x_wconf 88' lang='lat' dir='ltr'>quam</span> <span class='ocrx_word' id='word_1_209' title='bbox 905 2381 938 2432; x_wconf 90' lang='lat' dir='ltr'>ut</span> <span class='ocrx_word' id='word_1_210' title='bbox 949 2372 1142 2449; x_wconf 85' lang='lat' dir='ltr'>Evangelium</span> <span class='ocrx_word' id='word_1_211' title='bbox 1150 2373 1181 2430; x_wconf 92' lang='lat' dir='ltr'>in</span> <span class='ocrx_word' id='word_1_212' title='bbox 1189 2393 1296 2432; x_wconf 87' lang='lat' dir='ltr'>novam</span> 
     </span>
     <span class='ocr_line' id='line_1_25' title="bbox 95 2447 1269 2531; baseline 0.002 -21"><span class='ocrx_word' id='word_1_213' title='bbox 95 2447 199 2528; x_wconf 85' lang='lat' dir='ltr'>Legem</span> <span class='ocrx_word' id='word_1_214' title='bbox 211 2453 430 2528; x_wconf 75' lang='lat' dir='ltr'>hansforment,</span> <span class='ocrx_word' id='word_1_215' title='bbox 446 2461 475 2512; x_wconf 91' lang='lat' dir='ltr'>et</span> <span class='ocrx_word' id='word_1_216' title='bbox 489 2453 530 2512; x_wconf 87' lang='lat' dir='ltr'>ita</span> <span class='ocrx_word' id='word_1_217' title='bbox 543 2471 596 2530; x_wconf 88' lang='lat' dir='ltr'>pro</span> <span class='ocrx_word' id='word_1_218' title='bbox 605 2452 720 2531; x_wconf 88' lang='lat' dir='ltr'>justitia</span> <span class='ocrx_word' id='word_1_219' title='bbox 733 2453 810 2528; x_wconf 87' lang='lat' dir='ltr'>fidei,</span> <span class='ocrx_word' id='word_1_220' title='bbox 821 2450 966 2531; x_wconf 87' lang='lat' dir='ltr'>justitiam</span> <span class='ocrx_word' id='word_1_221' title='bbox 980 2471 1098 2530; x_wconf 88' lang='lat' dir='ltr'>operum</span> <span class='ocrx_word' id='word_1_222' title='bbox 1112 2452 1269 2512; x_wconf 87' lang='lat' dir='ltr'>stabiliant.</span> 
     </span>
     <span class='ocr_line' id='line_1_26' title="bbox 162 2531 1297 2612; baseline 0 -22"><span class='ocrx_word' id='word_1_223' title='bbox 162 2596 168 2608; x_wconf 53' lang='grc'><strong>,</strong></span> <span class='ocrx_word' id='word_1_224' title='bbox 282 2599 289 2612; x_wconf 45' lang='grc'><strong>,</strong></span> <span class='ocrx_word' id='word_1_225' title='bbox 393 2533 449 2591; x_wconf 84' lang='lat' dir='ltr'>IV.</span> <span class='ocrx_word' id='word_1_226' title='bbox 472 2531 611 2592; x_wconf 81' lang='lat' dir='ltr'>Rationes</span> <span class='ocrx_word' id='word_1_227' title='bbox 640 2532 874 2594; x_wconf 82' lang='lat' dir='ltr'>Orthodoxorum</span> <span class='ocrx_word' id='word_1_228' title='bbox 905 2539 981 2608; x_wconf 87' lang='lat' dir='ltr'>sunt,</span> <span class='ocrx_word' id='word_1_229' title='bbox 1016 2536 1042 2590; x_wconf 93' lang='lat'>1.</span> <span class='ocrx_word' id='word_1_230' title='bbox 1065 2531 1140 2608; x_wconf 85' lang='lat' dir='ltr'>Quia</span> <span class='ocrx_word' id='word_1_231' title='bbox 1159 2533 1224 2592; x_wconf 73' lang='lat' dir='ltr'>Les</span> <span class='ocrx_word' id='word_1_232' title='bbox 1251 2538 1297 2591; x_wconf 89' lang='lat' dir='ltr'>est</span> 
     </span>
     <span class='ocr_line' id='line_1_27' title="bbox 111 2593 1295 2712; baseline -0.002 -42"><span class='ocrx_word' id='word_1_233' title='bbox 111 2593 308 2712; x_wconf 44' lang='lat' dir='ltr'>“fmffifm</span> <span class='ocrx_word' id='word_1_234' title='bbox 346 2615 485 2690; x_wconf 58' lang='lat' dir='ltr'>pefecta,</span> <span class='ocrx_word' id='word_1_235' title='bbox 508 2612 607 2678; x_wconf 87' lang='lat' dir='ltr'>Psalm</span> <span class='ocrx_word' id='word_1_236' title='bbox 621 2613 683 2672; x_wconf 84' lang='lat' dir='ltr'>iiix.</span> <span class='ocrx_word' id='word_1_237' title='bbox 698 2617 726 2686; x_wconf 99' lang='grc'>7,</span> <span class='ocrx_word' id='word_1_238' title='bbox 741 2632 800 2675; x_wconf 92' lang='lat' dir='ltr'>non</span> <span class='ocrx_word' id='word_1_239' title='bbox 820 2613 907 2672; x_wconf 89' lang='lat' dir='ltr'>niodo</span> <span class='ocrx_word' id='word_1_240' title='bbox 927 2611 1085 2679; x_wconf 87' lang='lat' dir='ltr'>secundum</span> <span class='ocrx_word' id='word_1_241' title='bbox 1100 2611 1179 2690; x_wconf 83' lang='lat' dir='ltr'>qnid,</span> <span class='ocrx_word' id='word_1_242' title='bbox 1201 2620 1231 2671; x_wconf 90' lang='lat' dir='ltr'>et</span> <span class='ocrx_word' id='word_1_243' title='bbox 1250 2631 1295 2670; x_wconf 65' lang='lat' dir='ltr'>ra,</span> 
     </span>
     <span class='ocr_line' id='line_1_28' title="bbox 351 2690 1296 2767; baseline -0.002 -15"><span class='ocrx_word' id='word_1_244' title='bbox 351 2691 431 2752; x_wconf 89' lang='lat' dir='ltr'>tione</span> <span class='ocrx_word' id='word_1_245' title='bbox 444 2692 524 2752; x_wconf 92' lang='lat' dir='ltr'>illius</span> <span class='ocrx_word' id='word_1_246' title='bbox 538 2692 632 2752; x_wconf 73' lang='lat' dir='ltr'>entis</span> <span class='ocrx_word' id='word_1_247' title='bbox 646 2691 700 2752; x_wconf 90' lang='lat' dir='ltr'>sub</span> <span class='ocrx_word' id='word_1_248' title='bbox 710 2692 777 2753; x_wconf 88' lang='lat' dir='ltr'>Vet.</span> <span class='ocrx_word' id='word_1_249' title='bbox 787 2693 923 2766; x_wconf 77' lang='lat' dir='ltr'>Testem,</span> <span class='ocrx_word' id='word_1_250' title='bbox 933 2690 986 2752; x_wconf 87' lang='lat' dir='ltr'>sed</span> <span class='ocrx_word' id='word_1_251' title='bbox 999 2692 1085 2752; x_wconf 89' lang='lat' dir='ltr'>etiam</span> <span class='ocrx_word' id='word_1_252' title='bbox 1100 2691 1240 2767; x_wconf 83' lang='lat' dir='ltr'>absolute,</span> <span class='ocrx_word' id='word_1_253' title='bbox 1251 2711 1296 2750; x_wconf 90' lang='lat' dir='ltr'>ra·</span> 
     </span>
     <span class='ocr_line' id='line_1_29' title="bbox 94 2769 1297 2849; baseline 0.002 -20"><span class='ocrx_word' id='word_1_254' title='bbox 94 2771 164 2830; x_wconf 89' lang='lat' dir='ltr'>tione</span> <span class='ocrx_word' id='word_1_255' title='bbox 176 2782 299 2848; x_wconf 84' lang='lat' dir='ltr'>naturae,</span> <span class='ocrx_word' id='word_1_256' title='bbox 324 2780 354 2834; x_wconf 90' lang='lat' dir='ltr'>et</span> <span class='ocrx_word' id='word_1_257' title='bbox 374 2773 416 2831; x_wconf 87' lang='lat' dir='ltr'>ita</span> <span class='ocrx_word' id='word_1_258' title='bbox 434 2771 570 2849; x_wconf 81' lang='lat' dir='ltr'>perfecta,</span> <span class='ocrx_word' id='word_1_259' title='bbox 592 2779 625 2832; x_wconf 91' lang='lat' dir='ltr'>ut</span> <span class='ocrx_word' id='word_1_260' title='bbox 645 2791 703 2831; x_wconf 90' lang='lat' dir='ltr'>non</span> <span class='ocrx_word' id='word_1_261' title='bbox 723 2772 809 2836; x_wconf 83' lang='lat' dir='ltr'>niodo</span> <span class='ocrx_word' id='word_1_262' title='bbox 830 2771 977 2831; x_wconf 85' lang='lat' dir='ltr'>contineat</span> <span class='ocrx_word' id='word_1_263' title='bbox 990 2770 1087 2830; x_wconf 88' lang='lat' dir='ltr'>omnia</span> <span class='ocrx_word' id='word_1_264' title='bbox 1104 2769 1245 2846; x_wconf 86' lang='lat' dir='ltr'>facienda,</span> <span class='ocrx_word' id='word_1_265' title='bbox 1267 2779 1297 2832; x_wconf 87' lang='lat' dir='ltr'>et</span> 
     </span>
     <span class='ocr_line' id='line_1_30' title="bbox 94 2849 1295 2932; baseline -0.002 -22"><span class='ocrx_word' id='word_1_266' title='bbox 94 2851 159 2910; x_wconf 89' lang='lat' dir='ltr'>nihil</span> <span class='ocrx_word' id='word_1_267' title='bbox 172 2853 208 2912; x_wconf 92' lang='lat' dir='ltr'>iis</span> <span class='ocrx_word' id='word_1_268' title='bbox 221 2853 310 2929; x_wconf 86' lang='lat' dir='ltr'>desit,</span> <span class='ocrx_word' id='word_1_269' title='bbox 323 2851 459 2932; x_wconf 87' lang='lat' dir='ltr'>(testibus</span> <span class='ocrx_word' id='word_1_270' title='bbox 471 2851 693 2914; x_wconf 76' lang='lat' dir='ltr'>Gmetrardoet</span> <span class='ocrx_word' id='word_1_271' title='bbox 703 2851 860 2928; x_wconf 68' lang='lat' dir='ltr'>Larisaia</span> <span class='ocrx_word' id='word_1_272' title='bbox 870 2851 900 2910; x_wconf 91' lang='lat' dir='ltr'>h.</span> <span class='ocrx_word' id='word_1_273' title='bbox 911 2849 946 2930; x_wconf 90' lang='lat' dir='ltr'>l.)</span> <span class='ocrx_word' id='word_1_274' title='bbox 961 2849 1110 2910; x_wconf 90' lang='lat' dir='ltr'>sedetiam</span> <span class='ocrx_word' id='word_1_275' title='bbox 1121 2851 1195 2910; x_wconf 90' lang='lat' dir='ltr'>nihil</span> <span class='ocrx_word' id='word_1_276' title='bbox 1208 2851 1236 2909; x_wconf 92' lang='lat' dir='ltr'>ei</span> <span class='ocrx_word' id='word_1_277' title='bbox 1246 2850 1295 2908; x_wconf 69' lang='lat' dir='ltr'>ada</span> 
     </span>
     <span class='ocr_line' id='line_1_31' title="bbox 95 2929 1298 3008; baseline -0.002 -18"><span class='ocrx_word' id='word_1_278' title='bbox 95 2929 212 2992; x_wconf 84' lang='lat' dir='ltr'>dandum</span> <span class='ocrx_word' id='word_1_279' title='bbox 232 2943 287 2994; x_wconf 89' lang='lat' dir='ltr'>aut</span> <span class='ocrx_word' id='word_1_280' title='bbox 301 2931 512 2992; x_wconf 85' lang='lat' dir='ltr'>detrahendum</span> <span class='ocrx_word' id='word_1_281' title='bbox 526 2932 573 3008; x_wconf 88' lang='lat' dir='ltr'>sit,</span> <span class='ocrx_word' id='word_1_282' title='bbox 591 2951 629 2990; x_wconf 89' lang='lat' dir='ltr'>ex</span> <span class='ocrx_word' id='word_1_283' title='bbox 650 2931 737 2993; x_wconf 85' lang='lat' dir='ltr'>Dent.</span> <span class='ocrx_word' id='word_1_284' title='bbox 752 2932 792 2991; x_wconf 89' lang='lat' dir='ltr'>iv.</span> <span class='ocrx_word' id='word_1_285' title='bbox 808 2935 835 3006; x_wconf 84' lang='lat'>2,</span> <span class='ocrx_word' id='word_1_286' title='bbox 852 2939 881 2990; x_wconf 91' lang='lat' dir='ltr'>et</span> <span class='ocrx_word' id='word_1_287' title='bbox 894 2929 945 2988; x_wconf 83' lang='lat' dir='ltr'>xii.</span> <span class='ocrx_word' id='word_1_288' title='bbox 961 2933 1009 2989; x_wconf 81' lang='lat'>32.</span> <span class='ocrx_word' id='word_1_289' title='bbox 1051 2933 1079 2988; x_wconf 79' lang='lat'>2.</span> <span class='ocrx_word' id='word_1_290' title='bbox 1102 2930 1235 2989; x_wconf 89' lang='lat' dir='ltr'>Perfecta</span> <span class='ocrx_word' id='word_1_291' title='bbox 1253 2937 1298 2988; x_wconf 90' lang='lat' dir='ltr'>est</span> 
     </span>
     <span class='ocr_line' id='line_1_32' title="bbox 96 3007 1298 3089; baseline -0.003 -19"><span class='ocrx_word' id='word_1_292' title='bbox 96 3015 152 3070; x_wconf 88' lang='lat' dir='ltr'>tmn</span> <span class='ocrx_word' id='word_1_293' title='bbox 164 3015 304 3074; x_wconf 65' lang='lat' dir='ltr'>meatim</span> <span class='ocrx_word' id='word_1_294' title='bbox 317 3009 416 3089; x_wconf 87' lang='lat' dir='ltr'>quoad</span> <span class='ocrx_word' id='word_1_295' title='bbox 424 3020 533 3088; x_wconf 80' lang='lat' dir='ltr'>partes,</span> <span class='ocrx_word' id='word_1_296' title='bbox 555 3011 624 3089; x_wconf 88' lang='lat' dir='ltr'>quia</span> <span class='ocrx_word' id='word_1_297' title='bbox 643 3011 794 3088; x_wconf 84' lang='lat' dir='ltr'>adaequate</span> <span class='ocrx_word' id='word_1_298' title='bbox 815 3009 1015 3088; x_wconf 87' lang='lat' dir='ltr'>complectitur</span> <span class='ocrx_word' id='word_1_299' title='bbox 1028 3007 1058 3066; x_wconf 91' lang='lat' dir='ltr'>in</span> <span class='ocrx_word' id='word_1_300' title='bbox 1072 3007 1226 3070; x_wconf 86' lang='lat' dir='ltr'>dilectione</span> <span class='ocrx_word' id='word_1_301' title='bbox 1241 3009 1298 3066; x_wconf 92' lang='lat' dir='ltr'>Dei</span> 
     </span>
     <span class='ocr_line' id='line_1_33' title="bbox 96 3087 1298 3168; baseline -0.003 -20"><span class='ocrx_word' id='word_1_302' title='bbox 96 3098 122 3148; x_wconf 89' lang='lat' dir='ltr'>et</span> <span class='ocrx_word' id='word_1_303' title='bbox 134 3093 254 3168; x_wconf 83' lang='lat' dir='ltr'>proximi</span> <span class='ocrx_word' id='word_1_304' title='bbox 268 3091 371 3154; x_wconf 89' lang='lat' dir='ltr'>omnia</span> <span class='ocrx_word' id='word_1_305' title='bbox 384 3091 478 3150; x_wconf 87' lang='lat' dir='ltr'>officia</span> <span class='ocrx_word' id='word_1_306' title='bbox 490 3091 549 3151; x_wconf 92' lang='lat' dir='ltr'>illis</span> <span class='ocrx_word' id='word_1_307' title='bbox 563 3091 670 3166; x_wconf 85' lang='lat' dir='ltr'>debita,</span> <span class='ocrx_word' id='word_1_308' title='bbox 684 3099 718 3155; x_wconf 87' lang='lat' dir='ltr'>nt</span> <span class='ocrx_word' id='word_1_309' title='bbox 727 3089 858 3150; x_wconf 87' lang='lat' dir='ltr'>Christus</span> <span class='ocrx_word' id='word_1_310' title='bbox 868 3089 954 3148; x_wconf 89' lang='lat' dir='ltr'>docet</span> <span class='ocrx_word' id='word_1_311' title='bbox 964 3087 1069 3146; x_wconf 85' lang='lat' dir='ltr'>Matth.</span> <span class='ocrx_word' id='word_1_312' title='bbox 1084 3087 1156 3146; x_wconf 85' lang='lat' dir='ltr'>xxii.</span> <span class='ocrx_word' id='word_1_313' title='bbox 1172 3089 1220 3161; x_wconf 87' lang='grc'>37,</span> <span class='ocrx_word' id='word_1_314' title='bbox 1236 3094 1298 3146; x_wconf 89' lang='lat' dir='ltr'>tum</span> 
     </span>
     <span class='ocr_line' id='line_1_34' title="bbox 97 3165 1413 3264; baseline -0.008 -29"><span class='ocrx_word' id='word_1_315' title='bbox 97 3168 216 3232; x_wconf 73' lang='lat' dir='ltr'>blemivc</span> <span class='ocrx_word' id='word_1_316' title='bbox 229 3171 333 3251; x_wconf 87' lang='lat' dir='ltr'>quoad</span> <span class='ocrx_word' id='word_1_317' title='bbox 343 3173 462 3248; x_wconf 67' lang='lat' dir='ltr'>mdia,</span> <span class='ocrx_word' id='word_1_318' title='bbox 478 3171 546 3264; x_wconf 71' lang='lat' dir='ltr'>quia</span> <span class='ocrx_word' id='word_1_319' title='bbox 560 3170 744 3236; x_wconf 85' lang='lat' dir='ltr'>dilectionem</span> <span class='ocrx_word' id='word_1_320' title='bbox 758 3189 817 3228; x_wconf 91' lang='lat' dir='ltr'>non</span> <span class='ocrx_word' id='word_1_321' title='bbox 831 3169 1068 3262; x_wconf 76' lang='lat' dir='ltr'>qualemcunque,</span> <span class='ocrx_word' id='word_1_322' title='bbox 1084 3165 1137 3226; x_wconf 91' lang='lat' dir='ltr'>sed</span> <span class='ocrx_word' id='word_1_323' title='bbox 1149 3166 1297 3246; x_wconf 86' lang='lat' dir='ltr'>perfectis·</span> <span class='ocrx_word' id='word_1_324' title='bbox 1407 3229 1413 3236; x_wconf 57' lang='grc'><strong>,</strong></span> 
     </span>
     <span class='ocr_line' id='line_1_35' title="bbox 98 3245 1297 3410; baseline 0.003 -25"><span class='ocrx_word' id='word_1_325' title='bbox 98 3267 200 3390; x_wconf 59' lang='lat' dir='ltr'>tffi’</span> <span class='ocrx_word' id='word_1_326' title='bbox 214 3246 1101 3410; x_wconf 54' lang='lat' dir='ltr'>ttttdidttt‘ittttttttttittl</span> <span class='ocrx_word' id='word_1_327' title='bbox 1109 3245 1297 3388; x_wconf 59' lang='lat' dir='ltr'>diliciis}</span> 
     </span>
     <span class='ocr_line' id='line_1_36' title="bbox 100 3407 1298 3504; baseline -0.003 -34"><span class='ocrx_word' id='word_1_328' title='bbox 100 3407 176 3484; x_wconf 89' lang='lat' dir='ltr'>“Qui</span> <span class='ocrx_word' id='word_1_329' title='bbox 188 3411 295 3472; x_wconf 89' lang='lat' dir='ltr'>fecerit</span> <span class='ocrx_word' id='word_1_330' title='bbox 308 3412 365 3471; x_wconf 90' lang='lat' dir='ltr'>ista</span> <span class='ocrx_word' id='word_1_331' title='bbox 377 3411 459 3472; x_wconf 85' lang='lat' dir='ltr'>vivet</span> <span class='ocrx_word' id='word_1_332' title='bbox 472 3411 503 3504; x_wconf 75' lang='lat' dir='ltr'>in</span> <span class='ocrx_word' id='word_1_333' title='bbox 522 3411 588 3504; x_wconf 71' lang='lat' dir='ltr'>iis,&#39;&#39;</span> <span class='ocrx_word' id='word_1_334' title='bbox 611 3411 684 3504; x_wconf 76' lang='lat' dir='ltr'>Lev.</span> <span class='ocrx_word' id='word_1_335' title='bbox 698 3410 781 3470; x_wconf 84' lang='lat' dir='ltr'>xviii.</span> <span class='ocrx_word' id='word_1_336' title='bbox 795 3411 823 3486; x_wconf 82' lang='grc'>5,</span> <span class='ocrx_word' id='word_1_337' title='bbox 845 3408 924 3492; x_wconf 89' lang='lat' dir='ltr'>quod</span> <span class='ocrx_word' id='word_1_338' title='bbox 937 3408 996 3474; x_wconf 87' lang='lat' dir='ltr'>dici</span> <span class='ocrx_word' id='word_1_339' title='bbox 1008 3427 1067 3467; x_wconf 89' lang='lat' dir='ltr'>non</span> <span class='ocrx_word' id='word_1_340' title='bbox 1087 3415 1194 3488; x_wconf 87' lang='lat' dir='ltr'>posset,</span> <span class='ocrx_word' id='word_1_341' title='bbox 1210 3407 1236 3466; x_wconf 93' lang='lat' dir='ltr'>si</span> <span class='ocrx_word' id='word_1_342' title='bbox 1249 3407 1298 3467; x_wconf 89' lang='lat' dir='ltr'>vel</span> 
     </span>
     <span class='ocr_line' id='line_1_37' title="bbox 99 3489 1297 3647; baseline -0.003 -19"><span class='ocrx_word' id='word_1_343' title='bbox 99 3489 773 3647; x_wconf 44' lang='lat' dir='ltr'>ugneffidigelffieiffiffipfflm</span> <span class='ocrx_word' id='word_1_344' title='bbox 793 3568 831 3630; x_wconf 87' lang='lat' dir='ltr'>ad</span> <span class='ocrx_word' id='word_1_345' title='bbox 844 3588 909 3628; x_wconf 90' lang='lat' dir='ltr'>eam</span> <span class='ocrx_word' id='word_1_346' title='bbox 922 3565 1134 3642; x_wconf 87' lang='lat' dir='ltr'>destruendam,</span> <span class='ocrx_word' id='word_1_347' title='bbox 1155 3565 1206 3626; x_wconf 91' lang='lat' dir='ltr'>sed</span> <span class='ocrx_word' id='word_1_348' title='bbox 1220 3585 1297 3625; x_wconf 89' lang='lat' dir='ltr'>ooni-</span> 
     </span>
     <span class='ocr_line' id='line_1_38' title="bbox 99 3647 1300 3730; baseline 0.001 -25"><span class='ocrx_word' id='word_1_349' title='bbox 99 3647 253 3728; x_wconf 82' lang='lat' dir='ltr'>plendaiii,”</span> <span class='ocrx_word' id='word_1_350' title='bbox 269 3652 360 3713; x_wconf 82' lang='lat' dir='ltr'>Mitt.</span> <span class='ocrx_word' id='word_1_351' title='bbox 374 3671 403 3712; x_wconf 86' lang='lat' dir='ltr'>v.</span> <span class='ocrx_word' id='word_1_352' title='bbox 422 3653 468 3726; x_wconf 91' lang='grc'>17,</span> <span class='ocrx_word' id='word_1_353' title='bbox 482 3651 534 3710; x_wconf 92' lang='lat' dir='ltr'>ubi</span> <span class='ocrx_word' id='word_1_354' title='bbox 546 3655 574 3708; x_wconf 73' lang='lat' dir='ltr'>ii</span> <span class='ocrx_word' id='word_1_355' title='bbox 588 3653 718 3730; x_wconf 70' lang='grc' dir='ltr'>πλιςῧηι</span> <span class='ocrx_word' id='word_1_356' title='bbox 738 3669 797 3709; x_wconf 90' lang='lat' dir='ltr'>non</span> <span class='ocrx_word' id='word_1_357' title='bbox 813 3655 858 3708; x_wconf 91' lang='lat' dir='ltr'>est</span> <span class='ocrx_word' id='word_1_358' title='bbox 870 3647 1066 3726; x_wconf 82' lang='lat' dir='ltr'>imperfectam</span> <span class='ocrx_word' id='word_1_359' title='bbox 1080 3647 1233 3724; x_wconf 87' lang='lat' dir='ltr'>complere,</span> <span class='ocrx_word' id='word_1_360' title='bbox 1248 3654 1300 3706; x_wconf 90' lang='lat' dir='ltr'>aut</span> 
     </span>
     <span class='ocr_line' id='line_1_39' title="bbox 100 3724 1299 3809; baseline 0 -19"><span class='ocrx_word' id='word_1_361' title='bbox 100 3731 263 3790; x_wconf 80' lang='lat' dir='ltr'>contrariam</span> <span class='ocrx_word' id='word_1_362' title='bbox 279 3731 434 3808; x_wconf 84' lang='lat' dir='ltr'>corrigere,</span> <span class='ocrx_word' id='word_1_363' title='bbox 455 3729 536 3809; x_wconf 90' lang='lat' dir='ltr'>qnod</span> <span class='ocrx_word' id='word_1_364' title='bbox 555 3738 632 3790; x_wconf 87' lang='lat' dir='ltr'>esset</span> <span class='ocrx_word' id='word_1_365' title='bbox 651 3731 747 3808; x_wconf 90' lang='lat' dir='ltr'>potius</span> <span class='ocrx_word' id='word_1_366' title='bbox 768 3734 901 3804; x_wconf 63' lang='grc' dir='ltr'>ἀναλῦσαι,</span> <span class='ocrx_word' id='word_1_367' title='bbox 924 3727 976 3788; x_wconf 90' lang='lat' dir='ltr'>sed</span> <span class='ocrx_word' id='word_1_368' title='bbox 994 3725 1092 3803; x_wconf 83' lang='lat' dir='ltr'>phrasi</span> <span class='ocrx_word' id='word_1_369' title='bbox 1107 3725 1255 3790; x_wconf 75' lang='lat' dir='ltr'>Hebraita</span> <span class='ocrx_word' id='word_1_370' title='bbox 1268 3724 1299 3784; x_wconf 79' lang='lat' dir='ltr'>id</span> 
     </span>
     <span class='ocr_line' id='line_1_40' title="bbox 100 3803 1298 3888; baseline -0.005 -22"><span class='ocrx_word' id='word_1_371' title='bbox 100 3808 172 3882; x_wconf 91' lang='lat' dir='ltr'>quod</span> <span class='ocrx_word' id='word_1_372' title='bbox 189 3819 369 3888; x_wconf 72' lang='lat' dir='ltr'>preceptum</span> <span class='ocrx_word' id='word_1_373' title='bbox 390 3819 435 3869; x_wconf 90' lang='lat' dir='ltr'>est</span> <span class='ocrx_word' id='word_1_374' title='bbox 454 3809 557 3884; x_wconf 84' lang='lat' dir='ltr'>facere,</span> <span class='ocrx_word' id='word_1_375' title='bbox 579 3819 612 3868; x_wconf 90' lang='lat' dir='ltr'>ut</span> <span class='ocrx_word' id='word_1_376' title='bbox 632 3809 673 3868; x_wconf 89' lang='lat' dir='ltr'>ita</span> <span class='ocrx_word' id='word_1_377' title='bbox 688 3809 819 3869; x_wconf 89' lang='lat' dir='ltr'>Christus</span> <span class='ocrx_word' id='word_1_378' title='bbox 834 3809 943 3885; x_wconf 89' lang='lat' dir='ltr'>Legem</span> <span class='ocrx_word' id='word_1_379' title='bbox 957 3805 1122 3883; x_wconf 85' lang='lat' dir='ltr'>impleverit</span> <span class='ocrx_word' id='word_1_380' title='bbox 1141 3823 1200 3863; x_wconf 89' lang='lat' dir='ltr'>non</span> <span class='ocrx_word' id='word_1_381' title='bbox 1217 3803 1298 3862; x_wconf 90' lang='lat' dir='ltr'>addi·</span> 
     </span>
     <span class='ocr_line' id='line_1_41' title="bbox 101 3881 1299 3966; baseline -0.003 -22"><span class='ocrx_word' id='word_1_382' title='bbox 101 3885 171 3946; x_wconf 90' lang='lat' dir='ltr'>tione</span> <span class='ocrx_word' id='word_1_383' title='bbox 183 3891 232 3949; x_wconf 84' lang='lat' dir='ltr'>vel</span> <span class='ocrx_word' id='word_1_384' title='bbox 246 3890 434 3966; x_wconf 86' lang='lat' dir='ltr'>correctione,</span> <span class='ocrx_word' id='word_1_385' title='bbox 460 3888 512 3949; x_wconf 88' lang='lat' dir='ltr'>sed</span> <span class='ocrx_word' id='word_1_386' title='bbox 526 3889 727 3950; x_wconf 85' lang='lat' dir='ltr'>observatione</span> <span class='ocrx_word' id='word_1_387' title='bbox 740 3897 771 3948; x_wconf 91' lang='lat' dir='ltr'>et</span> <span class='ocrx_word' id='word_1_388' title='bbox 784 3887 962 3948; x_wconf 83' lang='lat' dir='ltr'>executione.</span> <span class='ocrx_word' id='word_1_389' title='bbox 1004 3883 1156 3944; x_wconf 73' lang='lat' dir='ltr'>lhifnriam</span> <span class='ocrx_word' id='word_1_390' title='bbox 1168 3881 1299 3940; x_wconf 88' lang='lat' dir='ltr'>Christus</span> 
     </span>
     <span class='ocr_line' id='line_1_42' title="bbox 101 3961 1298 4048; baseline -0.003 -26"><span class='ocrx_word' id='word_1_391' title='bbox 101 3963 223 4044; x_wconf 81' lang='lat' dir='ltr'>implerit</span> <span class='ocrx_word' id='word_1_392' title='bbox 231 3971 354 4048; x_wconf 87' lang='lat' dir='ltr'>Legem,</span> <span class='ocrx_word' id='word_1_393' title='bbox 363 3969 413 4028; x_wconf 90' lang='lat' dir='ltr'>val</span> <span class='ocrx_word' id='word_1_394' title='bbox 425 3977 459 4030; x_wconf 89' lang='lat' dir='ltr'>nt</span> <span class='ocrx_word' id='word_1_395' title='bbox 472 3969 638 4045; x_wconf 66' lang='grc' dir='ltr'>ᾱοοειύιαπι,</span> <span class='ocrx_word' id='word_1_396' title='bbox 652 3967 732 4028; x_wconf 86' lang='lat' dir='ltr'>fideli</span> <span class='ocrx_word' id='word_1_397' title='bbox 745 3967 956 4046; x_wconf 71' lang='lat' dir='ltr'>pedaneus,</span> <span class='ocrx_word' id='word_1_398' title='bbox 969 3963 1062 4024; x_wconf 91' lang='lat' dir='ltr'>solida</span> <span class='ocrx_word' id='word_1_399' title='bbox 1072 3961 1298 4037; x_wconf 82' lang='lat' dir='ltr'>confirmatione,</span> 
     </span>
     <span class='ocr_line' id='line_1_43' title="bbox 101 4040 1301 4126; baseline 0 -25"><span class='ocrx_word' id='word_1_400' title='bbox 101 4053 128 4102; x_wconf 86' lang='lat' dir='ltr'>et</span> <span class='ocrx_word' id='word_1_401' title='bbox 139 4045 202 4108; x_wconf 90' lang='lat' dir='ltr'>forti</span> <span class='ocrx_word' id='word_1_402' title='bbox 214 4049 433 4126; x_wconf 83' lang='lat' dir='ltr'>vindicatione;</span> <span class='ocrx_word' id='word_1_403' title='bbox 454 4049 503 4108; x_wconf 87' lang='lat' dir='ltr'>vel</span> <span class='ocrx_word' id='word_1_404' title='bbox 516 4057 550 4112; x_wconf 87' lang='lat' dir='ltr'>ut</span> <span class='ocrx_word' id='word_1_405' title='bbox 561 4068 700 4124; x_wconf 72' lang='lat' dir='ltr'>nonnam,</span> <span class='ocrx_word' id='word_1_406' title='bbox 715 4049 800 4126; x_wconf 90' lang='lat' dir='ltr'>plena</span> <span class='ocrx_word' id='word_1_407' title='bbox 814 4055 843 4106; x_wconf 89' lang='lat' dir='ltr'>at</span> <span class='ocrx_word' id='word_1_408' title='bbox 856 4045 999 4106; x_wconf 87' lang='lat' dir='ltr'>constanti</span> <span class='ocrx_word' id='word_1_409' title='bbox 1013 4040 1229 4117; x_wconf 85' lang='lat' dir='ltr'>observatione;</span> <span class='ocrx_word' id='word_1_410' title='bbox 1252 4041 1301 4102; x_wconf 90' lang='lat' dir='ltr'>vel</span> 
     </span>
     <span class='ocr_line' id='line_1_44' title="bbox 102 4121 1299 4206; baseline -0.008 -17"><span class='ocrx_word' id='word_1_411' title='bbox 102 4131 132 4181; x_wconf 69' lang='lat' dir='ltr'>ul</span> <span class='ocrx_word' id='word_1_412' title='bbox 145 4134 243 4204; x_wconf 54' lang='grc' dir='ltr'>ΨΜ,</span> <span class='ocrx_word' id='word_1_413' title='bbox 254 4129 371 4206; x_wconf 87' lang='lat' dir='ltr'>integra</span> <span class='ocrx_word' id='word_1_414' title='bbox 385 4129 639 4204; x_wconf 84' lang='lat' dir='ltr'>consummatione,</span> <span class='ocrx_word' id='word_1_415' title='bbox 646 4127 797 4195; x_wconf 58' lang='lat' dir='ltr'>veritam</span> <span class='ocrx_word' id='word_1_416' title='bbox 811 4134 946 4206; x_wconf 79' lang='lat' dir='ltr'>typorum</span> <span class='ocrx_word' id='word_1_417' title='bbox 960 4132 990 4184; x_wconf 91' lang='lat' dir='ltr'>et</span> <span class='ocrx_word' id='word_1_418' title='bbox 1002 4121 1184 4192; x_wconf 81' lang='lat' dir='ltr'>oraculorum</span> <span class='ocrx_word' id='word_1_419' title='bbox 1194 4129 1224 4180; x_wconf 90' lang='lat' dir='ltr'>et</span> <span class='ocrx_word' id='word_1_420' title='bbox 1238 4141 1299 4180; x_wconf 88' lang='lat' dir='ltr'>cor·</span> 
     </span>
     <span class='ocr_line' id='line_1_45' title="bbox 103 4205 669 4278; baseline 0.004 -12"><span class='ocrx_word' id='word_1_421' title='bbox 103 4221 152 4278; x_wconf 79' lang='lat' dir='ltr'>pus</span> <span class='ocrx_word' id='word_1_422' title='bbox 164 4209 329 4269; x_wconf 82' lang='lat' dir='ltr'>umbrarum</span> <span class='ocrx_word' id='word_1_423' title='bbox 342 4209 374 4268; x_wconf 90' lang='lat' dir='ltr'>in</span> <span class='ocrx_word' id='word_1_424' title='bbox 387 4209 429 4268; x_wconf 90' lang='lat' dir='ltr'>sei</span> <span class='ocrx_word' id='word_1_425' title='bbox 450 4228 483 4268; x_wconf 90' lang='lat' dir='ltr'>so</span> <span class='ocrx_word' id='word_1_426' title='bbox 496 4205 669 4268; x_wconf 82' lang='lat' dir='ltr'>exhibendo.</span> 
     </span>
     <span class='ocr_line' id='line_1_46' title="bbox 138 4229 1302 4369; baseline -0.009 -22"><span class='ocrx_word' id='word_1_427' title='bbox 138 4283 191 4344; x_wconf 89' lang='lat' dir='ltr'>VI.</span> <span class='ocrx_word' id='word_1_428' title='bbox 211 4287 320 4364; x_wconf 84' lang='lat' dir='ltr'>Tertio,</span> <span class='ocrx_word' id='word_1_429' title='bbox 336 4288 411 4364; x_wconf 87' lang='lat' dir='ltr'>Quia</span> <span class='ocrx_word' id='word_1_430' title='bbox 425 4229 630 4348; x_wconf 66' lang='lat' dir='ltr'>insaniori</span> <span class='ocrx_word' id='word_1_431' title='bbox 650 4287 708 4348; x_wconf 87' lang='lat' dir='ltr'>alis</span> <span class='ocrx_word' id='word_1_432' title='bbox 727 4285 815 4363; x_wconf 89' lang='lat' dir='ltr'>Legis</span> <span class='ocrx_word' id='word_1_433' title='bbox 835 4291 978 4362; x_wconf 78' lang='lat' dir='ltr'>precepta</span> <span class='ocrx_word' id='word_1_434' title='bbox 991 4283 1022 4340; x_wconf 92' lang='lat' dir='ltr'>in</span> <span class='ocrx_word' id='word_1_435' title='bbox 1036 4281 1073 4341; x_wconf 90' lang='lat' dir='ltr'>N.</span> <span class='ocrx_word' id='word_1_436' title='bbox 1088 4280 1167 4340; x_wconf 84' lang='lat' dir='ltr'>Test.</span> <span class='ocrx_word' id='word_1_437' title='bbox 1181 4278 1302 4369; x_wconf 80' lang='lat' dir='ltr'>tradidit</span> 
     </span>
     <span class='ocr_line' id='line_1_47' title="bbox 105 4357 1300 4460; baseline -0.008 -32"><span class='ocrx_word' id='word_1_438' title='bbox 105 4362 147 4420; x_wconf 71' lang='lat' dir='ltr'>&#39;el</span> <span class='ocrx_word' id='word_1_439' title='bbox 158 4383 208 4442; x_wconf 84' lang='lat' dir='ltr'>per</span> <span class='ocrx_word' id='word_1_440' title='bbox 221 4387 263 4444; x_wconf 89' lang='lat' dir='ltr'>se,</span> <span class='ocrx_word' id='word_1_441' title='bbox 277 4369 326 4428; x_wconf 90' lang='lat' dir='ltr'>vel</span> <span class='ocrx_word' id='word_1_442' title='bbox 340 4387 392 4446; x_wconf 87' lang='lat' dir='ltr'>per</span> <span class='ocrx_word' id='word_1_443' title='bbox 406 4367 575 4446; x_wconf 81' lang='lat' dir='ltr'>Apostolos,</span> <span class='ocrx_word' id='word_1_444' title='bbox 582 4387 668 4446; x_wconf 88' lang='lat' dir='ltr'>qnam</span> <span class='ocrx_word' id='word_1_445' title='bbox 682 4387 748 4460; x_wconf 77' lang='lat' dir='ltr'>qun</span> <span class='ocrx_word' id='word_1_446' title='bbox 762 4386 780 4425; x_wconf 91' lang='lat' dir='ltr'>a</span> <span class='ocrx_word' id='word_1_447' title='bbox 793 4365 877 4424; x_wconf 88' lang='lat' dir='ltr'>Mose</span> <span class='ocrx_word' id='word_1_448' title='bbox 891 4363 959 4424; x_wconf 89' lang='lat' dir='ltr'>data</span> <span class='ocrx_word' id='word_1_449' title='bbox 972 4362 1094 4453; x_wconf 78' lang='lat' dir='ltr'>fuerant,</span> <span class='ocrx_word' id='word_1_450' title='bbox 1110 4357 1216 4416; x_wconf 86' lang='lat' dir='ltr'>Matth.</span> <span class='ocrx_word' id='word_1_451' title='bbox 1227 4375 1300 4414; x_wconf 80' lang='lat' dir='ltr'>xxn·</span> 
     </span>
     <span class='ocr_line' id='line_1_48' title="bbox 36 4441 1302 4528; baseline -0.006 -22"><span class='ocrx_word' id='word_1_452' title='bbox 36 4477 38 4512; x_wconf 63' lang='lat' dir='ltr'>i</span> <span class='ocrx_word' id='word_1_453' title='bbox 106 4441 148 4517; x_wconf 71' lang='lat'>37,</span> <span class='ocrx_word' id='word_1_454' title='bbox 163 4443 246 4506; x_wconf 80' lang='lat' dir='ltr'>Rani.</span> <span class='ocrx_word' id='word_1_455' title='bbox 260 4448 324 4508; x_wconf 80' lang='lat' dir='ltr'>xiii.</span> <span class='ocrx_word' id='word_1_456' title='bbox 339 4449 367 4524; x_wconf 84' lang='lat'>9,</span> <span class='ocrx_word' id='word_1_457' title='bbox 389 4467 443 4508; x_wconf 90' lang='lat' dir='ltr'>nec</span> <span class='ocrx_word' id='word_1_458' title='bbox 463 4447 550 4506; x_wconf 91' lang='lat' dir='ltr'>aliam</span> <span class='ocrx_word' id='word_1_459' title='bbox 571 4448 793 4526; x_wconf 64' lang='lat' dir='ltr'>explicationem</span> <span class='ocrx_word' id='word_1_460' title='bbox 814 4463 912 4504; x_wconf 87' lang='lat' dir='ltr'>eorum</span> <span class='ocrx_word' id='word_1_461' title='bbox 933 4449 1075 4521; x_wconf 80' lang='lat' dir='ltr'>proponit,</span> <span class='ocrx_word' id='word_1_462' title='bbox 1097 4455 1185 4528; x_wconf 67' lang='lat' dir='ltr'>fluam</span> <span class='ocrx_word' id='word_1_463' title='bbox 1205 4451 1302 4510; x_wconf 66' lang='lat' dir='ltr'>qum</span> 
     </span>
     <span class='ocr_line' id='line_1_49' title="bbox 36 4511 1301 4606; baseline -0.008 -21"><span class='ocrx_word' id='word_1_464' title='bbox 36 4525 38 4550; x_wconf 66' lang='lat'>¹</span> <span class='ocrx_word' id='word_1_465' title='bbox 108 4517 250 4600; x_wconf 80' lang='lat' dir='ltr'>Prophetis</span> <span class='ocrx_word' id='word_1_466' title='bbox 270 4527 340 4586; x_wconf 91' lang='lat' dir='ltr'>olim</span> <span class='ocrx_word' id='word_1_467' title='bbox 360 4527 508 4606; x_wconf 81' lang='lat' dir='ltr'>proposita</span> <span class='ocrx_word' id='word_1_468' title='bbox 527 4527 629 4588; x_wconf 85' lang='lat' dir='ltr'>fuerat.</span> <span class='ocrx_word' id='word_1_469' title='bbox 671 4525 758 4587; x_wconf 92' lang='lat' dir='ltr'>Unde</span> <span class='ocrx_word' id='word_1_470' title='bbox 778 4531 952 4602; x_wconf 77' lang='lat' dir='ltr'>preceptum</span> <span class='ocrx_word' id='word_1_471' title='bbox 973 4520 1121 4581; x_wconf 84' lang='lat' dir='ltr'>charitatis</span> <span class='ocrx_word' id='word_1_472' title='bbox 1135 4531 1154 4570; x_wconf 81' lang='lat' dir='ltr'>a</span> <span class='ocrx_word' id='word_1_473' title='bbox 1165 4511 1187 4572; x_wconf 83' lang='lat' dir='ltr'>J</span> <span class='ocrx_word' id='word_1_474' title='bbox 1188 4513 1301 4603; x_wconf 61' lang='lat' dir='ltr'>channe</span> 
     </span>
     <span class='ocr_line' id='line_1_50' title="bbox 38 4590 1302 4682; baseline -0.002 -14"><span class='ocrx_word' id='word_1_475' title='bbox 38 4655 39 4668; x_wconf 66' lang='lat'>.</span> <span class='ocrx_word' id='word_1_476' title='bbox 108 4611 173 4662; x_wconf 67' lang='lat' dir='ltr'>tetta</span> <span class='ocrx_word' id='word_1_477' title='bbox 182 4613 212 4664; x_wconf 87' lang='lat' dir='ltr'>et</span> <span class='ocrx_word' id='word_1_478' title='bbox 224 4627 326 4668; x_wconf 79' lang='lat' dir='ltr'>nocam</span> <span class='ocrx_word' id='word_1_479' title='bbox 339 4605 446 4666; x_wconf 87' lang='lat' dir='ltr'>dicitiir</span> <span class='ocrx_word' id='word_1_480' title='bbox 461 4611 475 4668; x_wconf 95' lang='lat' dir='ltr'>l</span> <span class='ocrx_word' id='word_1_481' title='bbox 489 4607 539 4667; x_wconf 89' lang='lat' dir='ltr'>Jo.</span> <span class='ocrx_word' id='word_1_482' title='bbox 554 4607 663 4682; x_wconf 81' lang='lat' dir='ltr'>ii.7,8:</span> <span class='ocrx_word' id='word_1_483' title='bbox 685 4615 770 4665; x_wconf 89' lang='lat' dir='ltr'>vetus</span> <span class='ocrx_word' id='word_1_484' title='bbox 784 4605 894 4664; x_wconf 89' lang='lat' dir='ltr'>ratione</span> <span class='ocrx_word' id='word_1_485' title='bbox 908 4604 1008 4681; x_wconf 75' lang='lat' dir='ltr'>prima</span> <span class='ocrx_word' id='word_1_486' title='bbox 1021 4590 1262 4675; x_wconf 66' lang='lat' dir='ltr'>promul&amp;llnonll</span> <span class='ocrx_word' id='word_1_487' title='bbox 1271 4606 1302 4644; x_wconf 76' lang='lat'>²¹¹</span> 
     </span>
     <span class='ocr_line' id='line_1_51' title="bbox 38 4675 1006 4760; baseline -0.007 -16"><span class='ocrx_word' id='word_1_488' title='bbox 38 4709 39 4718; x_wconf 59' lang='lat'>2</span> <span class='ocrx_word' id='word_1_489' title='bbox 109 4675 141 4742; x_wconf 77' lang='lat' dir='ltr'>V·</span> <span class='ocrx_word' id='word_1_490' title='bbox 154 4681 196 4760; x_wconf 81' lang='grc' dir='ltr'>Τ,</span> <span class='ocrx_word' id='word_1_491' title='bbox 211 4705 319 4750; x_wconf 87' lang='lat' dir='ltr'>novum</span> <span class='ocrx_word' id='word_1_492' title='bbox 334 4687 444 4754; x_wconf 85' lang='lat' dir='ltr'>ratione</span> <span class='ocrx_word' id='word_1_493' title='bbox 457 4687 655 4756; x_wconf 75' lang='lat' dir='ltr'>renovationis</span> <span class='ocrx_word' id='word_1_494' title='bbox 668 4695 698 4746; x_wconf 86' lang='lat' dir='ltr'>et</span> <span class='ocrx_word' id='word_1_495' title='bbox 711 4683 955 4746; x_wconf 83' lang='lat' dir='ltr'>illustrationisin</span> <span class='ocrx_word' id='word_1_496' title='bbox 970 4680 1006 4738; x_wconf 90' lang='lat' dir='ltr'>N.</span> 
     </span>
    </p>
   </div>
   <div class='ocr_carea' id='block_1_3' title="bbox 0 0 1569 5198">
    <p class='ocr_par' dir='ltr' id='par_1_3' title="bbox 0 0 1569 5198">
     <span class='ocr_line' id='line_1_52' title="bbox 0 0 1569 5198; baseline 0 0"><span class='ocrx_word' id='word_1_497' title='bbox 0 0 1569 5198; x_wconf 95' lang='lat' dir='ltr'> </span> 
     </span>
    </p>
   </div>
  </div>
 </body>
</html>
