3202 5194
224 380 282 438 116
686 392 778 434 nouus
793 391 973 432 uunncruua
1230 373 1360 456 [eumer.
1376 401 1429 445 xx.

222 539 250 597 ei
261 539 429 614 adhaerere,
446 547 473 597 et
485 537 637 614 m'odo'quo
650 534 703 611 fit3
725 533 876 592 iufirmitas
890 531 1024 609 hominis,
1040 537 1069 590 et
1088 529 1204 592 bonitas
1219 535 1284 612 Dei,
1300 538 1350 598 illa
1364 563 1429 620 quae

222 619 253 676 in
268 617 384 696 optimis
397 618 560 678 actionibus
571 635 684 694 semper
693 613 805 692 aliquid
818 612 916 672 vitiosi
930 612 1078 686 admiscet,
1093 610 1150 678 ista
1163 633 1229 690 que
1242 617 1346 678 vitium
1361 643 1429 682 eon.

223 698 358 758 donando
377 697 485 758 bonum
508 698 634 775 gratiose
656 701 843 772 compensat:
873 692 916 752 Ut
937 712 1006 769 ergo
1026 691 1136 769 placuit
1157 693 1230 770 Deo,
1253 700 1332 774 quod
1351 702 1430 763 filius

222 778 316 837 Mosis
331 778 591 853 circumcideretur,
609 796 668 834 non
682 775 840 854 approbato
854 772 941 830 modo
956 771 1061 848 agendi
1076 791 1114 829 ex
1128 773 1247 852 impetu,
1258 797 1344 854 quem
1355 782 1431 844 ineo

223 859 352 918 servavit
368 859 519 936 Sipphora,
537 857 634 917 Exod.
648 857 688 915 iv.
701 858 760 930 25,
783 855 830 912 Ita
843 852 952 930 placuit
967 853 1040 928 Deo,
1056 853 1135 928 quod
1149 854 1320 918 obstetrices
1334 861 1371 920 ab
1385 864 1429 922 iu-

222 938 372 998 fanticidio
387 939 596 1013 abstinuerunt,
612 935 691 1014 qnod
705 933 808 994 Rahab
822 932 968 1010 hospitum
983 951 1101 992 suorum
1115 935 1263 996 securitati
1273 943 1426 1020 consuluit,

222 1018 302 1096 quod
327 1019 437 1078 Michal
464 1019 588 1077 Davidis
609 1015 706 1075 mariti
727 1015 781 1088 sui,
798 1016 813 1071 1
832 1012 910 1072 Sam.
924 1011 986 1073 xix.
1005 1015 1050 1086 17,
1074 1013 1225 1074 Ionathan
1249 1020 1334 1078 emiei
1359 1023 1428 1082 vitae

221 1107 440 1177 prospexerunt,
458 1102 474 1157 1
488 1099 566 1158 Sam.
580 1118 632 1156 xx.
648 1099 675 1172 6,
692 1097 740 1170 28,
755 1094 824 1154 licet
838 1091 941 1152 modus
955 1092 1061 1170 agendi
1074 1093 1105 1151 in
1119 1094 1184 1154 istis
1194 1096 1278 1158 bonis
1288 1101 1428 1178 operibus

220 1199 273 1258 per
286 1180 468 1239 mendacium
481 1199 540 1238 non
550 1177 678 1250 ¹caruerit
691 1175 763 1233 vitio
777 1193 873 1233 coram
889 1173 962 1232 Deo.

263 1260 306 1319 X.
329 1261 394 1320 Non
409 1259 501 1337 magis
514 1260 584 1318 licet
604 1258 634 1316 in
649 1255 771 1334 gratiam
791 1253 926 1332 proximi,
948 1273 1036 1330 quam
1057 1253 1197 1315 adversus
1218 1256 1300 1317 illum
1321 1260 1426 1322 falsum

220 1339 418 1399 testimonium
433 1340 536 1415 dicere,
552 1347 657 1398 utnon
677 1335 772 1413 magis
784 1334 854 1394 licet
874 1334 905 1392 iu
922 1333 1046 1410 gretiam
1060 1334 1156 1394 viduae
1173 1345 1224 1396 aut
1237 1341 1359 1416 orphani
1376 1343 1427 1421 jus

220 1429 393 1498 pervertere,
416 1439 503 1497 quam
525 1427 626 1478 eontra
647 1417 722 1491 illos,
744 1413 866 1474 Levitio.
885 1415 948 1472 xix.
971 1415 1017 1472 15.
1070 1415 1112 1474 Ut
1132 1425 1245 1493 oportet
1266 1421 1385 1485 inseriae
1407 1426 1428 1482 ir

220 1500 321 1574 ἀγάπη,
345 1503 386 1560 ita
405 1509 537 1560 tenemur
551 1518 664 1576 semper
676 1499 786 1574 ἀγαπᾷ,
801 1496 821 1552 ir
833 1497 934 1573 tantais
949 1503 978 1554 et
992 1513 1083 1572 usque
1104 1495 1142 1554 ad
1156 1517 1229 1557 aras.
1272 1501 1337 1560 lmo
1357 1504 1427 1563 licet

219 1569 317 1639 nullu's
332 1581 489 1658 speciosior
502 1587 660 1657 praetextus
681 1578 773 1655 possit
787 1575 906 1635 obtendi
920 1575 1079 1650 mendacio,
1101 1595 1186 1653 quam
1201 1578 1294 1653 gloria
1308 1582 1372 1656 Dei,
1396 1593 1427 1642 et

218 1660 410 1737 patrocinium
424 1659 530 1719 divina
545 1657 684 1733 veritatis,
704 1658 785 1716 Deus
805 1665 902 1715 tamen
922 1657 978 1715 boc
998 1655 1101 1733 rejicit,
1123 1675 1177 1714 neo
1191 1657 1255 1716 vult
1274 1659 1313 1718 ad
1326 1660 1424 1721 defen-

218 1741 328 1799 sionem
344 1761 438 1800 causse
453 1761 513 1799 suae
527 1738 666 1814 adhiberi,
682 1738 752 1798 Job.
767 1737 828 1795 xiii.
840 1741 868 1812 7,
886 1739 903 1770 “
915 1735 965 1794 An
979 1735 1064 1794 vobis
1074 1735 1274 1813 proferendum
1286 1749 1331 1800 est
1344 1761 1424 1800 men-

218 1819 333 1880 dacium
346 1821 377 1880 in
388 1821 511 1900 gretiam
523 1819 580 1880 Dei
593 1818 699 1878 sortis?
725 1817 776 1876 An
785 1815 967 1877 enuncianda
980 1815 1059 1876 fraus
1072 1817 1103 1875 in
1114 1817 1178 1894 ejus
1189 1821 1315 1879 causa?’'
1343 1821 1425 1882 Deus

218 1901 326 1979 quippe
346 1902 396 1980 qui
417 1909 462 1961 est
482 1899 628 1978 ipsissima
647 1897 755 1958 veritas
775 1917 833 1956 uon
855 1897 941 1957 debet
961 1896 1078 1956 delendi
1098 1897 1258 1976 mendacio,
1277 1920 1332 1960 neo
1345 1922 1426 1962 erma

218 1983 377 2041 mutuanda
390 1983 434 2040 1111
451 1989 519 2040 sunt
532 2001 550 2039 a
565 1979 699 2038 Diabolo.

224 2105 228 2112 .
259 2061 319 2120 XI.
342 2061 483 2137 Quamvis
496 2061 570 2119 tales
584 2059 728 2118 interdurn
743 2057 917 2135 objiciantur
926 2056 1092 2116 hominibus
1102 2057 1294 2136 difficultates,
1307 2071 1340 2122 ut
1350 2063 1425 2124 inter

218 2159 332 2200 sacrum
347 2153 376 2201 et
391 2161 494 2200 saxum
509 2139 667 2212 constituti,
683 2137 786 2196 malint
799 2139 830 2196 iu
843 2137 997 2198 veritatem
1010 2156 1138 2215 peccare,
1154 2159 1241 2215 quam
1255 2141 1286 2198 in
1300 2143 1423 2203 charita.

217 2227 296 2296 tem;
311 2221 379 2280 lieet
393 2221 423 2278 in
437 2241 472 2280 eo
486 2239 583 2278 casua
597 2225 678 2278 tanto
693 2225 876 2294 excusentur,
891 2237 950 2276 non
964 2227 1060 2276 tamen
1075 2218 1171 2276 atatim
1186 2239 1204 2276 a
1214 2227 1276 2280 toto
1290 2225 1424 2283 excusari

216 2309 347 2377 possunt,
363 2299 447 2378 quasi
461 2299 539 2358 omni
553 2298 639 2377 culpa
651 2307 796 2357 vaderent.
830 2298 893 2372 Quo
907 2297 1018 2358 faciunt
1031 2297 1087 2356 ists
1101 2296 1249 2376 Augusti,
1266 2302 1369 2363 Enehi.
1384 2304 1423 2362 ad

219 2378 343 2440 Lauren.
364 2401 388 2440 c.
404 2384 463 2440 22:
495 2379 590 2437 “Non
611 2378 676 2438 ideo
697 2379 810 2438 nullum
829 2377 1012 2437 mendacimn
1033 2377 1192 2455 putandum
1213 2389 1337 2441 estnon
1358 2405 1422 2444 esse

216 2469 376 2538 peceatum,
392 2459 461 2538 quia
473 2461 627 2536 possumus
640 2457 796 2536 aliquando
810 2459 897 2518 alicui
910 2458 1047 2536 prodesse
1057 2459 1232 2519 mentiendo.
1263 2461 1423 2524 Possumus

217 2539 294 2598 enim
309 2549 338 2600 et
352 2540 473 2601 furando
488 2539 575 2599 alicui
588 2538 754 2616 prodesse,''
771 2537 835 2613 dre,
856 2557 916 2598 non
937 2558 1006 2616 ergo
1028 2538 1053 2596 si
1073 2537 1256 2598 mendacium
1277 2543 1422 2620 aliquibus

215 2619 332 2697 profuit,
348 2621 379 2679 id
392 2620 614 2679 adscribendum
628 2627 738 2678 naturae
753 2619 904 2694 mendacii,
916 2618 969 2677 sed
980 2617 1036 2676 Dei
1046 2618 1169 2678 bonitati
1179 2630 1209 2679 et
1221 2622 1419 2701 providentiae,

216 2719 281 2778 quae
295 2701 421 2777 peccatis
435 2699 583 2759 bominum
597 2699 636 2758 ad
649 2699 768 2778 aliquod
780 2699 889 2758 bonum
903 2698 1069 2775 frequenter
1081 2699 1218 2759 abutitur.

223 2827 226 2832 .
257 2781 334 2840 XII.
351 2781 477 2840 Elizaeus
491 2801 549 2840 non
562 2780 701 2839 mentitus
714 2787 759 2839 est
772 2778 913 2838 militibus
930 2778 1020 2855 Syris,
1036 2783 1053 2838 2
1067 2779 1141 2856 Reg.
1153 2780 1193 2839 vi.
1207 2783 1253 2856 19,
1266 2783 1335 2860 quia
1347 2784 1421 2844 nihil

215 2859 252 2919 ab
258 2880 292 2920 eo
298 2863 441 2938 prolatum
451 2860 529 2938 quod
535 2881 635 2920 verum
641 2879 700 2919 nou
706 2867 782 2919 esset
793 2859 890 2936 quoad
900 2859 943 2917 rei
953 2867 1100 2918 eventum.
1122 2859 1323 2934 Quaerentibus
1331 2865 1419 2940 viarm

214 2961 273 3018 qua
283 2943 422 3002 Elisaeum
436 2941 609 3017 invenirent,
621 2940 777 3018 respondet
787 2958 846 2998 uon
856 2959 920 2998 eam
931 2958 1003 3014 esse,
1020 2938 1163 3016 siquidem
1177 2941 1238 3000 ibat
1250 2941 1418 3021 Samariam,

214 3041 267 3081 nee
281 3023 361 3082 illem
376 3023 532 3096 civitatem,
549 3042 586 3080 ex
601 3041 658 3098 que
668 3021 730 3097 jam
745 3020 894 3079 exiverat:
915 3019 1068 3097 pollicetur
1078 3039 1148 3079 vero
1159 3041 1190 3080 se
1200 3039 1250 3080 eos
1264 3021 1419 3084 ducturum

212 3101 251 3159 ed
264 3104 359 3162 vitum
373 3123 460 3182 quem
474 3101 650 3178 quaerebant,
672 3100 751 3178 quod
771 3100 866 3178 reIpsa
886 3099 1018 3177 implevit
1031 3099 1164 3159 ducendo
1178 3121 1228 3161 ees
1250 3102 1420 3181 Samariam,

211 3181 262 3240 nbi
277 3190 459 3256 agnoverunt
474 3182 657 3259 Prophetam.

254 3261 349 3321 XIII.
373 3261 512 3320 Micheas
532 3279 622 3338 quum
643 3261 746 3319 suadet
765 3260 874 3319 bellum
896 3260 982 3337 Regi,
999 3263 1014 3318 1
1032 3261 1106 3338 Reg.
1128 3261 1264 3336 11111115,
1286 3283 1344 3322 non
1359 3273 1419 3324 tam

211 3339 340 3416 loquitur
360 3340 529 3399 affirmative
551 3347 580 3398 et
600 3339 775 3417 prophetice,
797 3359 884 3417 quam
898 3341 1003 3400 ironice
1016 3349 1046 3400 et
1064 3345 1210 3417 pameas,
1230 3361 1289 3400 non
1304 3363 1341 3400 ex
1356 3363 1417 3420 sua,

212 3418 264 3477 sed
279 3439 315 3478 ex
332 3420 422 3496 Regis
437 3428 466 3479 st
482 3419 802 3497 Pseudoprophetarnm
816 3421 968 3496 sententie,
990 3440 1048 3478 nou
1062 3432 1095 3479 ut
1108 3440 1158 3478 eos
1172 3421 1291 3495 saberet,
1311 3421 1363 3480 sed
1384 3432 1418 3483 ut

212 3519 262 3558 eos
276 3499 337 3558 falli
352 3499 477 3576 doceret,
500 3497 580 3578 (nam
594 3507 704 3577 postea,
720 3519 808 3577 quum
826 3500 977 3578 adjuratus
998 3509 1042 3559 est
1056 3520 1073 3558 a
1088 3499 1178 3576 Rege,
1193 3507 1227 3558 ut
1247 3499 1278 3556 iu
1298 3501 1416 3563 nomine

211 3579 233 3638 J
235 3580 336 3638 ehovae
350 3581 532 3657 eloqueretur
542 3579 740 3655 veritatem,v.
751 3583 796 3657 16,
808 3584 854 3654 17,
866 3581 954 3658 longe
965 3578 1044 3639 aliud
1054 3599 1113 3657 prae
1123 3599 1153 3638 se
1162 3579 1252 3659 tulit)
1262 3581 1343 3656 quod
1353 3582 1416 3659 ipse

212 3660 277 3717 Rex
292 3661 339 3718 vel
354 3679 392 3718 ex
406 3669 498 3737 gestu,
518 3660 567 3719 vel
587 3680 624 3718 ex
641 3659 728 3719 modo
748 3660 887 3738 loquendi
907 3661 978 3720 satis
998 3659 1135 3738 percepit.
1175 3660 1314 3720 Ieremias
1327 3664 1416 3723 etiam

210 3739 322 3798 nullum
336 3749 432 3817 potest
445 3740 534 3800 tribui
547 3740 738 3815 medactum,
754 3739 834 3799 Jere.
849 3740 974 3798 xxxviii.
991 3744 1039 3815 at,
1054 3740 1084 3798 in
1095 3741 1219 3816 gratiam
1235 3741 1334 3820 Regis,
1347 3744 1417 3820 qnia

209 3819 240 3877 id
254 3821 353 3880 retulit
368 3821 549 3898 Principibus
560 3819 640 3898 qnod
650 3820 833 3878 verissimum
843 3827 912 3894 erat,
925 3819 1060 3878 nimirum
1075 3821 1187 3898 Regem
1198 3841 1216 3880 a
1230 3841 1260 3881 se
1271 3831 1414 3899 rogatum,

208 3919 245 3958 ne
260 3900 354 3960 denuo
369 3901 399 3960 in
414 3921 556 3960 carcerem
577 3900 731 3977 pristinum
746 3900 775 3958 in
790 3899 907 3960 domum
922 3899 944 3959 J
945 3900 1098 3959 onethenis
1112 3901 1320 3977 detruderetur,
1336 3903 1416 3978 quod

208 3999 309 4039 revera
322 3981 467 4041 deremies
484 4001 502 4040 a
519 3982 601 4058 Rege
618 3979 814 4055 contenderat,
832 3988 865 4038 ut
882 3980 975 4057 liquet
991 3999 1029 4038 ex
1043 3981 1106 4041 Jer.
1124 3981 1239 4038 xxxvii.
1260 3983 1305 4056 15,
1322 3985 1370 4058 20,
1386 3992 1417 4043 et

208 4059 334 4118 xxxviii.
358 4063 404 4136 15,
429 4063 475 4136 16,
497 4080 534 4119 ne
554 4059 716 4120 traderetur
736 4059 767 4118 iu
788 4079 891 4118 manus
913 4060 1040 4120 bostium
1063 4081 1190 4120 suorum.
1232 4060 1326 4120 Aliud
1345 4083 1416 4123 vero

207 4147 318 4215 partem
335 4141 466 4199 veritatis
483 4161 541 4198 non
557 4140 749 4200 necessariam
768 4147 873 4215 tacere,
893 4138 987 4199 Aliud
1006 4139 1111 4200 falsum
1124 4161 1177 4218 pro
1191 4161 1261 4200 vero
1279 4161 1396 4203 narrare
1405 4165 1414 4222 ;

206 4218 287 4296 prius
300 4219 420 4295 licitum,
435 4240 494 4278 non
507 4221 659 4298 posterius.

248 4299 339 4358 XIV.
360 4300 509 4359 Seustatio
523 4301 629 4378 triplex
643 4300 737 4375 datur,
755 4303 782 4360 1.
788 4301 909 4375 fraudis
922 4307 953 4360 et
966 4301 1089 4375 molitio,
1106 4305 1134 4360 2.
1149 4303 1266 4360 canulas
1279 4304 1415 4362 1111111111-

207 4379 277 4453 trioe,
290 4381 513 4440 &inaurationis
521 4389 551 4440 et
559 4381 779 4457 mmmmm
800 4379 998 4458 primaqunm
1007 4381 1101 4440 virtus
1115 4381 1244 4440 exterius
1254 4382 1414 4460 praefertur,

206 4458 275 4518 dum
284 4461 388 4519 vitium
402 4463 481 4520 intus
494 4461 566 4520 latet
577 4482 585 4537 ;
600 4460 735 4536 secunda,
746 4480 811 4537 quae
825 4461 856 4518 in
867 4461 1121 4538 stratagematibus
1130 4461 1244 4521 bellicis
1253 4472 1413 4530 exercetur,

206 4547 235 4597 et
249 4558 266 4596 a
282 4539 344 4599 Deo
359 4541 541 4620 approbatur,
558 4540 594 4599 de
612 4558 670 4618 qua
683 4541 749 4601 Jos.
766 4539 827 4600 viii.
843 4543 870 4616 5,
888 4543 915 4614 6,
932 4545 967 4618 7,
983 4540 1077 4616 tertia,
1096 4561 1161 4619 qnae
1179 4561 1237 4601 non
1254 4542 1292 4601 ad
1311 4543 1413 4600 fallen·

205 4617 283 4692 dum,
299 4619 351 4677 sed
364 4621 402 4678 ad
411 4619 620 4699 explorandum
635 4627 665 4679 et
676 4619 838 4678 docendum
853 4628 898 4679 est
911 4629 1085 4698 comparate,
1101 4621 1197 4698 qualis
1211 4642 1288 4700 saepe
1303 4620 1415 4680 obtinet

203 4695 235 4755 in
255 4698 405 4760 bominum
425 4700 572 4761 societate.
614 4699 694 4760 Talis
716 4699 861 4784 simulatio
879 4699 1071 4782 Angelorum,
1090 4701 1140 4780 qui
1156 4721 1216 4780 prae
1234 4721 1265 4762 se
1282 4700 1414 4761 serebant
