3202 5194
157 365 272 416 eumer.
287 347 344 429 rm]
634 365 674 405 or
688 365 814 408 rmnnar
828 365 960 407 cusrrsr.
1302 347 1358 404 169

161 505 213 565 sed
227 506 314 565 etiarn
327 504 366 563 ad
378 503 452 563 illud
465 503 685 564 obseruandum.
729 505 794 565 Duo
809 505 885 564 enim
898 505 961 564 haec
972 504 1110 581 conjungi
1121 522 1233 579 semper
1243 500 1358 576 debent,

160 585 321 662 acceptatio
333 583 459 656 foederis,
474 590 504 642 et
517 585 658 660 acceptati
671 583 854 660 observatio;
876 583 949 643 fides
959 591 1089 661 acceptat
1102 602 1154 659 per
1166 581 1359 658 receptionem
1449 625 1452 632 .

159 663 392 740 promissionum,
406 661 571 721 obedientia
586 663 721 721 observat
733 683 785 739 per
804 662 1000 740 impletionem
1024 663 1241 720 mandatorum:
1262 661 1360 718 Sancti

160 751 252 816 estote,
267 743 458 818 quieranctru
470 761 540 800 sum.
582 741 643 800 Nec
663 749 759 800 tamen
779 742 834 800 hac
855 741 966 800 ratione
987 740 1172 800 confunditur
1195 737 1360 798 obedientie

162 819 280 896 Legalis
304 828 334 878 et
356 819 542 896 Evangelica,
568 820 637 896 quia
660 820 778 896 Legalis
801 820 996 896 prescribitur
1019 819 1057 878 ad
1077 817 1242 877 merendam
1257 816 1357 891 vitam,
1419 879 1422 886 ⁴

162 898 341 975 Evangelica
351 917 420 957 vero
429 906 540 958 tantum
554 897 592 956 ad
600 917 663 956 eam
677 899 880 975 possidendam
892 921 899 958 ε
921 899 971 956 illa
984 899 1121 975 praecedit
1133 905 1166 956 ut
1179 915 1267 955 causa
1279 895 1356 970 vitae,

160 979 224 1034 Fac
237 979 288 1035 boc
300 987 327 1034 ct
339 978 419 1051 aiace,
434 977 491 1036 ista
504 977 633 1053 sequitur
646 984 679 1034 ut
693 977 757 1054 ejus
770 977 889 1051 fructus,
904 997 963 1035 non
980 984 1013 1036 ut
1026 978 1118 1052 vivas,
1134 975 1186 1034 scd
1199 976 1266 1052 queit
1278 973 1359 1046 vird,-

163 1055 222 1112 Illa
233 1075 291 1114 non
305 1055 466 1114 admittitur
478 1055 535 1114 nisi
548 1054 674 1132 perfecta
688 1063 718 1114 et
730 1055 864 1114 absoluta
877 1055 1010 1114 omnibus
1023 1054 1158 1128 numeris,
1174 1055 1236 1114 Ista
1255 1052 1359 1110 admit·

161 1134 233 1191 titur
246 1133 333 1192 etiam
347 1134 521 1211 imperfecta
537 1133 622 1192 modo
643 1135 681 1192 sit
695 1135 824 1209 sincera3
847 1134 904 1192 llla
917 1142 1028 1193 tantum
1044 1134 1164 1212 jubetur
1183 1141 1217 1192 ut
1236 1131 1359 1190 officium

160 1212 294 1288 hominis,
311 1214 373 1274 Ista
386 1213 472 1272 etiam
485 1211 661 1289 promittitur
674 1221 704 1272 et
717 1213 802 1272 datur
814 1212 967 1272 utdonum
983 1213 1047 1272 Dei.

566 1531 570 1540 .
627 1449 818 1523 QuAEsrro
840 1451 894 1509 Ν.

227 1605 374 1673 Quomodo
387 1607 550 1666 ceremiam
563 1615 590 1665 et
601 1607 735 1681 differant
747 1609 819 1666 inter
831 1627 861 1666 se
873 1609 978 1666 Foedus
994 1610 1117 1682 Operum
1131 1615 1158 1664 ct
1173 1605 1305 1666 Gratia!

161 1785 249 1832 Fetus
262 1802 360 1846 operum
376 1791 401 1834 st
463 1765 487 1822 Ι.
510 1763 618 1822 Foedus
632 1783 750 1840 operum
764 1772 793 1822 et
807 1765 907 1841 gratiss
925 1764 956 1820 in
969 1763 1058 1821 variis
1072 1763 1255 1822 conveniunt.
1277 1762 1356 1819 1.1n

191 1845 277 1946 πίω
293 1847 403 1892 convom-
422 1843 555 1979 ademere,
568 1843 621 1979 gui
634 1841 1139 1979 ffliqu⁰·D{}¹⁵⁰2⁸l1⁰⁰i⁸‘}fl{ju⁸
1155 1839 1355 1978 cpmffibfz-

442 1940 553 1980 uscum
591 1940 640 1979 ree
715 1940 829 1980 senonen
863 1965 870 1978 .
922 1940 976 1979 .n
1010 1939 1046 1978 ar
1084 1940 1224 1978 neccaro
1347 1963 1355 1992 ,

161 2015 227 2073 quae
238 2005 306 2056 sunt
316 1998 397 2056 Deus
411 2007 441 2058 et
453 2000 548 2059 bomo.
590 2003 618 2058 3.
634 2000 669 2057 In
682 2001 736 2070 fine
752 2001 888 2076 pasorali,
905 2000 961 2057 Dei
974 1941 1075 2076 gloria.
1106 2001 1135 2056 4.
1151 1999 1293 2073 Insorrna
1307 2016 1355 2056 cx·

162 2075 290 2150 tineae,
305 2077 374 2152 quia
387 2077 501 2154 utrIque
521 2097 635 2136 annexa
649 2064 694 2137 est
707 2078 896 2156 restipulatio.
929 2081 956 2137 5.
973 2079 1009 2135 In
1018 2077 1212 2152 prmnrbcione,
1227 2095 1292 2153 quae
1312 2084 1357 2135 est

162 2153 225 2211 vita
238 2163 267 2212 et
279 2154 402 2214 felicitas
416 2157 541 2215 coelestis
558 2163 587 2215 et
601 2165 715 2215 esterna.

221 2287 226 2298 .
465 2235 507 2293 ΙΙ.
531 2234 590 2294 Sed
610 2235 641 2292 in
653 2236 745 2294 multo
767 2234 898 2312 pluribus
920 2234 1063 2294 differunt.
1107 2237 1133 2293 1.
1156 2233 1279 2292 Ratione
1299 2233 1357 2290 Au·

162 2283 404 2390 Etmrffigpklmu.
424 2315 532 2387 tlmrb5
546 2315 678 2390 quamvis
692 2314 768 2373 enim
783 2315 864 2372 Deus
886 2313 924 2372 sit
945 2315 1093 2390 utriusque
1106 2312 1223 2371 foederis
1246 2313 1358 2386 author,

424 2392 478 2450 sub
501 2391 617 2451 diversa
639 2401 735 2451 tamen
756 2392 837 2468 ηάηι
852 2393 1025 2470 spectandus
1045 2401 1107 2468 est;
1139 2391 1281 2468 inprime
1303 2409 1361 2467 qua

165 2467 284 2526 Creator
297 2477 326 2527 et
340 2470 490 2546 Dominus,
506 2471 537 2528 in
551 2471 676 2529 secundo
690 2491 747 2548 qua
762 2470 939 2548 Redemptor
952 2481 981 2530 et
995 2472 1100 2530 Pater:
1121 2470 1160 2529 ad
1172 2470 1295 2550 primum
1306 2470 1358 2527 im·

164 2545 268 2622 pulsus
280 2547 334 2606 fuit
346 2567 443 2609 amore
457 2558 486 2608 et
506 2550 706 2609 benevolentia
726 2569 796 2626 erga
810 2551 975 2610 Creatorem
996 2551 1146 2627 integram,
1166 2550 1204 2608 ad
1217 2549 1359 2626 posterius

163 2623 361 2685 misericordia
374 2635 404 2686 et
417 2629 511 2705 gratia
524 2628 641 2704 speciali
655 2647 724 2705 erga
738 2629 903 2688 Crcaturam
916 2628 1059 2688 miseram.

253 2759 259 2770 .
465 2707 525 2764 III.
546 2711 575 2764 2.
591 2707 713 2765 Ratione
727 2709 858 2766 Par-tium
878 2709 1105 2782 mammeam
1127 2707 1202 2765 inter
1219 2725 1292 2781 quas
1305 2705 1358 2762 ini-

163 2757 404 2861 wfflffi‘ssfm
424 2793 485 2844 tum
499 2791 544 2843 est
556 2783 670 2844 foedus:
692 2785 803 2865 namin
816 2785 908 2862 primo
922 2785 987 2844 duae
1005 2793 1117 2845 tantum
1131 2783 1255 2858 fuerunt,
1278 2784 1358 2842 Deus

424 2873 453 2922 ct
465 2865 560 2937 homo,
575 2883 629 2922 nec
642 2863 703 2922 ullo
717 2883 790 2940 opus
803 2865 860 2923 fuit
873 2863 1042 2940 Mediatore,
1057 2863 1250 2941 quianullum
1264 2861 1359 2921 adhuc

163 2937 316 2999 dissidium
329 2941 384 2999 init
396 2941 471 3000 inter
484 2961 549 3015 eas;
564 2942 595 2999 in
608 2943 706 3017 altero,
719 2941 798 3019 quod
810 2951 876 3019 post
889 2943 1001 3019 lapsum
1016 2943 1156 3000 sancitum
1165 2947 1218 3013 est,
1233 2940 1358 3016 require-

163 3016 250 3076 batur
262 3021 424 3078 necessario
439 3020 590 3094 Mediator,
605 3021 656 3097 qui
669 3039 769 3096 pacem
783 3020 897 3094 faceret,
913 3030 943 3079 et
962 3021 1092 3078 homines
1112 3020 1184 3092 Deo,
1200 3019 1294 3076 Deum
1308 3018 1359 3076 ho·

164 3096 291 3156 minibus
311 3099 527 3174 reconciliaret3
558 3098 629 3156 Ideo
643 3098 714 3156 illud
720 3101 817 3172 saduc
837 3099 967 3156 amiciam
980 3106 1107 3172 vocetur,
1124 3095 1209 3156 Istud
1222 3115 1291 3154 vero
1302 3099 1358 3171 soe·

163 3177 469 3312 ffirmaacilrbtiond,
484 3176 563 3253 quod
577 3177 713 3254 supponit
726 3175 877 3234 dissidium
892 3177 1056 3253 praecedens
1070 3175 1148 3253 quod
1162 3175 1294 3252 componi
1309 3174 1357 3233 de-

178 3375 194 3420 ,
215 3375 269 3422 Μ
466 3334 522 3392 IV.
537 3337 564 3393 3.
581 3333 704 3394 Ratione
709 3337 894 3409 firndamcntr‘
902 3358 912 3394 .-
926 3335 1005 3412 prius
1022 3334 1167 3394 nitebatur
1179 3332 1294 3411 propria
1306 3334 1357 3392 ho-

193 3411 200 3460 '-
270 3378 389 3425 dmm
425 3413 511 3470 minis
525 3413 695 3488 obedientia,
706 3422 735 3472 et
749 3422 858 3472 naturae
869 3433 921 3473 seu
932 3414 1014 3472 liberi
1022 3414 1133 3473 arbitrii
1141 3413 1260 3486 viribus,
1272 3413 1358 3470 homo

164 3487 270 3565 quippe
284 3490 395 3566 positus
409 3489 463 3550 fuit
476 3489 507 3548 in
526 3511 614 3551 manu
633 3492 744 3551 consilii
754 3492 822 3567 ‘sui3
847 3492 905 3552 Sed
924 3492 1067 3569 posterius
1080 3493 1181 3552 nititur
1195 3491 1309 3550 Christo
1330 3499 1360 3550 et

164 3567 227 3643 ejus
240 3566 423 3628 obedientia:
446 3569 532 3628 Unde
545 3578 665 3629 vocatur
678 3571 739 3647 ipse
751 3573 848 3645 scedras
856 3573 966 3647 populi,
982 3572 1040 3630 Ise.
1055 3571 1128 3629 xlix.
1148 3573 1166 3629 8
1180 3593 1187 3630 :
1204 3589 1257 3628 nec
1271 3571 1357 3628 homo

164 3646 287 3722 amplius
301 3655 346 3706 est
359 3648 389 3705 in
402 3667 489 3707 manu
509 3649 622 3707 consilii
636 3645 688 3722 sui,
704 3650 806 3726 inqua
825 3651 936 3727 positus
957 3650 1054 3709 statim
1067 3650 1165 3726 lapsus
1187 3657 1240 3724 est,
1256 3648 1307 3708 sed
1327 3649 1357 3706 in

162 3741 249 3782 manu
264 3725 329 3801 Dei,
344 3727 429 3803 cnjus
441 3727 549 3786 virtute
563 3727 757 3820 efficacissime
770 3729 952 3821 in.oe.t⁰rl¹¹¹¹¹¹
966 3729 1134 3821 custoditur,
1152 3731 1167 3786 1
1185 3727 1246 3821 Pet,
1262 3728 1281 3785 i.
1296 3731 1324 3786 5.

184 3845 386 3895 “mmm
425 3805 554 3948 ..tlt
570 3806 692 3943 iffi?
706 3807 1357 3962 ,litttttttmtt0lpttttt

164 3957 323 4034 fruendam,
333 3968 366 4018 ut
373 3963 504 4020 nonnulli
517 3963 635 4039 vellent,
650 3983 708 4021 non
723 3965 792 4023 satis
806 3973 936 4024 naturam
950 3965 1067 4025 soederis
1079 3964 1158 4022 illius
1171 3962 1356 4038 pensitantes,

164 4055 230 4094 nam
244 4037 367 4097 felicitas
391 4041 495 4099 etrite
508 4042 633 4100 coelestis
654 4061 712 4100 non
734 4043 829 4102 minus
849 4043 986 4120 inprime
1006 4043 1112 4101 foedere
1133 4061 1166 4098 ac
1186 4041 1216 4098 in
1230 4040 1356 4100 secundo

164 4116 306 4190 promissa
318 4117 381 4192 i'uit,
396 4127 429 4177 ut
442 4119 594 4196 probatum
608 4120 662 4179 fuit
677 4120 762 4180 Parte
778 4122 802 4180 I.
818 4122 870 4180 Lo.
885 4123 976 4181 VIII.
992 4121 1046 4196 Qu.
1062 4123 1097 4194 6;
1131 4118 1190 4178 Sed
1202 4120 1233 4176 in
1247 4139 1281 4178 eo
1298 4119 1356 4178 dis·

163 4193 270 4253 crimen
284 4195 410 4271 positum
432 4207 484 4273 cst,
499 4199 578 4276 quod
600 4199 631 4256 in
650 4200 743 4276 primo
763 4200 982 4277 promittebatur
1003 4207 1114 4259 tantum
1127 4199 1193 4272 vito,
1210 4195 1249 4256 id.
1265 4206 1356 4258 status

164 4273 291 4332 omnium
304 4275 446 4334 bonorum
459 4276 666 4355 aggregatione
683 4279 835 4356 perfectus,
851 4279 902 4337 sed
922 4280 952 4336 in
964 4280 1021 4336 hoc
1040 4281 1124 4351 selus,
1139 4295 1204 4354 quae
1218 4295 1283 4334 cum
1297 4275 1359 4336 vita

164 4349 299 4427 importat
312 4353 511 4430 liberationem
524 4376 542 4414 a
555 4365 673 4433 peccato
687 4365 717 4416 et
729 4365 829 4416 morte.
871 4358 999 4416 Primm
1016 4355 1202 4433 promittebat
1214 4353 1304 4412 vitam
1326 4364 1358 4412 ut

163 4431 323 4489 mercedem
334 4431 469 4508 debitam,
483 4435 566 4493 Rom.
581 4435 620 4492 iv.
635 4439 654 4492 4
666 4457 673 4512 3
696 4436 830 4496 Alterum
841 4455 910 4496 vero
919 4445 953 4496 ut
962 4435 1069 4493 donum
1081 4435 1145 4506 Dei,
1158 4435 1242 4492 Rom.
1253 4433 1293 4490 vi.
1308 4436 1357 4491 23.

465 4513 519 4569 Vl.
543 4517 569 4570 5.
593 4513 715 4573 Ratione
738 4515 899 4573 conditionis
920 4514 1110 4592 praescriptae:
1134 4512 1170 4570 In
1184 4509 1235 4569 illo
1254 4510 1356 4588 Opera,

191 4559 212 4602 ⁵·
222 4559 374 4610 ⁰⁰¹¹dill⁰⁰⁰'
426 4593 487 4649 Fac
505 4594 555 4650 hoc
574 4602 601 4650 ct
616 4591 697 4668 viem,
721 4593 756 4651 ln
778 4591 903 4652 secundo
925 4592 1019 4666 Fides,
1037 4593 1128 4652 erede
1142 4601 1167 4650 et
1185 4591 1358 4650 senators:
