<?xml version="1.0" encoding="UTF-8"?>
<!DOCTYPE html PUBLIC "-//W3C//DTD XHTML 1.0 Transitional//EN"
    "http://www.w3.org/TR/xhtml1/DTD/xhtml1-transitional.dtd">
<html xmlns="http://www.w3.org/1999/xhtml" xml:lang="en" lang="en">
 <head>
  <title>
</title>
<meta http-equiv="Content-Type" content="text/html;charset=utf-8" />
  <meta name='ocr-system' content='tesseract 3.04.00' />
  <meta name='ocr-capabilities' content='ocr_page ocr_carea ocr_par ocr_line ocrx_word'/>
</head>
<body>
  <div class='ocr_page' id='page_1' title='image "./francisciturret00pictgoog_0472.png"; bbox 0 0 3146 5210; ppageno 0'>
   <div class='ocr_carea' id='block_1_1' title="bbox 340 1094 1051 1186">
    <p class='ocr_par' dir='ltr' id='par_1_1' title="bbox 340 1094 1051 1186">
     <span class='ocr_line' id='line_1_1' title="bbox 340 1094 1051 1186; baseline 0.004 -15"><span class='ocrx_word' id='word_1_1' title='bbox 340 1094 499 1172; x_wconf 81' lang='lat' dir='ltr'><strong>LOCUS</strong></span> <span class='ocrx_word' id='word_1_2' title='bbox 540 1097 771 1174; x_wconf 83' lang='lat' dir='ltr'><strong>DECIMUS</strong></span> <span class='ocrx_word' id='word_1_3' title='bbox 812 1098 1051 1186; x_wconf 85' lang='lat' dir='ltr'><strong>QUINTUS.</strong></span> 
     </span>
    </p>
   </div>
   <div class='ocr_carea' id='block_1_2' title="bbox 258 1349 1128 1447">
    <p class='ocr_par' dir='ltr' id='par_1_2' title="bbox 258 1349 1128 1447">
     <span class='ocr_line' id='line_1_2' title="bbox 258 1349 1128 1447; baseline 0.01 -9"><span class='ocrx_word' id='word_1_4' title='bbox 258 1349 335 1438; x_wconf 85' lang='lat' dir='ltr'><strong>DE</strong></span> <span class='ocrx_word' id='word_1_5' title='bbox 387 1351 776 1446; x_wconf 79' lang='lat' dir='ltr'><strong>VOCATIONE</strong></span> <span class='ocrx_word' id='word_1_6' title='bbox 828 1353 902 1443; x_wconf 82' lang='grc' dir='ltr'><strong>ΕΤ</strong></span> <span class='ocrx_word' id='word_1_7' title='bbox 952 1356 1128 1447; x_wconf 77' lang='lat' dir='ltr'><strong>lius.</strong></span> 
     </span>
    </p>
   </div>
   <div class='ocr_carea' id='block_1_3' title="bbox 584 1627 783 1636">
    <p class='ocr_par' dir='ltr' id='par_1_3' title="bbox 584 1627 783 1636">
     <span class='ocr_line' id='line_1_3' title="bbox 584 1627 783 1636; baseline 0 0"><span class='ocrx_word' id='word_1_8' title='bbox 584 1627 783 1636; x_wconf 63' lang='lat' dir='ltr'><strong>-o-——u-——n-</strong></span> 
     </span>
    </p>
   </div>
   <div class='ocr_carea' id='block_1_4' title="bbox 495 1809 879 1885">
    <p class='ocr_par' dir='ltr' id='par_1_4' title="bbox 495 1809 879 1885">
     <span class='ocr_line' id='line_1_4' title="bbox 495 1809 879 1885; baseline -0.008 -15"><span class='ocrx_word' id='word_1_9' title='bbox 495 1809 712 1885; x_wconf 75' lang='lat' dir='ltr'><strong>ourusrro</strong></span> <span class='ocrx_word' id='word_1_10' title='bbox 734 1810 879 1870; x_wconf 75' lang='lat' dir='ltr'><strong>Purus.</strong></span> 
     </span>
    </p>
   </div>
   <div class='ocr_carea' id='block_1_5' title="bbox 116 1968 1288 2125">
    <p class='ocr_par' dir='ltr' id='par_1_5' title="bbox 116 1968 1288 2125">
     <span class='ocr_line' id='line_1_5' title="bbox 116 1968 1288 2125; baseline 0.006 -100"><span class='ocrx_word' id='word_1_11' title='bbox 116 1968 199 2034; x_wconf 81' lang='lat' dir='ltr'><strong>Quid</strong></span> <span class='ocrx_word' id='word_1_12' title='bbox 209 1968 246 2026; x_wconf 86' lang='lat' dir='ltr'><strong>sit</strong></span> <span class='ocrx_word' id='word_1_13' title='bbox 263 1969 384 2045; x_wconf 85' lang='lat' dir='ltr'><strong>Vocatio,</strong></span> <span class='ocrx_word' id='word_1_14' title='bbox 399 1979 426 2029; x_wconf 80' lang='lat' dir='ltr'><strong>et</strong></span> <span class='ocrx_word' id='word_1_15' title='bbox 441 1971 603 2048; x_wconf 73' lang='lat' dir='ltr'><strong>Quotnplex</strong></span> <span class='ocrx_word' id='word_1_16' title='bbox 610 1979 678 2125; x_wconf 49' lang='lat' dir='ltr'><strong>ih}</strong></span> <span class='ocrx_word' id='word_1_17' title='bbox 686 1972 833 2108; x_wconf 56' lang='lat' dir='ltr'><strong>Qurrtnpodo</strong></span> <span class='ocrx_word' id='word_1_18' title='bbox 853 1971 967 2030; x_wconf 84' lang='lat' dir='ltr'><strong>Vocatio</strong></span> <span class='ocrx_word' id='word_1_19' title='bbox 981 1973 1114 2032; x_wconf 76' lang='lat' dir='ltr'><strong><em>Externa</em></strong></span> <span class='ocrx_word' id='word_1_20' title='bbox 1129 1983 1155 2033; x_wconf 81' lang='lat' dir='ltr'><strong>et</strong></span> <span class='ocrx_word' id='word_1_21' title='bbox 1168 1974 1288 2033; x_wconf 75' lang='lat' dir='ltr'><strong>Interea</strong></span> 
     </span>
     <span class='ocr_line' id='line_1_6' title="bbox 672 2071 768 2110; baseline -0.021 0"><span class='ocrx_word' id='word_1_22' title='bbox 672 2071 740 2110; x_wconf 74' lang='grc' dir='ltr'><strong>εναη</strong></span> <span class='ocrx_word' id='word_1_23' title='bbox 761 2095 768 2108; x_wconf 90' lang='grc'><strong>.</strong></span> 
     </span>
    </p>
   </div>
   <div class='ocr_carea' id='block_1_6' title="bbox 96 2209 1313 4772">
    <p class='ocr_par' dir='ltr' id='par_1_6' title="bbox 96 2209 1307 2851">
     <span class='ocr_line' id='line_1_7' title="bbox 138 2209 1302 2292; baseline 0.005 -25"><span class='ocrx_word' id='word_1_24' title='bbox 138 2209 163 2269; x_wconf 93' lang='grc' dir='ltr'><strong>Ι.</strong></span> <span class='ocrx_word' id='word_1_25' title='bbox 192 2210 342 2269; x_wconf 78' lang='lat' dir='ltr'>Hactenus</span> <span class='ocrx_word' id='word_1_26' title='bbox 356 2210 392 2270; x_wconf 87' lang='lat' dir='ltr'><strong>de</strong></span> <span class='ocrx_word' id='word_1_27' title='bbox 410 2213 506 2285; x_wconf 81' lang='lat' dir='ltr'><strong>Officio</strong></span> <span class='ocrx_word' id='word_1_28' title='bbox 523 2211 630 2271; x_wconf 79' lang='lat' dir='ltr'><strong>Christi</strong></span> <span class='ocrx_word' id='word_1_29' title='bbox 641 2211 751 2270; x_wconf 91' lang='lat' dir='ltr'><strong>dictum</strong></span> <span class='ocrx_word' id='word_1_30' title='bbox 766 2218 819 2270; x_wconf 86' lang='lat' dir='ltr'><strong>cst:</strong></span> <span class='ocrx_word' id='word_1_31' title='bbox 834 2231 911 2269; x_wconf 90' lang='lat' dir='ltr'><strong>uunc</strong></span> <span class='ocrx_word' id='word_1_32' title='bbox 925 2211 962 2270; x_wconf 90' lang='lat' dir='ltr'><strong>de</strong></span> <span class='ocrx_word' id='word_1_33' title='bbox 976 2213 1039 2290; x_wconf 86' lang='lat' dir='ltr'><strong>ojus</strong></span> <span class='ocrx_word' id='word_1_34' title='bbox 1053 2213 1200 2292; x_wconf 78' lang='lat' dir='ltr'><strong>Beneficiis</strong></span> <span class='ocrx_word' id='word_1_35' title='bbox 1214 2233 1302 2291; x_wconf 81' lang='lat' dir='ltr'><strong>egen·</strong></span> 
     </span>
     <span class='ocr_line' id='line_1_8' title="bbox 96 2290 1304 2370; baseline 0.003 -22"><span class='ocrx_word' id='word_1_36' title='bbox 96 2290 176 2365; x_wconf 90' lang='lat' dir='ltr'><strong>dum,</strong></span> <span class='ocrx_word' id='word_1_37' title='bbox 192 2309 256 2367; x_wconf 83' lang='lat' dir='ltr'><strong>quae</strong></span> <span class='ocrx_word' id='word_1_38' title='bbox 275 2291 419 2367; x_wconf 81' lang='lat' dir='ltr'><strong>pertinent</strong></span> <span class='ocrx_word' id='word_1_39' title='bbox 443 2291 480 2350; x_wconf 85' lang='lat' dir='ltr'><strong>ad</strong></span> <span class='ocrx_word' id='word_1_40' title='bbox 501 2291 721 2369; x_wconf 80' lang='lat' dir='ltr'>applicationem</span> <span class='ocrx_word' id='word_1_41' title='bbox 746 2291 848 2350; x_wconf 86' lang='lat' dir='ltr'><strong>salutis</strong></span> <span class='ocrx_word' id='word_1_42' title='bbox 868 2291 952 2350; x_wconf 88' lang='lat' dir='ltr'><strong>nohis</strong></span> <span class='ocrx_word' id='word_1_43' title='bbox 980 2292 1138 2370; x_wconf 69' lang='lat' dir='ltr'><strong>acquisitae,</strong></span> <span class='ocrx_word' id='word_1_44' title='bbox 1167 2314 1232 2370; x_wconf 86' lang='lat' dir='ltr'><strong>quse</strong></span> <span class='ocrx_word' id='word_1_45' title='bbox 1256 2295 1304 2352; x_wconf 92' lang='lat' dir='ltr'><strong>hic</strong></span> 
     </span>
     <span class='ocr_line' id='line_1_9' title="bbox 96 2371 1305 2450; baseline 0.003 -22"><span class='ocrx_word' id='word_1_46' title='bbox 96 2371 250 2429; x_wconf 88' lang='lat' dir='ltr'><strong>iuohcotur</strong></span> <span class='ocrx_word' id='word_1_47' title='bbox 263 2391 314 2447; x_wconf 89' lang='lat' dir='ltr'><strong>per</strong></span> <span class='ocrx_word' id='word_1_48' title='bbox 328 2372 459 2448; x_wconf 80' lang='lat' dir='ltr'><strong>gretiam,</strong></span> <span class='ocrx_word' id='word_1_49' title='bbox 474 2380 503 2431; x_wconf 88' lang='lat' dir='ltr'><strong>ct</strong></span> <span class='ocrx_word' id='word_1_50' title='bbox 527 2373 557 2430; x_wconf 91' lang='lat' dir='ltr'><strong>in</strong></span> <span class='ocrx_word' id='word_1_51' title='bbox 571 2371 652 2432; x_wconf 87' lang='lat' dir='ltr'><strong>coelis</strong></span> <span class='ocrx_word' id='word_1_52' title='bbox 673 2371 919 2431; x_wconf 76' lang='lat' dir='ltr'><strong>consummabitur</strong></span> <span class='ocrx_word' id='word_1_53' title='bbox 932 2391 983 2450; x_wconf 90' lang='lat' dir='ltr'><strong>per</strong></span> <span class='ocrx_word' id='word_1_54' title='bbox 1002 2373 1133 2449; x_wconf 81' lang='lat' dir='ltr'><strong>gloriam.</strong></span> <span class='ocrx_word' id='word_1_55' title='bbox 1177 2374 1305 2433; x_wconf 90' lang='lat' dir='ltr'><strong>Primum</strong></span> 
     </span>
     <span class='ocr_line' id='line_1_10' title="bbox 98 2450 1306 2530; baseline 0.004 -22"><span class='ocrx_word' id='word_1_56' title='bbox 98 2471 199 2509; x_wconf 89' lang='lat' dir='ltr'><strong>eorum</strong></span> <span class='ocrx_word' id='word_1_57' title='bbox 214 2459 258 2509; x_wconf 84' lang='lat' dir='ltr'><strong>est</strong></span> <span class='ocrx_word' id='word_1_58' title='bbox 277 2451 412 2524; x_wconf 83' lang='lat' dir='ltr'><strong>Vocatio;</strong></span> <span class='ocrx_word' id='word_1_59' title='bbox 434 2452 500 2510; x_wconf 91' lang='lat' dir='ltr'><strong>Nou</strong></span> <span class='ocrx_word' id='word_1_60' title='bbox 510 2452 643 2530; x_wconf 89' lang='lat' dir='ltr'><strong>specialis</strong></span> <span class='ocrx_word' id='word_1_61' title='bbox 657 2452 695 2510; x_wconf 85' lang='lat' dir='ltr'><strong>sd</strong></span> <span class='ocrx_word' id='word_1_62' title='bbox 709 2472 814 2511; x_wconf 90' lang='lat' dir='ltr'><strong>munus</strong></span> <span class='ocrx_word' id='word_1_63' title='bbox 829 2450 955 2528; x_wconf 84' lang='lat' dir='ltr'>aliquod,</span> <span class='ocrx_word' id='word_1_64' title='bbox 972 2453 1034 2512; x_wconf 86' lang='lat' dir='ltr'><strong>sivc</strong></span> <span class='ocrx_word' id='word_1_65' title='bbox 1057 2453 1217 2530; x_wconf 82' lang='lat' dir='ltr'><strong>politicum,</strong></span> <span class='ocrx_word' id='word_1_66' title='bbox 1243 2455 1306 2513; x_wconf 86' lang='lat' dir='ltr'><strong>sive</strong></span> 
     </span>
     <span class='ocr_line' id='line_1_11' title="bbox 99 2532 1304 2610; baseline 0.002 -21"><span class='ocrx_word' id='word_1_67' title='bbox 99 2551 223 2605; x_wconf 82' lang='lat' dir='ltr'><strong>sacrum,</strong></span> <span class='ocrx_word' id='word_1_68' title='bbox 238 2551 295 2608; x_wconf 89' lang='lat' dir='ltr'><strong>quo</strong></span> <span class='ocrx_word' id='word_1_69' title='bbox 310 2551 396 2590; x_wconf 89' lang='lat' dir='ltr'><strong>sensu</strong></span> <span class='ocrx_word' id='word_1_70' title='bbox 411 2532 520 2591; x_wconf 81' lang='lat' dir='ltr'><strong>Paulus</strong></span> <span class='ocrx_word' id='word_1_71' title='bbox 535 2553 566 2592; x_wconf 88' lang='lat' dir='ltr'><strong>sc</strong></span> <span class='ocrx_word' id='word_1_72' title='bbox 588 2533 696 2610; x_wconf 84' lang='lat' dir='ltr'><strong>passim</strong></span> <span class='ocrx_word' id='word_1_73' title='bbox 708 2532 779 2592; x_wconf 92' lang='lat' dir='ltr'><strong>dicit</strong></span> <span class='ocrx_word' id='word_1_74' title='bbox 798 2541 927 2591; x_wconf 81' lang='lat' dir='ltr'><strong>vocatum</strong></span> <span class='ocrx_word' id='word_1_75' title='bbox 940 2533 1114 2610; x_wconf 73' lang='lat' dir='ltr'><em>Apostolum,</em></span> <span class='ocrx_word' id='word_1_76' title='bbox 1131 2533 1215 2592; x_wconf 90' lang='lat' dir='ltr'><strong>Rom.</strong></span> <span class='ocrx_word' id='word_1_77' title='bbox 1241 2534 1260 2593; x_wconf 88' lang='lat' dir='ltr'><strong>i.</strong></span> <span class='ocrx_word' id='word_1_78' title='bbox 1278 2538 1304 2609; x_wconf 91' lang='lat' dir='ltr'><strong>l,</strong></span> 
     </span>
     <span class='ocr_line' id='line_1_12' title="bbox 99 2611 1305 2691; baseline 0.003 -21"><span class='ocrx_word' id='word_1_79' title='bbox 99 2611 152 2670; x_wconf 86' lang='lat' dir='ltr'><strong>sed</strong></span> <span class='ocrx_word' id='word_1_80' title='bbox 166 2611 309 2688; x_wconf 83' lang='lat' dir='ltr'><strong>generalis</strong></span> <span class='ocrx_word' id='word_1_81' title='bbox 324 2611 361 2670; x_wconf 89' lang='lat' dir='ltr'><strong>ad</strong></span> <span class='ocrx_word' id='word_1_82' title='bbox 376 2612 507 2672; x_wconf 87' lang='lat' dir='ltr'><strong>salutem.</strong></span> <span class='ocrx_word' id='word_1_83' title='bbox 550 2613 641 2690; x_wconf 86' lang='lat' dir='ltr'><strong>Cujus</strong></span> <span class='ocrx_word' id='word_1_84' title='bbox 665 2621 774 2690; x_wconf 80' lang='lat' dir='ltr'><strong>quauta</strong></span> <span class='ocrx_word' id='word_1_85' title='bbox 798 2613 837 2671; x_wconf 89' lang='lat' dir='ltr'><strong>sit</strong></span> <span class='ocrx_word' id='word_1_86' title='bbox 859 2614 1036 2689; x_wconf 75' lang='lat' dir='ltr'><strong>praestantia,</strong></span> <span class='ocrx_word' id='word_1_87' title='bbox 1049 2614 1097 2671; x_wconf 86' lang='lat' dir='ltr'><strong>vel</strong></span> <span class='ocrx_word' id='word_1_88' title='bbox 1122 2613 1190 2672; x_wconf 90' lang='lat' dir='ltr'><strong>hinc</strong></span> <span class='ocrx_word' id='word_1_89' title='bbox 1217 2623 1305 2691; x_wconf 83' lang='lat' dir='ltr'><strong>petet,</strong></span> 
     </span>
     <span class='ocr_line' id='line_1_13' title="bbox 99 2691 1307 2770; baseline 0.003 -20"><span class='ocrx_word' id='word_1_90' title='bbox 99 2691 178 2768; x_wconf 92' lang='lat' dir='ltr'><strong>quod</strong></span> <span class='ocrx_word' id='word_1_91' title='bbox 191 2691 255 2768; x_wconf 82' lang='lat' dir='ltr'><strong>ipsc</strong></span> <span class='ocrx_word' id='word_1_92' title='bbox 270 2691 401 2750; x_wconf 78' lang='lat' dir='ltr'><strong>Ecclesia</strong></span> <span class='ocrx_word' id='word_1_93' title='bbox 413 2712 472 2752; x_wconf 90' lang='lat' dir='ltr'><strong>nou</strong></span> <span class='ocrx_word' id='word_1_94' title='bbox 487 2693 603 2752; x_wconf 82' lang='lat' dir='ltr'><strong>aliunde</strong></span> <span class='ocrx_word' id='word_1_95' title='bbox 617 2713 722 2752; x_wconf 88' lang='lat' dir='ltr'><strong>nomeu</strong></span> <span class='ocrx_word' id='word_1_96' title='bbox 737 2712 820 2752; x_wconf 91' lang='lat' dir='ltr'><strong>suum</strong></span> <span class='ocrx_word' id='word_1_97' title='bbox 835 2692 940 2770; x_wconf 77' lang='lat' dir='ltr'><strong>adepta</strong></span> <span class='ocrx_word' id='word_1_98' title='bbox 954 2693 999 2769; x_wconf 78' lang='lat' dir='ltr'><strong>sit,</strong></span> <span class='ocrx_word' id='word_1_99' title='bbox 1012 2713 1099 2770; x_wconf 84' lang='lat' dir='ltr'><strong>quem</strong></span> <span class='ocrx_word' id='word_1_100' title='bbox 1113 2713 1131 2751; x_wconf 82' lang='lat' dir='ltr'><strong>a</strong></span> <span class='ocrx_word' id='word_1_101' title='bbox 1144 2697 1243 2761; x_wconf 63' lang='lat' dir='ltr'><strong>ualens</strong></span> <span class='ocrx_word' id='word_1_102' title='bbox 1256 2714 1307 2753; x_wconf 84' lang='lat' dir='ltr'><strong>scu</strong></span> 
     </span>
     <span class='ocr_line' id='line_1_14' title="bbox 99 2771 953 2851; baseline 0 -20"><span class='ocrx_word' id='word_1_103' title='bbox 99 2772 250 2847; x_wconf 72' lang='lat' dir='ltr'><strong>vocatione,</strong></span> <span class='ocrx_word' id='word_1_104' title='bbox 266 2771 395 2849; x_wconf 87' lang='lat' dir='ltr'><strong>nihilque</strong></span> <span class='ocrx_word' id='word_1_105' title='bbox 409 2773 488 2831; x_wconf 86' lang='lat' dir='ltr'><strong>aliud</strong></span> <span class='ocrx_word' id='word_1_106' title='bbox 509 2773 548 2831; x_wconf 84' lang='lat' dir='ltr'><strong>sit</strong></span> <span class='ocrx_word' id='word_1_107' title='bbox 561 2793 648 2851; x_wconf 86' lang='lat' dir='ltr'><strong>quam</strong></span> <span class='ocrx_word' id='word_1_108' title='bbox 664 2774 756 2834; x_wconf 74' lang='lat' dir='ltr'><strong>Gratus</strong></span> <span class='ocrx_word' id='word_1_109' title='bbox 776 2774 953 2831; x_wconf 79' lang='lat' dir='ltr'><strong>Vocatorum.</strong></span> 
     </span>
    </p>

    <p class='ocr_par' dir='ltr' id='par_1_7' title="bbox 101 2851 1309 3654">
     <span class='ocr_line' id='line_1_15' title="bbox 144 2851 1309 2930; baseline 0.003 -22"><span class='ocrx_word' id='word_1_110' title='bbox 144 2909 149 2920; x_wconf 75' lang='grc'><strong>,</strong></span> <span class='ocrx_word' id='word_1_111' title='bbox 310 2906 316 2918; x_wconf 85' lang='grc'>,</span> <span class='ocrx_word' id='word_1_112' title='bbox 403 2851 445 2910; x_wconf 94' lang='lat' dir='ltr'><strong>II.</strong></span> <span class='ocrx_word' id='word_1_113' title='bbox 473 2853 587 2912; x_wconf 83' lang='lat' dir='ltr'><strong>Vocatr&#39;o</strong></span> <span class='ocrx_word' id='word_1_114' title='bbox 607 2853 664 2913; x_wconf 82' lang='lat' dir='ltr'><strong>ista</strong></span> <span class='ocrx_word' id='word_1_115' title='bbox 688 2861 732 2913; x_wconf 91' lang='lat' dir='ltr'><strong>est</strong></span> <span class='ocrx_word' id='word_1_116' title='bbox 752 2853 840 2911; x_wconf 86' lang='lat' dir='ltr'><strong>Aetio</strong></span> <span class='ocrx_word' id='word_1_117' title='bbox 864 2853 966 2930; x_wconf 86' lang='lat' dir='ltr'><strong>gratiae</strong></span> <span class='ocrx_word' id='word_1_118' title='bbox 982 2853 1038 2910; x_wconf 90' lang='lat' dir='ltr'><strong>Dei</strong></span> <span class='ocrx_word' id='word_1_119' title='bbox 1059 2853 1089 2910; x_wconf 89' lang='lat' dir='ltr'><strong>in</strong></span> <span class='ocrx_word' id='word_1_120' title='bbox 1104 2851 1227 2926; x_wconf 88' lang='lat' dir='ltr'><strong>Christo,</strong></span> <span class='ocrx_word' id='word_1_121' title='bbox 1250 2873 1309 2930; x_wconf 84' lang='lat' dir='ltr'><strong>quo</strong></span> 
     </span>
     <span class='ocr_line' id='line_1_16' title="bbox 101 2907 1307 3011; baseline 0.001 -22"><span class='ocrx_word' id='word_1_122' title='bbox 101 2907 167 2958; x_wconf 65' lang='lat' dir='ltr'>de</span> <span class='ocrx_word' id='word_1_123' title='bbox 185 2909 218 2953; x_wconf 55' lang='lat' dir='ltr'><strong>m</strong></span> <span class='ocrx_word' id='word_1_124' title='bbox 228 2907 340 2952; x_wconf 74' lang='lat' dir='ltr'><strong>Vocauo.</strong></span> <span class='ocrx_word' id='word_1_125' title='bbox 360 2932 491 2992; x_wconf 88' lang='lat' dir='ltr'><strong>homincs</strong></span> <span class='ocrx_word' id='word_1_126' title='bbox 505 2942 633 2992; x_wconf 84' lang='lat' dir='ltr'><strong>mortuos</strong></span> <span class='ocrx_word' id='word_1_127' title='bbox 648 2933 677 2992; x_wconf 88' lang='lat' dir='ltr'><strong>in</strong></span> <span class='ocrx_word' id='word_1_128' title='bbox 691 2933 817 3011; x_wconf 81' lang='lat' dir='ltr'><strong>peccatis</strong></span> <span class='ocrx_word' id='word_1_129' title='bbox 831 2939 861 2991; x_wconf 87' lang='lat' dir='ltr'><strong>et</strong></span> <span class='ocrx_word' id='word_1_130' title='bbox 874 2933 1002 3009; x_wconf 90' lang='lat' dir='ltr'><strong>perditos</strong></span> <span class='ocrx_word' id='word_1_131' title='bbox 1024 2932 1055 2990; x_wconf 89' lang='lat' dir='ltr'><strong>in</strong></span> <span class='ocrx_word' id='word_1_132' title='bbox 1069 2931 1193 3006; x_wconf 86' lang='lat' dir='ltr'><strong>Adamo,</strong></span> <span class='ocrx_word' id='word_1_133' title='bbox 1210 2931 1307 2990; x_wconf 87' lang='lat' dir='ltr'><strong>Evan-</strong></span> 
     </span>
     <span class='ocr_line' id='line_1_17' title="bbox 103 3011 1307 3092; baseline -0.002 -19"><span class='ocrx_word' id='word_1_134' title='bbox 103 3013 173 3090; x_wconf 86' lang='lat' dir='ltr'><strong>gelii</strong></span> <span class='ocrx_word' id='word_1_135' title='bbox 185 3013 338 3092; x_wconf 84' lang='lat' dir='ltr'><strong>praeconio,</strong></span> <span class='ocrx_word' id='word_1_136' title='bbox 354 3019 383 3071; x_wconf 86' lang='lat' dir='ltr'><strong>et</strong></span> <span class='ocrx_word' id='word_1_137' title='bbox 405 3012 530 3088; x_wconf 85' lang='lat' dir='ltr'><strong>Spiritus</strong></span> <span class='ocrx_word' id='word_1_138' title='bbox 546 3013 646 3072; x_wconf 81' lang='lat' dir='ltr'><strong>Sancti</strong></span> <span class='ocrx_word' id='word_1_139' title='bbox 659 3014 767 3073; x_wconf 85' lang='lat' dir='ltr'><strong>virtute</strong></span> <span class='ocrx_word' id='word_1_140' title='bbox 781 3020 868 3072; x_wconf 88' lang='lat' dir='ltr'><strong>vocat</strong></span> <span class='ocrx_word' id='word_1_141' title='bbox 881 3012 920 3070; x_wconf 88' lang='lat' dir='ltr'><strong>ad</strong></span> <span class='ocrx_word' id='word_1_142' title='bbox 944 3013 1176 3072; x_wconf 87' lang='lat' dir='ltr'><strong>communionem</strong></span> <span class='ocrx_word' id='word_1_143' title='bbox 1191 3011 1307 3087; x_wconf 84' lang='lat' dir='ltr'><strong>Christi,</strong></span> 
     </span>
     <span class='ocr_line' id='line_1_18' title="bbox 103 3091 1306 3170; baseline -0.002 -17"><span class='ocrx_word' id='word_1_144' title='bbox 103 3102 133 3153; x_wconf 86' lang='lat' dir='ltr'><strong>et</strong></span> <span class='ocrx_word' id='word_1_145' title='bbox 146 3094 267 3153; x_wconf 85' lang='lat' dir='ltr'><strong>salutem</strong></span> <span class='ocrx_word' id='word_1_146' title='bbox 289 3094 317 3150; x_wconf 90' lang='lat' dir='ltr'><strong>in</strong></span> <span class='ocrx_word' id='word_1_147' title='bbox 335 3112 369 3151; x_wconf 90' lang='lat' dir='ltr'><strong>eo</strong></span> <span class='ocrx_word' id='word_1_148' title='bbox 384 3092 635 3169; x_wconf 85' lang='lat' dir='ltr'><strong>consequendam:</strong></span> <span class='ocrx_word' id='word_1_149' title='bbox 658 3094 694 3151; x_wconf 88' lang='lat' dir='ltr'><strong>lu</strong></span> <span class='ocrx_word' id='word_1_150' title='bbox 713 3113 770 3170; x_wconf 87' lang='lat' dir='ltr'><strong>qua</strong></span> <span class='ocrx_word' id='word_1_151' title='bbox 784 3092 841 3152; x_wconf 92' lang='lat' dir='ltr'><strong>duo</strong></span> <span class='ocrx_word' id='word_1_152' title='bbox 855 3091 984 3151; x_wconf 87' lang='lat' dir='ltr'><strong>Termini</strong></span> <span class='ocrx_word' id='word_1_153' title='bbox 1009 3091 1185 3166; x_wconf 81' lang='lat' dir='ltr'><strong>attendendi,</strong></span> <span class='ocrx_word' id='word_1_154' title='bbox 1208 3112 1306 3169; x_wconf 84' lang='lat' dir='ltr'><strong>aquo,</strong></span> 
     </span>
     <span class='ocr_line' id='line_1_19' title="bbox 104 3171 1307 3252; baseline -0.001 -20"><span class='ocrx_word' id='word_1_155' title='bbox 104 3182 132 3233; x_wconf 92' lang='lat' dir='ltr'><strong>et</strong></span> <span class='ocrx_word' id='word_1_156' title='bbox 146 3174 183 3232; x_wconf 86' lang='lat' dir='ltr'><strong>od</strong></span> <span class='ocrx_word' id='word_1_157' title='bbox 196 3194 291 3252; x_wconf 91' lang='lat' dir='ltr'><strong>quem.</strong></span> <span class='ocrx_word' id='word_1_158' title='bbox 322 3172 469 3232; x_wconf 68' lang='lat' dir='ltr'><strong>Ternumrs</strong></span> <span class='ocrx_word' id='word_1_159' title='bbox 482 3193 501 3230; x_wconf 81' lang='lat' dir='ltr'><strong><em>a</em></strong></span> <span class='ocrx_word' id='word_1_160' title='bbox 515 3191 570 3248; x_wconf 83' lang='lat' dir='ltr'><strong>quo</strong></span> <span class='ocrx_word' id='word_1_161' title='bbox 591 3183 636 3232; x_wconf 82' lang='lat' dir='ltr'><strong>est</strong></span> <span class='ocrx_word' id='word_1_162' title='bbox 657 3181 748 3234; x_wconf 82' lang='lat' dir='ltr'><strong>stolus</strong></span> <span class='ocrx_word' id='word_1_163' title='bbox 776 3173 887 3250; x_wconf 85' lang='lat' dir='ltr'><strong>peccati</strong></span> <span class='ocrx_word' id='word_1_164' title='bbox 909 3181 939 3231; x_wconf 91' lang='lat' dir='ltr'><strong>et</strong></span> <span class='ocrx_word' id='word_1_165' title='bbox 963 3171 1165 3246; x_wconf 82' lang='lat' dir='ltr'><strong>damnationis,</strong></span> <span class='ocrx_word' id='word_1_166' title='bbox 1195 3171 1224 3229; x_wconf 90' lang='lat' dir='ltr'><strong>in</strong></span> <span class='ocrx_word' id='word_1_167' title='bbox 1249 3193 1307 3250; x_wconf 90' lang='lat' dir='ltr'><strong>quo</strong></span> 
     </span>
     <span class='ocr_line' id='line_1_20' title="bbox 103 3252 1307 3331; baseline 0.001 -20"><span class='ocrx_word' id='word_1_168' title='bbox 103 3263 262 3330; x_wconf 83' lang='lat' dir='ltr'><strong>versantur,</strong></span> <span class='ocrx_word' id='word_1_169' title='bbox 275 3253 351 3331; x_wconf 83' lang='lat' dir='ltr'><strong>Eph.</strong></span> <span class='ocrx_word' id='word_1_170' title='bbox 361 3252 390 3310; x_wconf 92' lang='lat' dir='ltr'><strong>ii.</strong></span> <span class='ocrx_word' id='word_1_171' title='bbox 408 3254 443 3328; x_wconf 79' lang='lat'><strong>13</strong></span> <span class='ocrx_word' id='word_1_172' title='bbox 459 3253 593 3329; x_wconf 72' lang='lat' dir='ltr'><strong>tenebre,</strong></span> <span class='ocrx_word' id='word_1_173' title='bbox 611 3253 685 3331; x_wconf 88' lang='lat' dir='ltr'><strong>Eph.</strong></span> <span class='ocrx_word' id='word_1_174' title='bbox 701 3274 730 3312; x_wconf 87' lang='lat' dir='ltr'><strong>v.</strong></span> <span class='ocrx_word' id='word_1_175' title='bbox 745 3255 773 3328; x_wconf 91' lang='lat'><strong>8,</strong></span> <span class='ocrx_word' id='word_1_176' title='bbox 791 3256 806 3310; x_wconf 94' lang='lat' dir='ltr'><strong>l</strong></span> <span class='ocrx_word' id='word_1_177' title='bbox 823 3253 886 3311; x_wconf 90' lang='lat' dir='ltr'><strong>Pet.</strong></span> <span class='ocrx_word' id='word_1_178' title='bbox 909 3252 938 3312; x_wconf 92' lang='lat' dir='ltr'><strong>ii.</strong></span> <span class='ocrx_word' id='word_1_179' title='bbox 959 3255 995 3329; x_wconf 70' lang='lat'><strong>95</strong></span> <span class='ocrx_word' id='word_1_180' title='bbox 1021 3252 1154 3327; x_wconf 88' lang='lat' dir='ltr'><strong>mundus,</strong></span> <span class='ocrx_word' id='word_1_181' title='bbox 1171 3252 1241 3311; x_wconf 92' lang='lat' dir='ltr'><strong>Joh.</strong></span> <span class='ocrx_word' id='word_1_182' title='bbox 1257 3273 1307 3312; x_wconf 89' lang='lat' dir='ltr'><strong>xv.</strong></span> 
     </span>
     <span class='ocr_line' id='line_1_21' title="bbox 107 3332 1309 3413; baseline -0.001 -20"><span class='ocrx_word' id='word_1_183' title='bbox 107 3337 159 3410; x_wconf 76' lang='lat'><strong>193</strong></span> <span class='ocrx_word' id='word_1_184' title='bbox 174 3343 204 3395; x_wconf 87' lang='lat' dir='ltr'><strong>et</strong></span> <span class='ocrx_word' id='word_1_185' title='bbox 217 3355 281 3413; x_wconf 87' lang='lat' dir='ltr'><strong>quse</strong></span> <span class='ocrx_word' id='word_1_186' title='bbox 297 3341 364 3393; x_wconf 86' lang='lat' dir='ltr'><strong>sunt</strong></span> <span class='ocrx_word' id='word_1_187' title='bbox 377 3340 463 3408; x_wconf 85' lang='lat' dir='ltr'><strong>retro,</strong></span> <span class='ocrx_word' id='word_1_188' title='bbox 479 3341 593 3392; x_wconf 87' lang='lat' dir='ltr'><strong>terrena</strong></span> <span class='ocrx_word' id='word_1_189' title='bbox 607 3334 717 3394; x_wconf 86' lang='lat' dir='ltr'><strong>seilicet</strong></span> <span class='ocrx_word' id='word_1_190' title='bbox 731 3332 927 3408; x_wconf 71' lang='lat' dir='ltr'><strong>emundans,</strong></span> <span class='ocrx_word' id='word_1_191' title='bbox 944 3333 1020 3392; x_wconf 91' lang='lat' dir='ltr'><strong>Phil.</strong></span> <span class='ocrx_word' id='word_1_192' title='bbox 1029 3334 1070 3391; x_wconf 91' lang='lat' dir='ltr'><strong>iii.</strong></span> <span class='ocrx_word' id='word_1_193' title='bbox 1084 3335 1130 3392; x_wconf 89' lang='lat'><strong>13.</strong></span> <span class='ocrx_word' id='word_1_194' title='bbox 1162 3333 1309 3392; x_wconf 75' lang='lat' dir='ltr'><strong>Temninus</strong></span> 
     </span>
     <span class='ocr_line' id='line_1_22' title="bbox 104 3412 1307 3492; baseline -0.001 -19"><span class='ocrx_word' id='word_1_195' title='bbox 104 3417 145 3474; x_wconf 84' lang='lat' dir='ltr'><strong>nd</strong></span> <span class='ocrx_word' id='word_1_196' title='bbox 164 3435 252 3492; x_wconf 81' lang='lat' dir='ltr'><strong>quem,</strong></span> <span class='ocrx_word' id='word_1_197' title='bbox 276 3413 447 3474; x_wconf 88' lang='lat' dir='ltr'><strong>Commuuio</strong></span> <span class='ocrx_word' id='word_1_198' title='bbox 461 3413 577 3489; x_wconf 81' lang='lat' dir='ltr'><strong>Christi,</strong></span> <span class='ocrx_word' id='word_1_199' title='bbox 592 3416 607 3471; x_wconf 93' lang='lat'>1</span> <span class='ocrx_word' id='word_1_200' title='bbox 624 3415 688 3473; x_wconf 84' lang='lat' dir='ltr'><strong>Cor.</strong></span> <span class='ocrx_word' id='word_1_201' title='bbox 704 3415 722 3472; x_wconf 94' lang='lat' dir='ltr'><strong>i.</strong></span> <span class='ocrx_word' id='word_1_202' title='bbox 738 3416 755 3473; x_wconf 85' lang='lat'>9</span> <span class='ocrx_word' id='word_1_203' title='bbox 769 3437 776 3490; x_wconf 68' lang='grc' dir='ltr'><strong><em>ς</em></strong></span> <span class='ocrx_word' id='word_1_204' title='bbox 799 3413 944 3489; x_wconf 76' lang='lat' dir='ltr'><strong>constitae,</strong></span> <span class='ocrx_word' id='word_1_205' title='bbox 968 3413 1043 3472; x_wconf 89' lang='lat' dir='ltr'><strong>Rom</strong></span> <span class='ocrx_word' id='word_1_206' title='bbox 1058 3414 1076 3472; x_wconf 95' lang='lat' dir='ltr'><strong>i.</strong></span> <span class='ocrx_word' id='word_1_207' title='bbox 1093 3417 1120 3487; x_wconf 85' lang='grc'><strong>7,</strong></span> <span class='ocrx_word' id='word_1_208' title='bbox 1138 3412 1232 3472; x_wconf 85' lang='lat' dir='ltr'><strong>lCor.</strong></span> <span class='ocrx_word' id='word_1_209' title='bbox 1247 3414 1266 3474; x_wconf 91' lang='lat' dir='ltr'><strong>i.</strong></span> <span class='ocrx_word' id='word_1_210' title='bbox 1279 3419 1307 3490; x_wconf 80' lang='lat'><strong>2,</strong></span> 
     </span>
     <span class='ocr_line' id='line_1_23' title="bbox 108 3491 1308 3572; baseline 0.001 -19"><span class='ocrx_word' id='word_1_211' title='bbox 108 3499 121 3553; x_wconf 93' lang='lat'>1</span> <span class='ocrx_word' id='word_1_212' title='bbox 141 3495 242 3555; x_wconf 88' lang='lat' dir='ltr'><strong>Thess.</strong></span> <span class='ocrx_word' id='word_1_213' title='bbox 257 3496 297 3554; x_wconf 89' lang='lat' dir='ltr'><strong>iv.</strong></span> <span class='ocrx_word' id='word_1_214' title='bbox 313 3499 330 3552; x_wconf 76' lang='lat'>7</span> <span class='ocrx_word' id='word_1_215' title='bbox 344 3517 351 3570; x_wconf 90' lang='lat'>;</span> <span class='ocrx_word' id='word_1_216' title='bbox 367 3493 419 3553; x_wconf 81' lang='lat' dir='ltr'><strong>lux</strong></span> <span class='ocrx_word' id='word_1_217' title='bbox 434 3491 611 3570; x_wconf 84' lang='lat' dir='ltr'><strong>admirande,</strong></span> <span class='ocrx_word' id='word_1_218' title='bbox 629 3496 644 3551; x_wconf 97' lang='lat' dir='ltr'><strong>l</strong></span> <span class='ocrx_word' id='word_1_219' title='bbox 662 3494 725 3553; x_wconf 88' lang='lat' dir='ltr'><strong>Pet.</strong></span> <span class='ocrx_word' id='word_1_220' title='bbox 740 3493 770 3552; x_wconf 87' lang='lat' dir='ltr'><strong>ii.</strong></span> <span class='ocrx_word' id='word_1_221' title='bbox 785 3497 821 3570; x_wconf 78' lang='lat'><strong>93</strong></span> <span class='ocrx_word' id='word_1_222' title='bbox 837 3513 957 3571; x_wconf 87' lang='lat' dir='ltr'><strong>reguum</strong></span> <span class='ocrx_word' id='word_1_223' title='bbox 974 3495 1039 3570; x_wconf 90' lang='lat' dir='ltr'><strong>Dei,</strong></span> <span class='ocrx_word' id='word_1_224' title='bbox 1057 3496 1072 3551; x_wconf 93' lang='lat'>1</span> <span class='ocrx_word' id='word_1_225' title='bbox 1088 3493 1190 3552; x_wconf 84' lang='lat' dir='ltr'><strong>Thess.</strong></span> <span class='ocrx_word' id='word_1_226' title='bbox 1206 3494 1236 3553; x_wconf 92' lang='lat' dir='ltr'><strong>ii.</strong></span> <span class='ocrx_word' id='word_1_227' title='bbox 1253 3497 1308 3572; x_wconf 80' lang='lat'><strong>12;</strong></span> 
     </span>
     <span class='ocr_line' id='line_1_24' title="bbox 106 3572 1187 3654; baseline -0.001 -21"><span class='ocrx_word' id='word_1_228' title='bbox 106 3576 196 3654; x_wconf 85' lang='lat' dir='ltr'><strong>gloria</strong></span> <span class='ocrx_word' id='word_1_229' title='bbox 218 3574 365 3636; x_wconf 83' lang='lat' dir='ltr'><strong>aeteruain</strong></span> <span class='ocrx_word' id='word_1_230' title='bbox 380 3573 503 3649; x_wconf 87' lang='lat' dir='ltr'><strong>Christo,</strong></span> <span class='ocrx_word' id='word_1_231' title='bbox 518 3577 533 3632; x_wconf 96' lang='lat' dir='ltr'><strong>l</strong></span> <span class='ocrx_word' id='word_1_232' title='bbox 550 3574 614 3633; x_wconf 88' lang='lat' dir='ltr'><strong>Pct.</strong></span> <span class='ocrx_word' id='word_1_233' title='bbox 629 3593 658 3633; x_wconf 90' lang='lat' dir='ltr'><strong>v.</strong></span> <span class='ocrx_word' id='word_1_234' title='bbox 676 3576 713 3632; x_wconf 90' lang='lat'><strong>10</strong></span> <span class='ocrx_word' id='word_1_235' title='bbox 726 3596 732 3649; x_wconf 88' lang='lat'><strong>;</strong></span> <span class='ocrx_word' id='word_1_236' title='bbox 748 3574 820 3633; x_wconf 85' lang='lat' dir='ltr'><strong>Vita</strong></span> <span class='ocrx_word' id='word_1_237' title='bbox 834 3572 949 3651; x_wconf 84' lang='lat' dir='ltr'><strong>aeteme,</strong></span> <span class='ocrx_word' id='word_1_238' title='bbox 964 3577 979 3632; x_wconf 93' lang='lat'>1</span> <span class='ocrx_word' id='word_1_239' title='bbox 993 3575 1067 3634; x_wconf 88' lang='lat' dir='ltr'><strong>Tim.</strong></span> <span class='ocrx_word' id='word_1_240' title='bbox 1082 3575 1122 3634; x_wconf 86' lang='lat' dir='ltr'><strong>vi.</strong></span> <span class='ocrx_word' id='word_1_241' title='bbox 1140 3576 1187 3632; x_wconf 80' lang='lat'><strong>12.</strong></span> 
     </span>
    </p>

    <p class='ocr_par' dir='ltr' id='par_1_8' title="bbox 103 3653 1311 4274">
     <span class='ocr_line' id='line_1_25' title="bbox 145 3653 1309 3730; baseline 0.001 -16"><span class='ocrx_word' id='word_1_242' title='bbox 145 3657 203 3715; x_wconf 87' lang='lat'><strong>111.</strong></span> <span class='ocrx_word' id='word_1_243' title='bbox 226 3657 306 3715; x_wconf 87' lang='lat' dir='ltr'><strong>Hinc</strong></span> <span class='ocrx_word' id='word_1_244' title='bbox 316 3663 438 3714; x_wconf 79' lang='lat' dir='ltr'><strong>vocatur</strong></span> <span class='ocrx_word' id='word_1_245' title='bbox 450 3653 536 3712; x_wconf 90' lang='lat' dir='ltr'><strong>modo</strong></span> <span class='ocrx_word' id='word_1_246' title='bbox 553 3655 668 3713; x_wconf 80' lang='lat' dir='ltr'><strong>Vocatio</strong></span> <span class='ocrx_word' id='word_1_247' title='bbox 681 3663 787 3728; x_wconf 79' lang='lat' dir='ltr'><strong>saneta,</strong></span> <span class='ocrx_word' id='word_1_248' title='bbox 804 3657 821 3712; x_wconf 81' lang='lat'><strong>2</strong></span> <span class='ocrx_word' id='word_1_249' title='bbox 837 3653 911 3714; x_wconf 90' lang='lat' dir='ltr'><strong>Tim.</strong></span> <span class='ocrx_word' id='word_1_250' title='bbox 924 3656 943 3714; x_wconf 94' lang='lat' dir='ltr'><strong>i.</strong></span> <span class='ocrx_word' id='word_1_251' title='bbox 959 3657 986 3730; x_wconf 83' lang='lat'><strong>9,</strong></span> <span class='ocrx_word' id='word_1_252' title='bbox 999 3675 1057 3714; x_wconf 90' lang='lat' dir='ltr'><strong>uon</strong></span> <span class='ocrx_word' id='word_1_253' title='bbox 1072 3663 1184 3714; x_wconf 84' lang='lat' dir='ltr'><strong>tantum</strong></span> <span class='ocrx_word' id='word_1_254' title='bbox 1198 3653 1309 3716; x_wconf 87' lang='lat' dir='ltr'><strong>ratione</strong></span> 
     </span>
     <span class='ocr_line' id='line_1_26' title="bbox 103 3733 1310 3814; baseline 0.002 -22"><span class='ocrx_word' id='word_1_255' title='bbox 103 3737 241 3812; x_wconf 72' lang='lat' dir='ltr'><strong>principii,</strong></span> <span class='ocrx_word' id='word_1_256' title='bbox 257 3737 325 3814; x_wconf 86' lang='lat' dir='ltr'><strong>quia</strong></span> <span class='ocrx_word' id='word_1_257' title='bbox 340 3736 421 3794; x_wconf 90' lang='lat' dir='ltr'><strong>Deus</strong></span> <span class='ocrx_word' id='word_1_258' title='bbox 443 3736 547 3794; x_wconf 82' lang='lat' dir='ltr'><strong>author</strong></span> <span class='ocrx_word' id='word_1_259' title='bbox 561 3733 730 3794; x_wconf 83' lang='lat' dir='ltr'><strong>Vocationis</strong></span> <span class='ocrx_word' id='word_1_260' title='bbox 750 3741 866 3793; x_wconf 89' lang='lat' dir='ltr'><strong>sauctus</strong></span> <span class='ocrx_word' id='word_1_261' title='bbox 877 3743 929 3810; x_wconf 80' lang='lat' dir='ltr'><strong>est,</strong></span> <span class='ocrx_word' id='word_1_262' title='bbox 947 3738 962 3793; x_wconf 93' lang='lat'>1</span> <span class='ocrx_word' id='word_1_263' title='bbox 980 3735 1042 3794; x_wconf 88' lang='lat' dir='ltr'><strong>Pet.</strong></span> <span class='ocrx_word' id='word_1_264' title='bbox 1058 3735 1076 3795; x_wconf 93' lang='lat' dir='ltr'><strong>i.</strong></span> <span class='ocrx_word' id='word_1_265' title='bbox 1094 3737 1140 3810; x_wconf 83' lang='lat'><strong>15,</strong></span> <span class='ocrx_word' id='word_1_266' title='bbox 1157 3734 1310 3794; x_wconf 84' lang='lat' dir='ltr'><strong>sedetiam</strong></span> 
     </span>
     <span class='ocr_line' id='line_1_27' title="bbox 108 3813 1309 3894; baseline 0.001 -22"><span class='ocrx_word' id='word_1_267' title='bbox 108 3816 297 3894; x_wconf 70' lang='lat' dir='ltr'><strong>retiouefime,</strong></span> <span class='ocrx_word' id='word_1_268' title='bbox 308 3816 377 3894; x_wconf 86' lang='lat' dir='ltr'><strong>quia</strong></span> <span class='ocrx_word' id='word_1_269' title='bbox 396 3815 489 3874; x_wconf 86' lang='lat' dir='ltr'><strong>tendit</strong></span> <span class='ocrx_word' id='word_1_270' title='bbox 503 3815 541 3873; x_wconf 85' lang='lat' dir='ltr'><strong>ad</strong></span> <span class='ocrx_word' id='word_1_271' title='bbox 555 3815 756 3890; x_wconf 64' lang='lat' dir='ltr'><strong>sanctitatem</strong></span> <span class='ocrx_word' id='word_1_272' title='bbox 780 3813 869 3872; x_wconf 90' lang='lat' dir='ltr'><strong>Modo</strong></span> <span class='ocrx_word' id='word_1_273' title='bbox 890 3824 969 3874; x_wconf 65' lang='lat' dir='ltr'><strong>»aim</strong></span> <span class='ocrx_word' id='word_1_274' title='bbox 988 3824 1118 3888; x_wconf 54' lang='lat' dir='ltr'><strong>tracessio,</strong></span> <span class='ocrx_word' id='word_1_275' title='bbox 1135 3814 1212 3872; x_wconf 86' lang='lat' dir='ltr'><strong>Heb.</strong></span> <span class='ocrx_word' id='word_1_276' title='bbox 1228 3814 1268 3874; x_wconf 90' lang='lat' dir='ltr'><strong>iii.</strong></span> <span class='ocrx_word' id='word_1_277' title='bbox 1283 3819 1309 3890; x_wconf 94' lang='lat' dir='ltr'><strong>l,</strong></span> 
     </span>
     <span class='ocr_line' id='line_1_28' title="bbox 110 3893 1309 3971; baseline 0.002 -21"><span class='ocrx_word' id='word_1_278' title='bbox 110 3896 225 3969; x_wconf 72' lang='lat' dir='ltr'><strong>coehstss,</strong></span> <span class='ocrx_word' id='word_1_279' title='bbox 240 3905 270 3954; x_wconf 84' lang='lat' dir='ltr'><strong>et</strong></span> <span class='ocrx_word' id='word_1_280' title='bbox 291 3895 367 3953; x_wconf 93' lang='lat' dir='ltr'><strong>Phil.</strong></span> <span class='ocrx_word' id='word_1_281' title='bbox 382 3895 422 3953; x_wconf 89' lang='lat' dir='ltr'><strong>iii.</strong></span> <span class='ocrx_word' id='word_1_282' title='bbox 447 3898 492 3970; x_wconf 88' lang='grc'><strong>14,</strong></span> <span class='ocrx_word' id='word_1_283' title='bbox 508 3905 521 3954; x_wconf 76' lang='lat' dir='ltr'><strong>l</strong></span> <span class='ocrx_word' id='word_1_284' title='bbox 539 3903 583 3950; x_wconf 66' lang='lat' dir='ltr'><strong>tus</strong></span> <span class='ocrx_word' id='word_1_285' title='bbox 595 3905 683 3964; x_wconf 60' lang='lat' dir='ltr'><strong>naseas,</strong></span> <span class='ocrx_word' id='word_1_286' title='bbox 695 3913 827 3971; x_wconf 80' lang='lat' dir='ltr'><strong>superna,</strong></span> <span class='ocrx_word' id='word_1_287' title='bbox 843 3894 912 3970; x_wconf 84' lang='lat' dir='ltr'><strong>quis</strong></span> <span class='ocrx_word' id='word_1_288' title='bbox 925 3903 970 3952; x_wconf 89' lang='lat' dir='ltr'><strong>cst</strong></span> <span class='ocrx_word' id='word_1_289' title='bbox 990 3914 1006 3952; x_wconf 91' lang='lat' dir='ltr'><strong>e</strong></span> <span class='ocrx_word' id='word_1_290' title='bbox 1021 3895 1095 3952; x_wconf 88' lang='lat' dir='ltr'><strong>coelo</strong></span> <span class='ocrx_word' id='word_1_291' title='bbox 1109 3893 1190 3952; x_wconf 85' lang='lat' dir='ltr'><strong>etad</strong></span> <span class='ocrx_word' id='word_1_292' title='bbox 1204 3894 1309 3952; x_wconf 87' lang='lat' dir='ltr'><strong>coelum</strong></span> 
     </span>
     <span class='ocr_line' id='line_1_29' title="bbox 110 3972 1309 4053; baseline 0.003 -24"><span class='ocrx_word' id='word_1_293' title='bbox 110 3981 199 4046; x_wconf 85' lang='lat' dir='ltr'><strong>vocet,</strong></span> <span class='ocrx_word' id='word_1_294' title='bbox 215 3973 335 4033; x_wconf 87' lang='lat' dir='ltr'><strong>allusive</strong></span> <span class='ocrx_word' id='word_1_295' title='bbox 356 3975 394 4032; x_wconf 85' lang='lat' dir='ltr'><strong>ad</strong></span> <span class='ocrx_word' id='word_1_296' title='bbox 406 3975 492 4034; x_wconf 92' lang='lat' dir='ltr'><strong>ludos</strong></span> <span class='ocrx_word' id='word_1_297' title='bbox 507 3973 683 4053; x_wconf 90' lang='lat' dir='ltr'><strong>Olympicos,</strong></span> <span class='ocrx_word' id='word_1_298' title='bbox 699 3974 729 4033; x_wconf 93' lang='lat' dir='ltr'><strong>in</strong></span> <span class='ocrx_word' id='word_1_299' title='bbox 743 3975 849 4052; x_wconf 87' lang='lat' dir='ltr'><strong>quibus</strong></span> <span class='ocrx_word' id='word_1_300' title='bbox 863 3993 921 4032; x_wconf 89' lang='lat' dir='ltr'><strong>nou</strong></span> <span class='ocrx_word' id='word_1_301' title='bbox 935 3973 1021 4032; x_wconf 89' lang='lat' dir='ltr'><strong>modo</strong></span> <span class='ocrx_word' id='word_1_302' title='bbox 1034 3983 1137 4047; x_wconf 60' lang='lat' dir='ltr'><strong>seuerus</strong></span> <span class='ocrx_word' id='word_1_303' title='bbox 1152 3972 1309 4049; x_wconf 89' lang='lat' dir='ltr'><strong>suspende·</strong></span> 
     </span>
     <span class='ocr_line' id='line_1_30' title="bbox 109 4051 1310 4130; baseline -0.002 -18"><span class='ocrx_word' id='word_1_304' title='bbox 109 4053 190 4112; x_wconf 87' lang='lat' dir='ltr'><strong>batur</strong></span> <span class='ocrx_word' id='word_1_305' title='bbox 211 4071 296 4130; x_wconf 90' lang='lat' dir='ltr'><strong>super</strong></span> <span class='ocrx_word' id='word_1_306' title='bbox 316 4062 430 4129; x_wconf 83' lang='lat' dir='ltr'><strong>metam,</strong></span> <span class='ocrx_word' id='word_1_307' title='bbox 455 4054 507 4113; x_wconf 91' lang='lat' dir='ltr'><strong>sed</strong></span> <span class='ocrx_word' id='word_1_308' title='bbox 522 4055 641 4114; x_wconf 87' lang='lat' dir='ltr'><strong>inferius</strong></span> <span class='ocrx_word' id='word_1_309' title='bbox 656 4054 785 4114; x_wconf 88' lang='lat' dir='ltr'><strong>Athletse</strong></span> <span class='ocrx_word' id='word_1_310' title='bbox 808 4054 970 4127; x_wconf 85' lang='lat' dir='ltr'><strong>currebant,</strong></span> <span class='ocrx_word' id='word_1_311' title='bbox 994 4062 1023 4111; x_wconf 85' lang='lat' dir='ltr'><strong>et</strong></span> <span class='ocrx_word' id='word_1_312' title='bbox 1044 4051 1256 4111; x_wconf 83' lang='lat' dir='ltr'><strong>coronabantur</strong></span> <span class='ocrx_word' id='word_1_313' title='bbox 1279 4053 1310 4111; x_wconf 91' lang='lat' dir='ltr'><strong>iu</strong></span> 
     </span>
     <span class='ocr_line' id='line_1_31' title="bbox 111 4130 1311 4212; baseline 0.001 -22"><span class='ocrx_word' id='word_1_314' title='bbox 111 4131 246 4209; x_wconf 81' lang='lat' dir='ltr'><strong>superiori</strong></span> <span class='ocrx_word' id='word_1_315' title='bbox 259 4133 331 4209; x_wconf 89' lang='lat' dir='ltr'><strong>loco,</strong></span> <span class='ocrx_word' id='word_1_316' title='bbox 353 4134 404 4191; x_wconf 92' lang='lat' dir='ltr'><strong>ubi</strong></span> <span class='ocrx_word' id='word_1_317' title='bbox 425 4133 564 4194; x_wconf 75' lang='lat' dir='ltr'><strong>sedebant</strong></span> <span class='ocrx_word' id='word_1_318' title='bbox 576 4141 702 4210; x_wconf 64' lang='lat' dir='ltr'><strong>eguerunt</strong></span> <span class='ocrx_word' id='word_1_319' title='bbox 718 4142 748 4194; x_wconf 81' lang='lat' dir='ltr'><strong>et</strong></span> <span class='ocrx_word' id='word_1_320' title='bbox 762 4131 965 4212; x_wconf 83' lang='lat' dir='ltr'><strong>Agonothetae,</strong></span> <span class='ocrx_word' id='word_1_321' title='bbox 975 4130 1052 4190; x_wconf 89' lang='lat' dir='ltr'><strong>unde</strong></span> <span class='ocrx_word' id='word_1_322' title='bbox 1067 4150 1139 4189; x_wconf 87' lang='lat' dir='ltr'><strong>voce</strong></span> <span class='ocrx_word' id='word_1_323' title='bbox 1164 4131 1311 4191; x_wconf 80' lang='lat' dir='ltr'><strong>Praecouis</strong></span> 
     </span>
     <span class='ocr_line' id='line_1_32' title="bbox 112 4212 566 4274; baseline 0.007 -3"><span class='ocrx_word' id='word_1_324' title='bbox 112 4231 237 4272; x_wconf 89' lang='lat' dir='ltr'><strong>cursores</strong></span> <span class='ocrx_word' id='word_1_325' title='bbox 251 4212 288 4271; x_wconf 87' lang='lat' dir='ltr'><strong>ed</strong></span> <span class='ocrx_word' id='word_1_326' title='bbox 302 4232 417 4272; x_wconf 89' lang='lat' dir='ltr'><strong>cursum</strong></span> <span class='ocrx_word' id='word_1_327' title='bbox 431 4213 566 4274; x_wconf 82' lang='lat' dir='ltr'><strong>citabant.</strong></span> 
     </span>
    </p>

    <p class='ocr_par' dir='ltr' id='par_1_9' title="bbox 112 4289 1313 4772">
     <span class='ocr_line' id='line_1_33' title="bbox 409 4289 1312 4372; baseline 0.001 -21"><span class='ocrx_word' id='word_1_328' title='bbox 409 4293 465 4353; x_wconf 89' lang='lat' dir='ltr'><strong>IV.</strong></span> <span class='ocrx_word' id='word_1_329' title='bbox 489 4293 520 4354; x_wconf 88' lang='lat' dir='ltr'><strong>Si</strong></span> <span class='ocrx_word' id='word_1_330' title='bbox 539 4293 686 4372; x_wconf 84' lang='lat' dir='ltr'><strong>quaeritur,</strong></span> <span class='ocrx_word' id='word_1_331' title='bbox 703 4293 761 4352; x_wconf 83' lang='lat' dir='ltr'><strong>Cur</strong></span> <span class='ocrx_word' id='word_1_332' title='bbox 777 4291 901 4371; x_wconf 84' lang='lat' dir='ltr'><strong>Spiritus</strong></span> <span class='ocrx_word' id='word_1_333' title='bbox 925 4290 954 4350; x_wconf 88' lang='lat' dir='ltr'><strong>S.</strong></span> <span class='ocrx_word' id='word_1_334' title='bbox 967 4289 1024 4350; x_wconf 88' lang='lat' dir='ltr'><strong>hac</strong></span> <span class='ocrx_word' id='word_1_335' title='bbox 1037 4290 1255 4352; x_wconf 79' lang='lat' dir='ltr'><strong>nomenclatura</strong></span> <span class='ocrx_word' id='word_1_336' title='bbox 1268 4292 1312 4352; x_wconf 81' lang='lat' dir='ltr'><strong>uti</strong></span> 
     </span>
     <span class='ocr_line' id='line_1_34' title="bbox 369 4371 1313 4452; baseline 0 -22"><span class='ocrx_word' id='word_1_337' title='bbox 369 4373 493 4434; x_wconf 87' lang='lat' dir='ltr'><strong>voluerit</strong></span> <span class='ocrx_word' id='word_1_338' title='bbox 517 4374 555 4433; x_wconf 87' lang='lat' dir='ltr'><strong>ad</strong></span> <span class='ocrx_word' id='word_1_339' title='bbox 578 4394 650 4452; x_wconf 91' lang='lat' dir='ltr'><strong>opus</strong></span> <span class='ocrx_word' id='word_1_340' title='bbox 672 4374 751 4434; x_wconf 90' lang='lat' dir='ltr'><strong>istud</strong></span> <span class='ocrx_word' id='word_1_341' title='bbox 765 4371 1007 4434; x_wconf 86' lang='lat' dir='ltr'><strong>describendum?</strong></span> <span class='ocrx_word' id='word_1_342' title='bbox 1048 4372 1134 4431; x_wconf 87' lang='lat' dir='ltr'><strong>Ratio</strong></span> <span class='ocrx_word' id='word_1_343' title='bbox 1159 4371 1313 4451; x_wconf 87' lang='lat' dir='ltr'><strong>multiplex</strong></span> 
     </span>
     <span class='ocr_line' id='line_1_35' title="bbox 112 4449 1311 4532; baseline 0.003 -24"><span class='ocrx_word' id='word_1_344' title='bbox 112 4449 189 4509; x_wconf 85' lang='lat' dir='ltr'><strong>reddi</strong></span> <span class='ocrx_word' id='word_1_345' title='bbox 202 4457 307 4528; x_wconf 85' lang='lat' dir='ltr'><strong>potest.</strong></span> <span class='ocrx_word' id='word_1_346' title='bbox 351 4455 376 4511; x_wconf 92' lang='lat'><strong>1.</strong></span> <span class='ocrx_word' id='word_1_347' title='bbox 399 4453 449 4512; x_wconf 87' lang='lat' dir='ltr'><strong>Ad</strong></span> <span class='ocrx_word' id='word_1_348' title='bbox 463 4455 665 4532; x_wconf 76' lang='lat' dir='ltr'><strong>decipnandnm</strong></span> <span class='ocrx_word' id='word_1_349' title='bbox 678 4455 797 4515; x_wconf 79' lang='lat' dir='ltr'><strong>hominis</strong></span> <span class='ocrx_word' id='word_1_350' title='bbox 810 4454 959 4529; x_wconf 81' lang='lat' dir='ltr'><strong>miseriam,</strong></span> <span class='ocrx_word' id='word_1_351' title='bbox 976 4453 1043 4530; x_wconf 85' lang='lat' dir='ltr'><strong>quio</strong></span> <span class='ocrx_word' id='word_1_352' title='bbox 1064 4473 1082 4510; x_wconf 85' lang='lat' dir='ltr'><strong>a</strong></span> <span class='ocrx_word' id='word_1_353' title='bbox 1096 4453 1159 4512; x_wconf 87' lang='lat' dir='ltr'><strong>Deo</strong></span> <span class='ocrx_word' id='word_1_354' title='bbox 1180 4473 1232 4530; x_wconf 83' lang='lat' dir='ltr'><strong>per</strong></span> <span class='ocrx_word' id='word_1_355' title='bbox 1245 4473 1311 4531; x_wconf 90' lang='lat' dir='ltr'><strong>pec-</strong></span> 
     </span>
     <span class='ocr_line' id='line_1_36' title="bbox 113 4533 1313 4610; baseline 0.002 -20"><span class='ocrx_word' id='word_1_356' title='bbox 113 4539 202 4590; x_wconf 88' lang='lat' dir='ltr'><strong>catum</strong></span> <span class='ocrx_word' id='word_1_357' title='bbox 218 4539 375 4608; x_wconf 73' lang='lat' dir='ltr'><strong>separatus,</strong></span> <span class='ocrx_word' id='word_1_358' title='bbox 391 4540 421 4592; x_wconf 89' lang='lat' dir='ltr'><strong>et</strong></span> <span class='ocrx_word' id='word_1_359' title='bbox 434 4533 520 4610; x_wconf 85' lang='lat' dir='ltr'><strong>longo</strong></span> <span class='ocrx_word' id='word_1_360' title='bbox 535 4535 662 4610; x_wconf 87' lang='lat' dir='ltr'><strong>dissitus,</strong></span> <span class='ocrx_word' id='word_1_361' title='bbox 677 4534 857 4594; x_wconf 83' lang='lat' dir='ltr'><strong>revocandus</strong></span> <span class='ocrx_word' id='word_1_362' title='bbox 872 4533 926 4592; x_wconf 84' lang='lat' dir='ltr'><strong>fuit</strong></span> <span class='ocrx_word' id='word_1_363' title='bbox 937 4533 974 4592; x_wconf 87' lang='lat' dir='ltr'><strong>ab</strong></span> <span class='ocrx_word' id='word_1_364' title='bbox 989 4533 1133 4594; x_wconf 86' lang='lat' dir='ltr'><strong>erroribus</strong></span> <span class='ocrx_word' id='word_1_365' title='bbox 1147 4534 1216 4609; x_wconf 86' lang='lat' dir='ltr'><strong>suis,</strong></span> <span class='ocrx_word' id='word_1_366' title='bbox 1232 4533 1313 4592; x_wconf 80' lang='lat' dir='ltr'><strong>ulad</strong></span> 
     </span>
     <span class='ocr_line' id='line_1_37' title="bbox 115 4610 1312 4692; baseline 0.003 -23"><span class='ocrx_word' id='word_1_367' title='bbox 115 4613 202 4672; x_wconf 88' lang='lat' dir='ltr'><strong>Deum</strong></span> <span class='ocrx_word' id='word_1_368' title='bbox 216 4610 332 4686; x_wconf 87' lang='lat' dir='ltr'><strong>rediret,</strong></span> <span class='ocrx_word' id='word_1_369' title='bbox 344 4612 488 4690; x_wconf 90' lang='lat' dir='ltr'><strong>quomodo</strong></span> <span class='ocrx_word' id='word_1_370' title='bbox 504 4613 584 4674; x_wconf 88' lang='lat' dir='ltr'><strong>Deus</strong></span> <span class='ocrx_word' id='word_1_371' title='bbox 595 4614 741 4674; x_wconf 84' lang='lat' dir='ltr'><strong>Adamnm</strong></span> <span class='ocrx_word' id='word_1_372' title='bbox 753 4615 909 4692; x_wconf 84' lang='lat' dir='ltr'><strong>lugientem</strong></span> <span class='ocrx_word' id='word_1_373' title='bbox 923 4614 1026 4692; x_wconf 81' lang='lat' dir='ltr'><strong>quaerit</strong></span> <span class='ocrx_word' id='word_1_374' title='bbox 1036 4621 1065 4672; x_wconf 87' lang='lat' dir='ltr'><strong>ct</strong></span> <span class='ocrx_word' id='word_1_375' title='bbox 1079 4621 1173 4689; x_wconf 79' lang='lat' dir='ltr'><strong>vocat,</strong></span> <span class='ocrx_word' id='word_1_376' title='bbox 1187 4616 1205 4647; x_wconf 86' lang='lat'><strong>“</strong></span> <span class='ocrx_word' id='word_1_377' title='bbox 1215 4612 1312 4672; x_wconf 80' lang='lat' dir='ltr'><strong>Adam</strong></span> 
     </span>
     <span class='ocr_line' id='line_1_38' title="bbox 114 4691 1311 4772; baseline 0.003 -22"><span class='ocrx_word' id='word_1_378' title='bbox 114 4691 157 4750; x_wconf 89' lang='lat' dir='ltr'><strong>ubi</strong></span> <span class='ocrx_word' id='word_1_379' title='bbox 171 4713 201 4751; x_wconf 90' lang='lat' dir='ltr'><strong>es</strong></span> <span class='ocrx_word' id='word_1_380' title='bbox 210 4693 242 4752; x_wconf 81' lang='lat'><strong>?&#39;&#39;</strong></span> <span class='ocrx_word' id='word_1_381' title='bbox 285 4695 313 4750; x_wconf 73' lang='lat'><strong>2.</strong></span> <span class='ocrx_word' id='word_1_382' title='bbox 336 4691 387 4752; x_wconf 88' lang='lat' dir='ltr'><strong>Ad</strong></span> <span class='ocrx_word' id='word_1_383' title='bbox 401 4695 553 4753; x_wconf 79' lang='lat' dir='ltr'><strong>notandum</strong></span> <span class='ocrx_word' id='word_1_384' title='bbox 578 4697 705 4772; x_wconf 66' lang='lat' dir='ltr'><strong>rinadium,</strong></span> <span class='ocrx_word' id='word_1_385' title='bbox 724 4715 781 4772; x_wconf 90' lang='lat' dir='ltr'><strong>quo</strong></span> <span class='ocrx_word' id='word_1_386' title='bbox 798 4696 877 4754; x_wconf 85' lang='lat' dir='ltr'><strong>Deus</strong></span> <span class='ocrx_word' id='word_1_387' title='bbox 891 4695 982 4755; x_wconf 85' lang='lat' dir='ltr'><strong>utitur</strong></span> <span class='ocrx_word' id='word_1_388' title='bbox 996 4694 1033 4753; x_wconf 85' lang='lat' dir='ltr'><strong>ad</strong></span> <span class='ocrx_word' id='word_1_389' title='bbox 1047 4693 1178 4753; x_wconf 89' lang='lat' dir='ltr'><strong>homiues</strong></span> <span class='ocrx_word' id='word_1_390' title='bbox 1193 4713 1311 4754; x_wconf 88' lang='lat' dir='ltr'><strong>convcr-</strong></span> 
     </span>
    </p>
   </div>
   <div class='ocr_carea' id='block_1_7' title="bbox 139 4349 319 4396">
    <p class='ocr_par' dir='ltr' id='par_1_10' title="bbox 139 4349 319 4396">
     <span class='ocr_line' id='line_1_39' title="bbox 139 4349 319 4396; baseline -0.006 -1"><span class='ocrx_word' id='word_1_391' title='bbox 139 4349 188 4395; x_wconf 78' lang='lat' dir='ltr'><strong>Our</strong></span> <span class='ocrx_word' id='word_1_392' title='bbox 201 4351 237 4395; x_wconf 78' lang='lat' dir='ltr'><strong>lta</strong></span> <span class='ocrx_word' id='word_1_393' title='bbox 247 4349 319 4396; x_wconf 78' lang='lat' dir='ltr'><strong>dicte.</strong></span> 
     </span>
    </p>
   </div>
   <div class='ocr_carea' id='block_1_8' title="bbox 0 0 1604 5210">
    <p class='ocr_par' dir='ltr' id='par_1_11' title="bbox 0 0 1604 5210">
     <span class='ocr_line' id='line_1_40' title="bbox 0 0 1604 5210; baseline 0 0"><span class='ocrx_word' id='word_1_394' title='bbox 0 0 1604 5210; x_wconf 95' lang='lat' dir='ltr'><strong> </strong></span> 
     </span>
    </p>
   </div>
  </div>
 </body>
</html>
