3186 5210
259 354 317 411 526
650 367 741 408 accus
757 345 887 406 necinus
901 362 1037 412 corneus.
1259 343 1389 427 [eumer.
1407 365 1471 410 ιιι.

254 511 331 570 raele
345 510 466 584 dixerat,
479 517 508 568 et
518 509 711 568 Paulueclare
725 515 855 582 testatur,
871 511 889 564 2
905 506 969 564 Cor.
985 505 1035 580 iii,
1051 514 1080 564 et
1105 505 1181 565 Heb.
1197 507 1267 580 viii,
1283 507 1314 565 in
1339 510 1468 586 applica·
1559 525 1562 531 ’

255 591 333 650 tione
347 591 410 666 ejus
424 589 461 647 ad
473 588 582 647 Foedus
597 589 623 646 N
626 589 674 648 ovi
688 588 874 647 Testamenti.
917 587 996 663 Ergo
1021 587 1075 644 sub
1090 587 1278 662 promissione
1289 589 1469 649 reductionis

257 691 295 728 ex
310 669 486 746 captivitate,
511 689 575 744 quae
589 669 622 728 fit
636 669 689 728 toti
705 668 805 727 Israeli
815 666 973 725 secuudum
984 685 1107 740 emnem,
1133 667 1291 726 includitur
1312 670 1467 745 promissio

256 749 451 808 renovationis
466 749 597 806 Foederis
611 747 729 822 Gratiae,
745 767 810 824 quae
824 747 857 805 fir
870 747 923 806 toti
945 745 1048 804 Israeli
1070 747 1227 806 secuudum
1254 749 1405 825 Spiritum,
1421 751 1469 827 qui

253 849 306 888 suo
321 836 448 905 tempore
462 836 541 888 totus
555 828 663 886 servari
674 827 783 897 debuit,
800 828 883 886 Rom.
899 827 940 885 xi.
955 829 1003 902 26,
1019 828 1103 902 cujus
1116 827 1166 885 ille
1180 835 1268 904 typus
1281 827 1346 903 fuit,
1363 839 1398 888 ut
1412 831 1467 888 sol·

256 909 341 968 lenae
356 917 401 967 est
426 908 578 984 Prophetis
602 908 664 966 haec
678 907 754 966 inter
779 927 809 966 se
821 915 1000 966 connectere.
1044 906 1105 980 Nep
1128 907 1153 964 si
1166 909 1386 984 perseverantia
1406 909 1468 986 jam

258 988 369 1048 Electis
382 1007 519 1046 concessa
533 985 587 1045 fuit
601 988 655 1045 sub
670 987 771 1046 Veteri
786 988 979 1062 Testamento,
991 985 1057 1046 ideo
1069 987 1198 1063 sequitur
1208 1007 1264 1045 non
1275 1007 1362 1064 posse
1370 989 1467 1048 denuo
1579 1015 1580 1020 ¹

256 1067 404 1146 promitti;
426 1087 493 1124 nam
507 1075 536 1125 et
559 1067 667 1126 Foedus
691 1067 799 1127 Gratia
820 1068 881 1144 jam
906 1075 975 1141 erat,
1002 1067 1054 1126 sed
1077 1067 1254 1144 promittitur
1277 1077 1384 1144 temen,
1401 1070 1469 1146 quia

257 1149 344 1224 longe
358 1146 499 1206 illustrius
513 1155 543 1206 et
556 1146 699 1206 efficacius
713 1147 813 1206 debuit
826 1147 967 1220 renovari,
983 1154 1046 1205 turn
1066 1147 1103 1206 ob
1124 1147 1235 1224 copiam
1249 1148 1465 1224 beneficiorum,

256 1237 318 1288 tum
333 1227 370 1285 ob
386 1227 479 1304 Caput
493 1237 655 1302 venturum,
670 1235 731 1286 tum
746 1227 815 1303 quia
827 1227 906 1303 typis
920 1225 1043 1286 sublatis
1065 1227 1162 1286 omnia
1174 1227 1252 1286 nude
1265 1237 1349 1287 erent
1363 1249 1465 1306 propo·

257 1307 361 1366 nenda.
397 1311 424 1364 2.
448 1305 549 1365 Notati
565 1307 781 1366 “intentionem
796 1307 1032 1384 etfinem,quem
1044 1307 1124 1366 Deus
1146 1307 1399 1384 sibiproponebat,
1416 1309 1466 1368 sed
1579 1333 1580 1336 ¹

259 1407 317 1446 non
331 1394 476 1461 eventum,
492 1396 524 1446 ut
538 1395 653 1446 notetur
666 1405 772 1463 magna
786 1385 919 1463 quadarn
927 1395 956 1444 et
967 1385 1070 1444 efficax
1092 1386 1148 1445 Dei
1172 1389 1271 1460 motio,
1286 1409 1354 1464 quae
1369 1389 1466 1448 futura
1579 1405 1580 1478 ,

258 1476 319 1526 erat
330 1487 380 1544 per
394 1467 520 1542 insignia
533 1467 624 1526 mrdta
636 1467 784 1540 beneficia,
800 1466 905 1543 quibus
927 1466 1083 1525 effecturus
1096 1473 1158 1525 erat
1180 1469 1328 1544 populum,
1344 1471 1465 1546 ejusque

256 1568 306 1606 eor
320 1555 349 1606 et
362 1546 490 1605 animum
504 1547 691 1621 emollitums,
707 1556 740 1606 ut
753 1547 912 1624 peripsum
926 1566 984 1604 uon
999 1555 1141 1605 staturum
1154 1546 1200 1620 sit,
1216 1549 1372 1623 quominus
1382 1549 1466 1608 effec-

256 1636 304 1687 tus
318 1627 403 1704 plane
418 1635 618 1704 consequatur,
634 1634 663 1684 et
676 1634 709 1684 ut
724 1626 804 1684 Deus
818 1626 914 1684 omnia
927 1625 1054 1684 facturus
1068 1633 1145 1685 esset
1158 1635 1298 1704 quantum
1308 1628 1381 1686 inse
1395 1638 1465 1704 erat,

257 1716 398 1784 quantum
412 1715 440 1764 et
451 1707 506 1765 hoc
520 1707 603 1766 aliter
616 1706 731 1765 evenire
745 1714 851 1782 posset,
867 1706 1021 1782 quiaillud
1035 1726 1094 1764 non
1107 1705 1321 1783 absqueeornm
1331 1728 1467 1785 coopera-

258 1789 336 1846 tione
351 1795 413 1845 crat
427 1788 625 1860 eventurum,”
639 1794 672 1845 ut
686 1787 788 1844 Collat.
813 1785 903 1863 Hagi.
928 1785 1102 1844 cavillentur
1122 1793 1187 1862 post
1212 1785 1307 1844 Socin.
1333 1787 1466 1848 Praelect.

260 1888 322 1944 cap.
341 1871 386 1940 12,
404 1866 480 1925 Soet.
496 1869 524 1924 6.
567 1867 654 1944 Resp.
673 1869 698 1924 1.
722 1867 876 1942 Perperam
890 1875 1039 1942 separetur
1052 1867 1173 1924 intentio
1194 1866 1231 1924 ab
1256 1875 1372 1942 eventu,
1398 1869 1466 1945 quia

261 1947 341 2005 Deus
355 1966 502 2022 nunquam
528 1946 661 2005 excidere
684 1954 781 2023 potest
805 1945 962 2004 intentione
976 1949 1005 2004 et
1018 1945 1076 2004 fine
1091 1965 1151 2004 suo.
1174 1950 1202 2004 2.
1225 1946 1291 2004 Non
1306 1948 1404 2024 agitur
1416 1948 1463 2006 hic

257 2026 292 2084 de
303 2027 382 2104 Lege
397 2026 445 2084 vel
459 2035 610 2102 praecepto,
626 2045 683 2103 quo
706 2026 872 2102 praescribat
893 2025 1002 2083 homini
1027 2025 1152 2084 officium
1176 2045 1268 2100 suum,
1285 2026 1364 2103 quod
1377 2029 1464 2087 horno

257 2107 368 2164 malitia
382 2125 434 2164 sua
448 2125 506 2163 non
520 2107 691 2182 exequitur;
714 2105 765 2164 sed
780 2105 816 2163 de
825 2105 1019 2181 promissione,
1035 2125 1123 2183 quam
1146 2105 1208 2182 ipso
1229 2106 1416 2183 impleturum
1431 2127 1463 2166 se

258 2186 336 2260 dicit,
354 2189 371 2218 “
384 2186 449 2261 Ego
463 2185 617 2243 inscribam
632 2187 750 2262 Legem,
767 2185 864 2243 indam
873 2185 1012 2258 timorem,
1036 2195 1068 2244 ut
1082 2205 1141 2244 non
1154 2186 1297 2259 recedant,
1313 2186 1417 2245 saciare
1430 2196 1465 2245 ut

257 2265 410 2323 ambuletis
425 2265 453 2321 in
468 2266 648 2341 praeceptis.”
670 2270 697 2324 3.
722 2266 754 2324 si
767 2266 840 2324 nihil
853 2265 934 2324 aliud
946 2272 1062 2323 notatur
1071 2285 1157 2342 quam
1171 2285 1223 2342 per
1233 2266 1326 2324 Qum
1337 2286 1395 2325 non
1406 2275 1464 2325 sta-

257 2352 361 2416 turum,
378 2345 426 2400 vel
441 2343 536 2401 Deum
549 2344 691 2403 facturum
705 2345 888 2421 quantumin
903 2365 934 2403 se
948 2353 1000 2420 est,
1018 2343 1097 2422 Ergo
1111 2345 1192 2403 nulla
1204 2345 1260 2404 fuit
1272 2348 1467 2424 praerogativa

257 2422 335 2480 Novi
350 2422 490 2494 Foederis,
505 2443 571 2480 nem
583 2424 645 2500 jam
659 2431 702 2482 tet
717 2431 745 2482 et
758 2424 847 2482 tantis
860 2425 1008 2483 benefieiis
1028 2425 1166 2502 populum
1190 2424 1331 2501 affecerat,
1346 2437 1379 2486 ut
1393 2427 1468 2484 nihil

258 2501 412 2579 superaddi
425 2502 557 2578 potuerit,
575 2503 632 2560 lsa.
648 2523 675 2560 v.
691 2504 753 2562 Jer.
769 2522 840 2560 xxv.
855 2507 883 2578 4,
900 2506 928 2562 5.
965 2508 982 2537 “
993 2505 1131 2579 Vidisti,”
1143 2505 1237 2581 inquit
1252 2506 1359 2582 Moses,
1376 2509 1394 2539 “
1406 2507 1464 2584 oig-

254 2603 300 2658 na,
314 2579 435 2656 &c.,sed
442 2581 585 2640 Deusnon
599 2581 679 2640 dedit
693 2583 771 2640 cor.”
784 2583 871 2642 Deut.
885 2583 969 2642 xxix.
984 2585 1039 2642 hoc
1053 2593 1097 2643 est
1120 2585 1199 2662 quod
1213 2584 1319 2660 deerat,
1335 2595 1365 2645 et
1385 2587 1465 2664 quod

256 2662 409 2741 pollicetur
423 2681 453 2720 se
468 2661 600 2720 daturum
613 2684 620 2738 3
643 2660 704 2720 Nec
718 2669 829 2722 tantum
844 2672 888 2722 est
901 2664 1061 2741 promissio,
1077 2664 1128 2723 sed
1137 2665 1286 2740 prodictio
1300 2674 1329 2724 at
1341 2668 1465 2744 prophe·

256 2745 304 2818 tie,
321 2763 379 2800 non
393 2749 505 2802 tautum
519 2742 555 2800 de
569 2742 736 2817 intentione,
753 2742 804 2802 sed
818 2742 854 2802 de
869 2751 976 2802 eventu
995 2745 1067 2821 ipso,
1099 2743 1175 2818 Quid
1199 2745 1275 2803 enim
1299 2747 1372 2805 alias
1396 2747 1464 2806 inde

258 2823 353 2882 solatii
368 2823 473 2882 habere
487 2822 672 2899 potuissent?

299 2903 389 2962 XIV.
412 2902 544 2977 Adloca,
561 2903 618 2962 Iso.
634 2903 684 2961 liv.
702 2904 747 2977 10,
764 2909 793 2961 et
814 2901 866 2960 lix.
893 2905 940 2978 21,
974 2903 1047 2962 Hos.
1073 2903 1103 2961 ii.
1131 2906 1184 2978 193
1222 2903 1463 2965 “Promissiones

258 2983 321 3042 fieri
336 2983 483 3058 Ecclesiae,
499 2991 528 3042 et
541 2983 609 3042 filiis
625 2982 680 3040 Dei
694 2982 725 3040 in
739 3002 826 3042 sensu
840 2982 1007 3058 composito,
1023 2982 1152 3059 quandiu
1164 2983 1237 3042 tales
1246 2984 1415 3058 manebunt,
1430 2995 1464 3045 ut

258 3063 433 3138 ostendatur,
448 3063 519 3141 quid
535 3063 615 3122 Deus
629 3063 666 3122 sit
680 3061 808 3121 facturus
822 3083 839 3120 a
853 3071 933 3139 parte
954 3081 1016 3136 sua,
1041 3063 1177 3122 nimirum
1201 3083 1232 3122 se
1257 3064 1368 3124 Foedus
1389 3065 1464 3124 illud
1569 3102 1580 3123 .,

257 3163 314 3201 non
329 3143 517 3217 violaturum,
533 3143 584 3201 scd
598 3163 656 3202 non
667 3142 734 3202 inde
748 3143 847 3219 colligi
861 3161 954 3219 posse,
969 3143 1042 3200 tales
1056 3142 1187 3202 infideles
1201 3163 1259 3202 non
1270 3163 1355 3221 posse
1370 3145 1462 3204 fieri.”

260 3223 317 3281 Sed
332 3243 397 3282 cum
411 3223 615 3299 promissiones
629 3224 691 3282 istae
706 3243 740 3280 oc
754 3221 882 3297 tendant,
898 3231 931 3282 ut
945 3222 1077 3280 Ecclesia
1090 3231 1119 3281 et
1132 3223 1242 3304 fideles,
1258 3225 1308 3301 qui
1318 3225 1387 3284 facti
1396 3235 1466 3284 suut

255 3303 328 3360 tales
342 3321 394 3378 per
407 3302 528 3377 gratiam
543 3311 768 3379 regenerantem,
779 3303 821 3361 ita
834 3310 1039 3361 conserventur
1053 3323 1071 3360 a
1085 3303 1157 3378 Deo,
1172 3311 1205 3362 ut
1218 3305 1310 3380 perire
1324 3325 1383 3363 non
1396 3325 1463 3382 pos-

259 3380 335 3454 sint;
359 3381 430 3454 Quis
444 3401 502 3440 non
516 3381 604 3456 videt,
620 3382 767 3442 includere
790 3381 951 3440 necessario
973 3381 1080 3440 donum
1099 3385 1320 3458 perseverantia
1333 3385 1412 3460 fidei,
1427 3405 1464 3444 ne
1579 3441 1580 3452 ,

255 3478 381 3534 unquam
392 3459 525 3518 desinent
539 3481 601 3519 esse
616 3463 697 3537 tales,
712 3462 791 3520 etde
805 3462 881 3522 secto
904 3465 1046 3538 pereant?
1087 3462 1148 3520 Nec
1172 3469 1283 3522 tanturn
1307 3464 1464 3541 importare

257 3539 351 3596 Deum
366 3558 403 3596 ex
417 3547 498 3614 parte
513 3559 565 3597 sua
578 3540 721 3600 lecturum
735 3541 813 3618 quod
836 3542 992 3618 requiritur
1005 3541 1042 3600 ad
1057 3541 1189 3600 Foederis
1202 3545 1462 3620 conservationem,

255 3615 307 3675 sed
321 3615 407 3674 etiarn
423 3618 516 3675 Deum
531 3617 698 3678 effecturum
712 3623 742 3678 in
756 3621 848 3695 nobis,
863 3642 900 3680 ne
913 3641 1041 3699 unquam
1055 3621 1164 3680 Foedus
1178 3623 1251 3682 illud
1259 3624 1375 3700 penitus
1389 3623 1463 3702 abji-

257 3697 391 3756 ciamus?
412 3695 495 3769 Quod
509 3705 597 3772 patet,
613 3707 674 3756 tum
689 3721 726 3758 ex
741 3720 775 3758 eo
789 3701 868 3776 quod
882 3700 1027 3761 confertur
1040 3721 1105 3760 curn
1117 3701 1238 3762 Foedere
1252 3723 1318 3761 cum
1341 3703 1464 3764 Noaebo
1579 3771 1580 3774 Ἴ

256 3777 336 3852 inito,
351 3775 429 3854 quod
444 3775 607 3834 absolutum
622 3779 676 3836 fuit
690 3788 718 3836 et
732 3799 845 3856 semper
855 3779 1032 3856 duraturum,
1042 3801 1100 3840 non
1114 3790 1211 3840 eutem
1221 3783 1460 3858 conditionatum,

257 3857 314 3916 Iso.
329 3857 379 3915 liv.
405 3859 433 3928 9,
460 3864 521 3915 tum
545 3876 583 3914 ex
605 3877 639 3916 eo
663 3859 741 3934 quod
766 3859 819 3918 sub
844 3859 977 3936 symbolo
990 3862 1169 3937 &matium
1191 3863 1369 3940 proponitur,
1387 3863 1461 3923 Hos

255 3937 294 4012 ii,
309 3937 360 3996 ubi
374 3937 454 3996 nulla
468 3936 594 3996 conditio
608 3937 704 3996 locum
728 3938 823 4015 habet,
849 3939 879 3996 in
903 3939 1009 4016 quibus
1024 3941 1155 4000 Christus
1179 3942 1235 4000 sibi
1259 3941 1345 4001 debet
1359 3963 1462 4020 parare

256 4017 397 4093 Sponsam
412 4037 502 4092 suam,
516 4017 621 4078 Erech.
636 4017 697 4078 xvi.
712 4028 742 4078 et
756 4020 863 4096 Ephes.
880 4040 906 4079 v.
922 4023 970 4080 25.
1013 4021 1074 4080 Nec
1086 4020 1153 4079 addi
1174 4021 1270 4096 debet,
1295 4023 1369 4081 lanc
1388 4043 1462 4100 pro·

254 4097 409 4156 missionem
423 4107 449 4156 ct
466 4099 568 4156 tinnites
581 4102 623 4157 ad
629 4119 744 4175 regnum
756 4102 856 4177 plorice
861 4102 1013 4176 pertinere.
1056 4100 1130 4174 Quia
1141 4102 1222 4159 Deus
1234 4101 1413 4179 desponsare
1425 4105 1463 4163 si-

251 4173 282 4234 bi
296 4176 383 4236 debet
396 4178 533 4254 populum
548 4178 649 4238 eodem
663 4179 718 4255 die,
734 4201 792 4258 quo
806 4181 849 4239 illi
863 4181 1017 4258 prospiciet
1030 4181 1125 4239 tritico
1139 4189 1169 4240 et
1181 4181 1259 4256 vino,
1272 4189 1301 4240 et
1312 4184 1386 4260 oleo,
1399 4184 1463 4260 qui·

253 4257 309 4314 bus
323 4256 352 4312 in
366 4275 456 4332 regno
471 4257 570 4333 gloriae
584 4279 642 4317 non
656 4259 711 4319 erit
724 4280 805 4337 opus.
848 4260 909 4318 Nee
923 4279 1040 4319 neeesse
1054 4268 1107 4336 est,
1122 4269 1155 4320 ut
1176 4261 1256 4320 Deus
1270 4271 1352 4322 curet
1364 4283 1402 4323 ne
1416 4283 1462 4323 re·

253 4335 389 4394 cedemus
403 4336 439 4393 ab
454 4335 524 4412 ipse,
541 4338 758 4414 ubiperieulum
780 4339 900 4413 nullum,
925 4339 1023 4398 nullus
1047 4348 1149 4414 metus,
1172 4349 1201 4399 et
1224 4359 1261 4400 ne
1281 4343 1463 4418 possibilitas

251 4413 368 4492 quidem
383 4416 443 4473 nlla
456 4415 609 4475 recedendi
620 4423 681 4492 est;
702 4419 753 4478 ubi
766 4437 911 4495 proposse
935 4439 991 4477 noa
1011 4439 1139 4495 peccare,
1164 4420 1243 4496 quod
1266 4421 1297 4478 in
1318 4421 1462 4482 Paradiso

250 4493 313 4628 prit,
329 4495 427 4630 etrittin
442 4503 579 4630 aepcpnum
593 4517 649 4556 non
658 4517 875 4573 persepeccarc,
891 4497 940 4573 qui
950 4499 1012 4575 jam
1027 4499 1207 4577 Angelorum
1228 4500 1388 4561 electorum
1401 4511 1462 4563 sta-

263 4591 297 4629 us
311 4593 342 4630 es
366 4593 382 4630 c
409 4593 463 4630 con
484 4593 544 4632 110.

242 4659 250 4676 ·
292 4649 363 4706 XV.
388 4650 437 4709 Ad
451 4651 520 4709 Joh.
536 4673 565 4708 x.
582 4656 629 4711 28.
655 4653 827 4714 “Christum
852 4657 1027 4734 promittere,
1056 4658 1133 4735 quod
1159 4661 1296 4720 nemosit
1322 4651 1473 4742 rapturus,
