3108 5198
97 403 202 453 estrees.
219 381 262 464 x.]
582 399 621 438 na
636 399 713 440 nece
730 399 788 439 oar.
1250 385 1287 441 57

21 583 22 596 .
96 551 175 621 patet,
190 541 271 620 quod
285 539 370 599 nulla
382 538 454 598 foret
466 538 521 598 hoc
535 538 706 616 prohibendi
720 539 885 614 necessitas,
901 540 969 618 quia
982 557 1067 598 nemo
1081 539 1123 598 ita
1136 548 1181 600 est
1194 540 1292 601 fatuus

96 633 121 682 et
133 624 260 697 insanus,
276 629 312 680 ut
325 639 377 698 per
395 619 558 697 symbolum
572 619 689 695 aliquod
703 628 854 678 externum
875 628 905 679 et
919 639 1096 699 corporeum,
1112 619 1291 698 spiritualem

21 739 22 750 .
96 705 180 779 ipsam
195 702 253 760 Dei
266 699 423 759 essentiam
438 707 643 776 repraesentare
658 699 750 758 velit:
772 699 837 758 Imo
851 699 876 759 si
890 708 1022 760 accurate
1036 708 1066 759 et
1086 699 1291 777 Philosophiae

96 781 169 859 loqui
182 781 330 854 volumus,
346 797 383 838 ne
401 778 520 837 minima
533 777 650 855 quidem
671 787 809 838 creaturae
823 781 949 840 essentie
969 788 1065 857 potest
1085 780 1216 857 exprimi,
1239 779 1291 838 sed

95 871 199 920 tentum
214 869 337 920 externa
350 859 533 918 lineamenta.
555 861 584 917 2.
599 858 658 916 Vel
671 859 765 916 notari
779 867 891 920 tanturn
906 860 1054 937 Imagines
1064 858 1201 919 falsorum
1214 860 1290 918 Deo-

95 961 170 1016 rum;
191 939 313 1018 quiade
329 940 392 998 Deo
413 958 472 996 non
491 936 723 1015 representando
743 957 795 1014 per
815 939 910 1015 ipsum
931 940 1044 997 Mosam
1058 940 1219 998 luculenter
1239 959 1290 998 ex-

96 1022 215 1098 ponitur,
232 1020 321 1078 Dent
336 1019 377 1077 iv.
394 1022 440 1094 12,
463 1017 521 1076 imo
534 1026 564 1076 et
579 1017 659 1076 Deus
672 1018 734 1093 ipse
748 1019 875 1094 optimus
897 1019 986 1096 Legis
1001 1038 1060 1077 sue
1074 1019 1215 1096 interpres
1236 1020 1291 1077 hoe

97 1101 183 1159 innuit
197 1100 256 1158 Ias.
271 1099 313 1157 xl.
338 1100 385 1158 18.
428 1097 507 1156 Hinc
528 1096 666 1156 Isra'elitae
689 1097 783 1156 Deum
797 1097 924 1175 imagine
937 1098 1023 1156 vituli
1043 1107 1290 1175 repraesentantes,

96 1179 218 1256 graviter
230 1177 398 1257 reprehensi
412 1185 441 1236 et
454 1175 548 1254 puniti
562 1184 637 1250 sunt,
651 1176 746 1235 Exod.
761 1177 855 1236 xxxii.
897 1178 937 1237 Et
951 1176 998 1235 Pii
1012 1178 1110 1254 Reges
1123 1198 1181 1236 non
1195 1179 1292 1237 minus

95 1259 258 1318 Judeornm
273 1277 361 1335 quam
376 1257 566 1315 Ethuicorum
586 1254 665 1314 idola
685 1256 871 1334 sustulerunt,
887 1257 962 1318 sicut
981 1257 1088 1334 populo
1109 1277 1162 1316 suo
1182 1265 1292 1317 uuum-

97 1358 146 1416 que
159 1338 297 1416 proecepit
311 1337 402 1412 Deus,
423 1343 458 1395 ut
477 1344 507 1394 et
526 1335 629 1394 altaria
648 1335 854 1395 Cananoeorum
874 1337 1069 1412 demoliretur,
1091 1344 1201 1396 statues
1214 1337 1292 1396 fran-

97 1427 179 1494 geret,
194 1426 225 1477 et
239 1415 435 1475 Deosfirsiles
449 1415 577 1474 sibinen
591 1414 706 1490 faceret,
722 1415 817 1476 Exod.
832 1417 936 1475 xxxiv.
954 1419 999 1492 13,
1017 1421 1064 1475 17.

415 1495 471 1554 VI.
494 1494 568 1569 Quia
582 1495 663 1553 Deus
676 1502 775 1572 utpote
789 1494 888 1577 ἔπιςκ
902 1503 931 1556 et
944 1495 1047 1578 stipem
1067 1496 1148 1555 nulla
1166 1496 1292 1574 imagine

354 1581 451 1653 potest
464 1572 679 1652 repraesenteri3
703 1575 759 1633 Isa.
771 1577 813 1634 xl.
830 1581 876 1636 la.
893 1580 911 1610 “
923 1577 976 1635 Oui
986 1576 1184 1636 assimilabitis
1196 1578 1291 1635 Deum

99 1653 200 1730 fortem
223 1663 254 1714 et
267 1673 356 1732 quarn
371 1653 618 1729 similitudinem,”
639 1654 688 1713 vel
709 1655 872 1732 imaginem,
888 1663 921 1714 ut
933 1656 1022 1716 hahet
1036 1655 1074 1714 V.
1084 1655 1132 1730 V,
1150 1658 1168 1688 “
1179 1657 1292 1732 ponetis

98 1735 165 1792 ei?'’
187 1735 251 1810 Quo
266 1734 377 1794 Paulus
396 1733 561 1811 respiciens,
584 1733 652 1792 Act.
667 1734 739 1792 xvii.
755 1737 803 1794 29.
828 1737 845 1768 “
861 1735 1019 1812 Progenies
1034 1735 1091 1793 Dei
1111 1735 1290 1812 sumsimus,

99 1833 150 1872 uon
162 1813 301 1873 debemus
316 1815 482 1873 exhumare
497 1833 566 1872 auro
580 1821 609 1872 et
623 1821 753 1889 argento,
774 1823 824 1872 aut
842 1814 941 1890 lapidi,
964 1814 1118 1890 sculpturae
1133 1813 1251 1872 artificis
1264 1823 1294 1873 et

100 1895 315 1971 excogitationis
328 1893 464 1960 hominis,
480 1893 594 1952 Numen
609 1911 672 1952 esse
688 1893 810 1951 simile.''
844 1892 930 1952 Unde
945 1893 1026 1952 Deus
1040 1893 1070 1950 in
1083 1893 1294 1970 promulganda

101 1971 172 2050 Lege
185 1973 296 2032 nullam
311 1973 358 2032 sui
380 1971 597 2032 similitudinem
612 1972 749 2031 exhibere
770 1972 872 2047 voluit,
895 1981 929 2031 ut
941 1972 1065 2050 populus
1086 1972 1122 2030 ab
1137 1973 1217 2030 omni
1230 1974 1294 2050 ejus

100 2051 216 2129 imagine
237 2053 294 2111 sibi
315 2052 517 2111 abstinendum
540 2071 604 2110 esse
628 2059 765 2129 tanquam
787 2072 818 2110 re
843 2051 952 2128 illicita,
978 2053 1037 2111 imo
1062 2061 1090 2111 et
1112 2052 1293 2129 impossibili,

100 2131 275 2209 intelligeret,
307 2132 396 2192 Dent.
424 2131 464 2190 iv.
495 2133 541 2190 15.
576 2134 593 2164 “
615 2131 796 2208 Quapropter
823 2131 963 2191 cavebitis
987 2131 1071 2191 vobis
1099 2132 1171 2209 ipsis
1198 2132 1293 2209 valde,

100 2229 164 2268 nam
184 2231 239 2270 non
267 2210 514 2270 animadvertistis
535 2210 625 2270 ullam
655 2210 880 2286 similitudinem,
906 2231 964 2288 quo
989 2210 1036 2270 die
1060 2211 1226 2288 alloquutus
1250 2222 1295 2273 est

102 2309 151 2348 ros
174 2291 316 2367 Jehova,’'
342 2289 408 2368 tro,
442 2291 460 2322 “
473 2299 507 2349 nt
530 2309 588 2348 non
610 2291 798 2367 corrumpatis
818 2310 880 2367 vos,
905 2299 937 2350 ut
956 2291 1069 2350 feomtis
1092 2291 1177 2350 vohis
1198 2293 1294 2369 sculp-

102 2369 159 2444 tile,
179 2371 394 2430 n'militodinem
418 2369 507 2429 ullius
531 2369 705 2444 simulachri,
729 2369 849 2428 formam
873 2371 961 2430 maris
985 2379 1035 2430 aut
1058 2369 1213 2446 foeminae,''
1238 2369 1293 2430 dre.

104 2447 183 2522 Quod
207 2450 369 2528 Apostolus
393 2449 423 2507 in
452 2449 618 2509 Gentilibus
642 2449 741 2527 carpit,
772 2451 856 2509 Rom.
884 2449 903 2509 i.
929 2453 977 2509 23.
1022 2453 1039 2482 “
1063 2450 1119 2524 Qui
1147 2459 1295 2511 mutarunt

104 2528 217 2603 gloriam
241 2529 471 2607 incorruptibilis
500 2529 555 2587 Dei
578 2529 609 2586 in
635 2528 813 2589 efformatam
837 2530 992 2607 imaginem
1021 2529 1216 2608 corruptibilis
1243 2530 1295 2588 ho-

104 2609 190 2684 minis,
219 2619 247 2669 et
273 2609 447 2683 volucrium,
470 2616 500 2667 et
528 2607 755 2686 quadrupedum,
785 2617 815 2668 et
842 2609 1018 2687 reptilium.’'
1061 2609 1231 2686 Quanquam
1258 2629 1295 2668 ne

104 2686 152 2746 hoc
178 2689 293 2766 quidem
313 2688 400 2748 latuit
427 2687 523 2746 varios
547 2708 585 2746 ex
612 2687 684 2764 ipsis
712 2688 852 2764 Ethnieis,
874 2690 925 2766 qui
952 2688 1033 2748 nefas
1061 2707 1124 2748 esse
1151 2688 1297 2750 ducebant

106 2765 209 2828 Numen
234 2769 296 2828 ulla
320 2767 447 2846 imagine
470 2775 677 2844 repraesentare
700 2768 787 2827 velle.
829 2767 976 2829 Plutarch.
1001 2769 1032 2826 in
1056 2768 1171 2828 Numa:
1203 2771 1221 2802 “
1237 2769 1295 2828 Hic

105 2849 220 2924 autem,”
235 2849 348 2908 seilicet
362 2847 467 2922 Numa,
491 2849 509 2880 “
522 2845 617 2906 vetuit
630 2847 786 2925 imaginem
806 2847 933 2925 aliquam
953 2848 1018 2923 Dei,
1040 2847 1151 2905 homini
1170 2855 1221 2906 aut
1242 2849 1297 2906 ulli

106 2926 212 2986 animali
232 2927 375 2986 similem:
404 2945 500 3003 neque
521 2935 588 2986 ente
609 2935 670 2986 erat
690 2927 768 3005 apud
788 2927 855 2986 illos
876 2935 926 2985 aut
947 2925 1080 3003 sculptile
1108 2927 1226 3002 aliquod
1246 2935 1297 2986 aut

105 3003 186 3064 fictile
199 3007 253 3066 Dei
266 3015 518 3084 repreasentamen.
559 3006 670 3065 Verum
690 3007 760 3066 totis
777 3006 835 3065 illis
851 3008 909 3064 160
920 3006 1190 3083 qui-praecesserant
1204 3006 1296 3080 annis,

107 3085 208 3161 templs
219 3086 333 3164 quidem
354 3095 494 3163 perpetuo
508 3085 698 3161 aedificabant,
714 3105 748 3144 ee
762 3085 880 3161 tuguria
898 3103 987 3158 sacra,
1004 3083 1066 3141 sive
1080 3082 1194 3157 sacella,
1210 3084 1296 3162 erigi-

108 3161 192 3222 bsnt:
210 3165 317 3224 nullum
330 3175 428 3226 sutem
442 3184 610 3242 corporeum
631 3165 836 3224 simulachrum
851 3162 1002 3238 faciehant,
1024 3181 1082 3221 non
1096 3170 1227 3221 sanctum
1242 3163 1297 3222 sci·

108 3239 174 3300 licet
180 3243 332 3320 judicando
340 3245 462 3304 meliore
472 3244 630 3302 assimilare
644 3244 801 3321 pejoribus,
817 3263 871 3302 nec
886 3244 981 3301 Deum
995 3241 1079 3300 aliter
1086 3262 1140 3302 nos
1154 3243 1296 3320 attingere

108 3341 185 3397 posse
198 3344 281 3402 quam
296 3325 359 3384 sola
378 3324 504 3383 mente.’'
549 3323 597 3381 Sic
618 3322 810 3401 Antiphanes,
833 3322 869 3382 de
891 3323 963 3397 Deo,
981 3325 999 3355 “
1011 3321 1091 3381 Deus
1112 3341 1150 3381 ax
1170 3323 1296 3400 imagine

107 3419 159 3459 non
172 3402 357 3480 dignoscitur,
379 3403 471 3462 oculis
492 3423 550 3460 non
571 3403 706 3477 cernitur,
727 3402 801 3462 nulli
816 3402 918 3462 similis
932 3410 984 3476 est,
1000 3421 1088 3478 quere
1109 3421 1194 3462 nemo
1214 3403 1297 3464 illum

108 3499 140 3538 ex
153 3481 274 3560 imagine
288 3483 400 3542 discam
413 3483 538 3560 potest”
568 3482 607 3540 Et
621 3483 798 3556 Herodotus,
812 3483 863 3541 lib.
878 3482 907 3556 i.,
921 3483 939 3515 ‘⁴
955 3482 1080 3556 Persae,'’
1095 3481 1197 3558 inquit,
1215 3485 1233 3516 “
1244 3503 1297 3542 nee

108 3569 208 3620 statuas
226 3563 337 3623 hahent
356 3581 411 3621 nec
431 3581 504 3636 eras,
527 3569 556 3620 et
575 3561 638 3620 haec
659 3561 797 3620 lenientes
817 3561 934 3620 insanos
954 3561 1153 3638 putantquod
1174 3581 1232 3621 non
1252 3561 1298 3641 (nt

108 3637 205 3722 Grani)
220 3643 349 3702 cendant
362 3642 442 3700 Deos
456 3661 493 3700 ex
507 3640 672 3700 hominibus
687 3641 794 3700 ortos.’'

106 3755 193 3807 aqu„
203 3760 340 3804 eumidolo-
401 3720 476 3780 VlI.
486 3721 594 3813 Tertio,
608 3719 682 3794 Quia
692 3720 722 3813 id
736 3740 754 3779 a
766 3719 839 3780 locis
850 3719 939 3812 sacris
954 3718 1055 3812 abesse
1069 3719 1249 3812 debetquod
1260 3720 1298 3779 ad

131 3815 340 3932 ...tum
358 3799 806 3957 ttthttthh‘ttgtt
819 3799 1298 3937 &hillidiiliilllhh

106 3976 157 4017 non
169 3960 322 4036 pertinent,
338 3957 481 4036 siquidem
496 3958 576 4016 Deus
597 3977 615 4016 a
635 3959 680 4017 sui
694 3958 774 4017 cultu
787 3977 923 4035 expresse
942 3977 991 4016 eas
1005 3957 1085 4033 Lege
1099 3956 1253 4031 submovit,
1270 3963 1299 4016 et

107 4057 166 4095 oum
178 4038 348 4098 idololatriae
357 4037 582 4115 praesentissimo
593 4037 720 4114 periculo
734 4038 895 4114 conjunctae
910 4044 986 4110 sunt,
996 4035 1064 4111 qnia
1074 4034 1205 4092 homines
1216 4055 1297 4094 max-

107 4114 157 4176 ine
169 4118 282 4194 plebeii,
304 4117 343 4176 ad
354 4115 596 4194 ‘superstitionem
617 4125 720 4176 natura
739 4116 832 4193 proni,
852 4115 890 4174 ad
909 4116 1020 4174 cultum
1041 4132 1138 4172 aarum
1157 4114 1221 4191 ipsa
1240 4115 1299 4174 loci

107 4197 258 4257 reverentia
272 4205 436 4272 moventem,
451 4195 630 4273 experientia
642 4204 733 4271 teste;
755 4215 822 4253 nam
836 4203 869 4254 ut
881 4195 955 4254 bene
969 4194 1102 4269 agnoscit
1121 4196 1299 4252 Brochman·

108 4295 161 4350 nro,
176 4297 199 4334 c.
214 4277 264 4335 vii.
278 4277 316 4336 de
331 4277 414 4353 Lege
427 4293 456 4352 q.
468 4277 493 4350 1,
505 4277 524 4309 “
534 4275 645 4352 qumvis
658 4275 755 4353 potius
769 4275 910 4351 imagines
924 4272 1106 4332 semovendae
1121 4281 1196 4347 sunt,
1212 4291 1299 4349 quam

108 4361 137 4410 ut
148 4365 272 4432 prostare
286 4356 418 4415 sinamus
439 4355 533 4413 cultus
553 4355 683 4432 religiosi
696 4373 784 4414 causa
804 4361 903 4412 contra
921 4371 1090 4429 expressum
1105 4351 1162 4408 Dei
1180 4348 1298 4408 manda-

111 4435 191 4492 tum.”
221 4435 343 4496 Frustra
357 4434 406 4493 hic
419 4434 569 4510 regentur,
585 4434 731 4511 prohiberi
744 4431 861 4509 quidem
876 4432 1054 4491 ocmsionem
1067 4428 1178 4508 peceati
1192 4445 1244 4502 por
1258 4445 1297 4500 sc,

109 4529 161 4570 non
178 4513 243 4574 item
257 4535 322 4576 eam
337 4533 404 4592 qnae
418 4521 463 4572 est
475 4532 527 4589 per
548 4513 699 4572 accidens:
727 4513 799 4572 alias
815 4511 912 4571 Solem
932 4531 948 4569 e
967 4509 1041 4568 coelo
1054 4503 1214 4566 tollendum
1228 4502 1297 4578 fore,

110 4592 152 4666 qui
173 4593 329 4654 innumeris
352 4592 533 4652 occasionem
549 4591 727 4652 Idololatria
740 4591 884 4670 praebuit:
906 4590 1027 4648 abusum
1048 4603 1118 4659 ergo
1138 4579 1299 4640 tollendum

109 4688 173 4746 esse,
188 4673 238 4733 sed
257 4693 317 4733 non
338 4672 504 4750 legitimum
518 4691 615 4731 aarum
629 4691 723 4732 usum.
766 4671 840 4729 Nam
862 4669 969 4728 abusus
982 4661 1099 4742 quidem
1120 4678 1178 4718 non
1198 4658 1300 4718 tollere

97 1547 116 1592 2.
128 1549 164 1595 lix
179 1549 225 1596 Dei
235 1555 334 1594 natura.
