3186 5210
213 321 272 382 562
617 332 713 376 rocus
727 332 860 374 oremus
874 332 995 373 sexsus.
1247 311 1376 395 [ouasr.
1391 331 1425 376 ιι.

215 479 336 548 amicus,
351 483 387 534 ut
400 475 438 534 sit
452 477 546 534 haeres
563 475 728 534 secundum
738 493 819 552 spem
833 475 903 532 vita
914 473 1063 544 aetemae,”
1078 472 1129 528 dic.
1143 469 1184 530 Et
1197 479 1317 548 postea:
1340 479 1358 507 “
1369 473 1429 530 De·

215 576 299 615 mum
313 555 402 613 unica
414 554 550 612 formalis
563 572 654 613 cause
666 561 720 624 est,
734 553 756 612 J
758 553 860 612 ustitia
881 553 947 622 Dei,
961 569 1021 610 non
1040 569 1101 626 qua
1114 550 1177 627 ipsc
1192 551 1295 625 justus
1308 558 1362 622 est,
1377 553 1429 608 aed

216 654 278 711 qua
288 653 343 692 noa
353 633 452 708 justos
462 633 535 691 facit
546 655 554 704 ;
566 651 628 708 qua
637 632 776 690 videlicet
786 634 824 689 ab
833 650 869 689 eo
879 630 992 700 donati,
1004 647 1185 688 renovamur
1196 629 1312 704 Spiritu
1320 629 1430 688 mentis

216 721 337 782 nostrae,
352 719 382 770 et
401 729 463 769 non
487 713 578 770 modo
591 717 775 786 reputamur,
801 711 852 769 sed
867 728 935 767 vere
952 708 1027 783 justi
1041 707 1240 766 -nominamur
1261 717 1292 766 et
1315 727 1428 778 sumus,

213 790 364 866 justitiam
377 789 408 848 in
430 789 516 848 nobis
537 789 718 863 recipientes,
734 789 939 864 unusquisque
953 805 1039 846 suam
1061 787 1226 844 secundum
1248 803 1431 856 mancinum,

218 887 311 946 quam
328 869 456 944 Spiritus
468 868 596 928 Sanctus
609 866 737 940 partitur
750 866 885 941 singulis,
900 873 990 942 prout
1003 867 1078 935 vult,
1093 871 1124 922 et
1136 867 1302 922 secundum
1316 865 1432 941 propri-

218 966 268 1007 am
282 948 427 1023 cujusque
441 945 667 1022 dispositionem
680 951 711 1001 et
723 945 992 1020 cooperationem.”
1034 942 1075 1000 llt
1090 941 1202 1002 Canon.
1216 944 1271 1002 11:
1286 944 1432 1018 “Siquis

219 1027 329 1084 dixerit
342 1024 477 1084 homines
486 1023 644 1098 justificari
657 1023 707 1080 vel
721 1023 786 1081 sola
804 1023 1004 1099 imputatione
1019 1021 1147 1097 justitiae
1163 1020 1283 1094 Christi,
1297 1024 1347 1080 vel
1367 1022 1433 1080 acle

218 1111 409 1181 peccatorum
422 1101 604 1172 remissione,
618 1101 739 1160 exclusa
752 1102 858 1176 gratia,
873 1109 903 1160 et
916 1100 1069 1171 charitate,
1083 1119 1152 1176 quaa
1170 1100 1203 1156 in
1216 1101 1358 1159 cordibus
1381 1119 1432 1158 eo·

219 1201 288 1239 rum
301 1199 354 1258 per
369 1179 513 1256 Spiritum
534 1179 564 1241 S.
579 1179 767 1238 diffundatur
777 1187 867 1256 atque
884 1180 944 1238 illis
964 1179 1117 1248 inhaereat,
1131 1179 1290 1236 autetiam
1302 1178 1432 1254 gratim

220 1279 282 1336 qua
290 1259 490 1334 justificamur
503 1277 566 1318 esse
579 1265 698 1318 tantum
717 1259 852 1318 favorem
873 1259 939 1330 Dei,
955 1258 1128 1315 Anathema
1151 1257 1217 1316 sit.’'
1260 1257 1308 1316 Ex
1322 1258 1433 1333 quibus

220 1345 303 1414 patet
325 1336 493 1396 Concilium
506 1339 584 1396 velle
599 1337 750 1413 justitiam
770 1337 964 1396 inhaerentem
984 1354 1046 1394 ease
1060 1353 1180 1394 causam
1199 1342 1320 1410 propter
1339 1354 1433 1410 quam

217 1417 426 1493 jrutiiicamur.
467 1415 533 1476 Nec
545 1417 656 1474 morari
670 1433 726 1474 nos
739 1416 835 1487 debet,
849 1417 931 1491 quod
950 1414 994 1472 ibi
1013 1414 1195 1488 distinguere
1216 1415 1336 1473 videtur
1354 1415 1434 1471 inter

220 1517 336 1556 musam
342 1498 506 1572 somnolem,
521 1503 551 1554 et
564 1496 762 1568 meritoriam
783 1495 871 1552 iatam
884 1494 1008 1570 quidem
1021 1510 1083 1550 esse
1099 1491 1259 1564 Christum,
1275 1495 1327 1551 sed
1347 1493 1432 1550 illam

217 1575 369 1652 justitiam
381 1574 520 1634 infusam.
564 1575 645 1643 Quia
658 1593 727 1632 oum
741 1581 848 1648 agatru
861 1575 898 1631 de
908 1571 1121 1648 justificatione
1135 1589 1235 1630 coram
1254 1571 1328 1642 Dec,
1342 1589 1435 1629 causa

221 1655 359 1714 formalis
367 1673 428 1712 non
439 1661 538 1728 potest
548 1652 692 1727 distingui
705 1670 724 1709 a
733 1651 894 1723 meritoria,
904 1651 1044 1725 quiahoc
1053 1657 1189 1726 respectu
1199 1649 1437 1708 causafcrmalia

222 1735 299 1792 nihil
313 1733 397 1792 aliud
411 1739 464 1804 est,
479 1751 570 1807 quam
583 1731 661 1790 illud
678 1731 718 1788 ad
731 1731 817 1806 cujus
831 1735 1022 1806 conspectum
1036 1727 1120 1786 Deus
1139 1728 1365 1787 adamnaticne
1379 1746 1437 1785 nos

221 1811 337 1884 liberat,
352 1817 382 1870 et
396 1812 436 1870 ad
449 1810 543 1868 vitam
557 1816 700 1868 oeternam
713 1816 855 1885 acceptat.

263 1891 323 1948 VI.
347 1889 517 1958 Orthodoxi
529 1907 602 1947 vero
616 1888 705 1962 longe
719 1889 806 1946 aliter
820 1887 961 1946 sentiunt.
1004 1886 1151 1956 Quamvis
1161 1887 1241 1944 enim
1252 1903 1313 1945 non
1324 1892 1440 1962 negent

219 1968 372 2044 justitiam
385 1969 581 2026 mhaeoentem
596 1965 706 2026 Christi
730 1966 835 2024 merito
855 1966 943 2024 nobis
962 1964 1138 2042 acquisitam
1158 1983 1228 2036 esse,
1243 1972 1274 2023 et
1295 1984 1348 2041 per
1369 1965 1439 2040 ejus

223 2048 351 2123 gretiam
365 2047 451 2104 nobis
465 2045 601 2116 conferri,
617 2046 660 2103 ita
680 2053 715 2103 ut
728 2063 781 2120 per
794 2063 861 2103 eam
874 2063 943 2102 rere
960 2045 1035 2120 justi
1055 2051 1086 2102 et
1103 2042 1198 2102 sancti
1217 2043 1320 2116 simiis,
1334 2050 1365 2102 et
1385 2045 1439 2102 de·

223 2126 374 2184 nominari
384 2125 551 2201 possimus;
576 2122 699 2198 Negant
718 2131 819 2182 tamen
838 2123 954 2198 ingredi
973 2124 1038 2182 ulle
1050 2121 1165 2179 ratione
1182 2122 1438 2197 justificationem,

223 2205 273 2262 vel
286 2211 433 2280 tanquam
446 2221 578 2274 oausam,
594 2203 641 2260 vel
654 2210 798 2278 tanquam
808 2209 933 2278 partem,
944 2207 980 2260 ut
997 2201 1029 2258 in
1042 2219 1079 2258 ea
1087 2200 1261 2274 justificatio
1280 2201 1378 2276 posita
1392 2201 1439 2258 di-

225 2289 320 2352 catur,
335 2290 366 2338 et
379 2299 432 2356 per
445 2287 475 2338 et
488 2289 608 2355 propter
622 2299 688 2338 eam
702 2280 981 2355 homojustificetur
993 2297 1096 2338 coram
1109 2277 1175 2336 Dec
1188 2301 1195 2349 ;
1216 2281 1311 2338 solam
1325 2280 1440 2354 quippe

221 2358 371 2433 justitiam
387 2357 497 2416 Christi
510 2358 597 2416 nobis
609 2359 788 2432 imputatam
800 2377 864 2417 ease
881 2358 1113 2417 fundamentum
1126 2363 1157 2415 et
1176 2375 1296 2416 causam
1316 2357 1440 2416 meritc-

224 2436 308 2506 riam,
324 2453 383 2511 qua
396 2435 505 2492 nititur
519 2435 665 2493 sententia
678 2443 781 2494 nostra
793 2436 986 2509 absolutoria,
998 2443 1033 2494 ut
1046 2452 1107 2494 non
1121 2443 1244 2512 propter
1256 2435 1340 2494 aliud
1354 2436 1441 2495 Deua

224 2513 429 2574 remissionem
448 2518 638 2588 peecatorum
658 2519 689 2571 et
703 2514 755 2588 jus
779 2515 927 2572 advitam
946 2515 1083 2590 largitur,
1097 2532 1189 2588 quam
1209 2521 1331 2590 propter
1346 2515 1440 2588 justi·

225 2594 300 2652 tiam
313 2591 557 2668 perfectissimam
572 2589 682 2649 Christi
695 2592 782 2650 nobis
796 2591 985 2666 imputatam,
1000 2599 1031 2652 et
1043 2611 1097 2668 per
1109 2593 1199 2651 fidem
1212 2593 1438 2669 apprehensam

227 2671 320 2732 Unde
339 2669 426 2730 facile
440 2669 602 2745 colligitur,
623 2688 735 2728 meram
756 2671 884 2728 hicnon
904 2689 967 2730 esse
988 2671 1216 2746 logomachiam,
1241 2678 1277 2729 ut
1297 2673 1440 2729 nonnulli

226 2768 382 2827 perperam
407 2749 463 2808 sibi
484 2749 611 2823 fingunt,
636 2750 688 2807 sed
712 2748 946 2808 controversiam
965 2750 1096 2808 maxime
1119 2751 1241 2821 realem,
1261 2756 1292 2808 et
1315 2751 1440 2826 quidem

226 2829 305 2888 tanti
318 2829 471 2900 momenti,
492 2827 572 2885 utin
589 2845 626 2886 ea
638 2829 676 2886 de
689 2827 840 2904 precipuo
853 2828 958 2888 salutis
978 2834 1088 2886 nostrie
1101 2835 1210 2902 agatur
1229 2827 1440 2899 fundamento,

228 2926 289 2984 quo
303 2908 429 2966 subruto
442 2906 491 2966 vel
505 2905 685 2965 labefactata
709 2925 829 2965 omnem
848 2908 989 2966 fiduciam
1008 2913 1039 2964 et
1051 2907 1287 2965 consolationem
1306 2913 1441 2966 nostram

228 2993 259 3046 et
272 2986 304 3042 in
315 2985 379 3044 vita
392 2985 466 3044 etin
480 2990 578 3042 morte
591 2985 687 3060 perire
700 3003 818 3044 necesse
831 2992 884 3044 est.

271 3063 352 3123 VII.
374 3063 443 3123 Hoc
453 3081 524 3122 vero
540 3063 650 3122 clarius
664 3069 755 3140 patet,
769 3083 865 3138 quum
878 3064 909 3122 in
920 3083 985 3123 rem
997 3065 1093 3140 ipsam
1106 3071 1232 3124 ventum
1245 3069 1299 3135 est,
1313 3083 1369 3123 nec
1388 3064 1442 3121 fri·

228 3144 298 3219 gide
311 3149 342 3202 et
352 3149 437 3202 extra
444 3147 593 3200 certamen
603 3142 635 3199 in
644 3144 752 3200 umbra
760 3149 791 3201 et
801 3144 924 3218 pulvere
935 3143 1111 3202 scholastico
1119 3149 1265 3218 tanquam
1275 3143 1442 3218 exlongin-

228 3241 290 3298 quo
304 3221 506 3280 controversia
518 3221 659 3295 agitatur,
681 3221 732 3279 sed
746 3222 778 3280 in
804 3222 887 3280 lucta
899 3228 930 3280 et
948 3239 1054 3296 agone,
1065 3221 1118 3279 ubi
1128 3221 1307 3280 conscientia
1328 3221 1443 3279 sistitur

229 3319 331 3361 coram
355 3300 430 3372 Dec,
445 3305 476 3358 et
498 3299 611 3374 peccati
625 3307 655 3357 et
674 3299 800 3374 justitiae
822 3299 932 3358 divinae
957 3319 1044 3358 sensu
1065 3300 1169 3359 territa
1182 3300 1292 3376 quoerit
1315 3301 1443 3358 modum

229 3378 328 3436 standi
349 3378 382 3434 in
401 3377 528 3452 judicio,
549 3382 580 3434 et
599 3377 736 3452 fugiendi
759 3377 836 3436 iram
858 3385 1026 3438 venturam.
1068 3377 1169 3437 Facile
1193 3380 1315 3455 quidem
1339 3377 1442 3436 estin

232 3455 409 3515 scholarum
423 3455 530 3512 umbre
544 3455 582 3512 de
595 3455 768 3514 inhaerentis
777 3456 903 3531 justitiae
917 3462 949 3514 et
966 3473 1091 3532 operum
1104 3457 1251 3532 dignitate
1274 3459 1312 3515 ad
1330 3457 1444 3532 justifi-

230 3533 342 3592 candos
349 3532 485 3590 homines
495 3533 724 3606 multagerrire3
736 3536 787 3592 sed
797 3535 848 3592 ubi
857 3535 1086 3612 inconspectum
1097 3535 1283 3594 Deiventum
1292 3535 1444 3608 estfaoes·

231 3617 300 3670 sant
313 3609 387 3668 talia
399 3617 583 3683 nugamenta
596 3619 721 3686 oportet,
736 3613 808 3687 quia
821 3631 867 3672 ree
880 3613 943 3672 illic
956 3614 1056 3688 agitur
1069 3614 1154 3684 serio,
1167 3633 1229 3672 non
1247 3615 1363 3673 ludicra
1374 3633 1443 3683 am

231 3697 315 3760 μχίι
333 3693 495 3746 exercetur.
545 3687 617 3746 Huc
631 3689 753 3748 omnino
779 3692 938 3750 attollendi
961 3700 1032 3751 sunt
1056 3691 1185 3764 oculi,si
1208 3693 1350 3751 volumus
1373 3713 1445 3752 cum

230 3768 332 3827 fructu
344 3766 495 3842 inquirere
509 3767 546 3824 de
559 3784 632 3824 vera
641 3767 768 3841 justitia,
783 3772 936 3845 quomodo
950 3771 1061 3829 coelesti
1076 3769 1099 3829 J
1101 3771 1181 3829 udici
1200 3772 1444 3847 respondeamus,

232 3867 327 3923 quum
340 3865 395 3906 nos
409 3845 448 3904 ad
462 3845 609 3903 rationem
622 3847 781 3905 vocaverit.
817 3847 896 3908 Sane
909 3850 983 3908 dum
996 3849 1028 3906 in
1038 3849 1210 3906 hominibus
1221 3850 1355 3908 subsistit
1364 3869 1445 3909 com-

231 3925 490 4004 paratio,quisque
498 3923 608 3981 habere
616 3930 711 3998 putat,
721 3927 802 4000 quod
812 3927 941 4002 alicujus
949 3927 987 3985 sit
996 3927 1084 4002 pretii
1095 3934 1125 3985 et
1133 3928 1250 3987 valoris.
1273 3927 1332 3988 Sed
1341 3929 1394 3986 ubi
1404 3929 1445 3987 ed

232 4008 349 4064 coeleste
360 4004 503 4064 Tribunsl
514 4003 706 4078 assmgimua,
716 4011 746 4063 et
754 4023 906 4064 summum
918 4005 1007 4064 illum
1017 4004 1039 4064 J
1042 4005 1159 4064 udicem
1172 4007 1258 4065 nobis
1278 4008 1317 4065 cb
1341 4008 1447 4065 oculos

232 4084 382 4159 ponimus,
391 4101 452 4141 non
462 4083 584 4160 qualem
597 4081 766 4142 intellectus
776 4084 870 4143 nostri
879 4090 984 4159 sponte
992 4084 1205 4159 imaginantur,
1214 4087 1265 4144 sed
1274 4085 1329 4160 qni
1336 4085 1446 4144 descri-

232 4162 314 4220 bitur
326 4163 412 4220 nobis
422 4161 455 4218 in
474 4159 637 4236 Scriptura,
647 4161 733 4236 cujus
744 4162 855 4222 scilicet
866 4161 985 4236 fulgore
996 4163 1229 4221 obtenebrantur
1237 4165 1341 4233 stellae,
1356 4165 1446 4239 cnjus

232 4241 339 4298 robore
347 4240 508 4314 liquefiunt
515 4246 640 4310 montes,
649 4240 736 4315 cujus
746 4241 792 4299 ira
801 4248 880 4300 terra
888 4241 1065 4312 concutitur,
1078 4241 1164 4316 cnjus
1177 4242 1308 4301 ierendoe
1318 4242 1447 4317 justitia

233 4317 558 4392 necAngeliipsiperes
567 4319 866 4394 sunt,quinocentem
874 4337 935 4376 non
940 4319 1213 4392 secitinnocentem,
1219 4321 1307 4396 eujus
1313 4320 1448 4379 vindicta

234 4414 330 4472 quum
343 4395 436 4454 semel
448 4413 572 4456 accensa
582 4403 627 4454 est
636 4403 774 4472 penetrat
784 4415 878 4472 usque
886 4397 925 4454 ad
938 4396 1049 4455 inferni
1061 4397 1241 4470 novissima;
1263 4399 1343 4458 Tum
1364 4399 1446 4458 dicto

234 4475 321 4534 citius
334 4473 412 4548 perit
425 4479 456 4530 et
469 4475 582 4532 corruit
594 4493 674 4533 vena
683 4475 841 4534 hominum
853 4474 971 4548 flduua,
986 4483 1017 4533 et
1026 4476 1144 4551 cogitur
1157 4478 1348 4549 conscientia,
1363 4477 1447 4552 quic-

234 4553 309 4627 quid
322 4557 412 4610 antea
424 4552 461 4609 de
475 4551 598 4628 propria
606 4553 726 4626 justitia
744 4552 925 4628 gloriaretur
938 4554 1053 4612 tumide
1067 4573 1168 4614 coram
1188 4556 1372 4627 hominibus,
1395 4557 1448 4614 de·

234 4629 352 4702 precari
363 4629 522 4706 judicium,
546 4636 577 4689 et
590 4629 677 4690 fateri
697 4630 773 4690 nihil
794 4631 903 4692 habere
917 4651 957 4706 ae,
978 4652 1039 4709 quo
1054 4633 1215 4694 subdatere
1238 4634 1333 4711 possit
1345 4653 1447 4694 eoram
