3202 5194
274 366 313 425 92
745 373 836 414 rocus
850 373 1030 415 uunncruus.
1273 353 1402 438 [eumer.
1416 377 1483 419 rvr.

276 524 307 582 in
317 519 517 581 reformatione
532 536 584 576 sua
597 515 720 591 abolere,
736 533 772 573 ne
786 513 857 592 qnid
871 513 1050 592 contagionis
1064 515 1275 592 contraherent,
1296 517 1347 576 sed
1362 526 1394 577 ut
1407 518 1484 596 pari-

274 603 374 662 oulum
388 621 425 659 ex
439 620 473 659 eo
489 598 610 658 sollicite
625 602 771 655 caverent.
812 595 887 652 Nam
900 594 931 652 in
945 595 1092 672 religione,
1108 595 1225 671 quando
1239 597 1288 656 vel
1301 597 1448 657 tantillum
1464 617 1482 656 a

277 683 333 741 Dei
347 680 513 758 prescripto
527 677 693 751 disceditur,
705 682 735 734 et
748 673 880 732 hominos
894 673 949 732 sibi
963 674 1073 752 aliquid
1086 674 1172 734 licere
1186 675 1290 735 volunt
1303 684 1354 736 aut
1367 685 1480 754 putant,

277 762 375 820 omnia
394 767 457 820 tuta
473 757 601 818 timenda
621 764 697 830 sunt,
720 754 862 831 siquidem
883 754 1061 831 experientia
1081 763 1258 833 compertum
1280 765 1333 832 est,
1355 777 1373 816 a
1393 777 1482 834 quem

276 841 392 918 exiguis
406 839 496 898 initiis
509 837 603 896 factus
618 836 655 895 sit
668 836 758 893 mirus
772 834 803 891 in
817 833 1049 911 superstitionem
1063 842 1093 892 et
1107 835 1306 895 Idololatriam
1325 837 1356 894 in
1366 837 1482 914 Papatu

275 939 454 1000 progressus,
477 919 553 978 circa
567 916 731 993 Imaginum
752 914 870 989 cultum,
895 915 1063 973 Sanctorum
1087 915 1312 992 Invocationem,
1335 915 1482 992 Purgato-

275 1002 359 1076 rium,
373 998 551 1059 Sacrificium
562 997 670 1070 Missae,
687 995 791 1054 Preces
804 1013 857 1071 pro
871 995 1000 1070 mortuis,
1009 991 1062 1052 &a
1070 1017 1078 1071 ;
1101 995 1144 1054 Ut
1157 995 1248 1054 satius
1258 995 1392 1054 videatur
1402 997 1482 1055 bono

275 1082 373 1157 aliquo
390 1079 455 1138 utili
479 1077 531 1136 sed
544 1078 640 1135 minus
653 1074 815 1133 necessario
836 1093 940 1151 carere,
956 1093 1043 1152 quam
1058 1093 1096 1133 ex
1109 1074 1188 1134 illius
1207 1095 1263 1135 usu
1283 1075 1429 1136 incurrere
1449 1076 1484 1134 in

277 1179 367 1237 grave
381 1157 501 1238 grandis
515 1157 638 1234 alicujus
651 1154 721 1213 mali
734 1153 905 1231 periculum.
933 1208 938 1213 .

723 1391 917 1468 Qumsrro
939 1391 1032 1452 xvr.

667 1569 709 1610 Ab
729 1569 918 1610 PRAEGEP'I'UM
938 1569 1083 1617 omuruu.

273 1715 321 1775 Aa
336 1714 407 1775 Filii
418 1733 447 1772 se
459 1733 480 1770 o
493 1714 649 1770 Parentum
657 1717 796 1786 potestate
814 1709 965 1766 subducere
981 1709 1097 1786 possint,
1113 1717 1140 1766 et
1158 1709 1217 1768 sias
1231 1729 1325 1768 eorum
1344 1729 1481 1769 eorueasu

455 1791 664 1851 austremonium
677 1789 867 1848 contrahere?
909 1788 984 1864 Neg.
999 1796 1099 1846 contra
1113 1788 1290 1848 Pontificios.

316 1955 340 2012 Ι.
363 1952 490 2027 Quaestio
504 1951 567 2009 haec
581 1956 714 2008 moretur
729 1949 804 2006 inter
817 1947 890 2004 alias
904 1945 981 2004 circa
994 1946 1033 2006 V.
1049 1946 1238 2024 Praeceptum,
1254 1947 1483 2008 dehonorandis

274 2032 456 2107 Parentibus,
472 2032 548 2088 inter
562 2029 623 2086 Nos
637 2035 666 2086 ot
681 2026 858 2101 Pontificios,
874 2025 924 2102 qui
940 2045 999 2084 non
1013 2046 1071 2084 uuo
1092 2027 1178 2084 modo
1200 2028 1380 2105 Praeceptum
1402 2028 1483 2086 istud

273 2112 457 2184 labefactant,
473 2110 542 2168 dum
557 2107 732 2184 pertendunt
747 2106 877 2179 Liberos,
891 2105 992 2164 invitis
1008 2106 1184 2183 parentibus,
1199 2126 1258 2164 non
1273 2107 1367 2165 solum
1382 2107 1482 2166 matri-

273 2191 403 2249 monium
428 2188 604 2260 contrahere,
627 2186 785 2244 sedetiam
800 2184 890 2243 vitam
910 2185 1099 2245 monasticam
1119 2187 1247 2263 profiteri
1270 2205 1365 2264 posse.
1414 2187 1482 2246 Duo

274 2289 345 2344 ergo
359 2269 407 2326 hio
418 2265 600 2326 discutienda
614 2272 691 2324 sunt.
733 2264 840 2338 Primo,
857 2262 907 2320 An
920 2263 974 2321 filii
987 2265 1087 2324 invitis
1100 2265 1270 2343 parentibus
1284 2285 1315 2325 sa
1330 2266 1367 2324 ab
1381 2285 1483 2326 eorum

273 2355 417 2427 potestate
431 2364 606 2424 quoeunque
620 2343 706 2402 modo
721 2343 882 2402 subducere
896 2344 1034 2420 possint?
1062 2345 1204 2422 Secundo,
1227 2345 1277 2403 An
1298 2346 1361 2404 siue
1382 2365 1484 2405 eorum

273 2445 417 2486 consensu
431 2424 476 2484 fas
490 2426 528 2484 sit
541 2424 612 2502 ipsis
626 2422 840 2482 matrimonium
855 2424 1045 2482 contrahere?

276 2531 401 2582 Quomodo
418 2530 520 2576 sm,
580 2503 624 2561 ΙΙ.
652 2503 694 2562 Ut
714 2503 807 2579 prima
828 2503 955 2576 Quaestio
976 2503 1089 2562 facilius
1110 2503 1301 2581 expediatur:
1333 2503 1410 2578 Quid
1429 2523 1485 2581 per

305 2589 408 2634 uorandi
430 2589 520 2635 Peren-
539 2585 673 2642 honorem
686 2605 704 2642 a
716 2583 785 2640 filiis
800 2581 972 2641 Parentibus
985 2583 1114 2642 debitum
1129 2584 1309 2661 intelligatur
1322 2582 1484 2642 videndum

305 2651 351 2695 ιω·
540 2670 592 2737 est,
607 2662 699 2721 multa
713 2663 818 2740 quippe
833 2681 867 2720 eo
882 2663 1073 2721 continentur.
1117 2667 1144 2722 1.
1158 2665 1256 2740 Amor,
1272 2683 1329 2740 quo
1343 2664 1484 2741 prosequi

274 2744 342 2804 illos
356 2741 471 2818 debent,
483 2743 567 2820 cujus
577 2741 710 2819 privatio,
720 2743 851 2821 dnogth
863 2741 937 2801 inter
950 2742 1023 2800 vitia
1031 2743 1156 2802 maxime
1167 2743 1337 2803 detestanda
1345 2763 1482 2801 numera-

276 2833 332 2898 tur,
349 2823 433 2881 Rom.
447 2823 467 2880 i.
483 2821 531 2882 31.
560 2823 634 2880 Nam
650 2823 674 2880 si
684 2822 836 2901 proximus
849 2829 894 2880 est
908 2821 1082 2898 diligendus,
1094 2823 1160 2899 quis
1174 2823 1259 2882 nobis
1273 2823 1366 2900 magis
1380 2823 1482 2900 proxi-

276 2923 350 2978 mus,
364 2921 451 2979 quam
465 2909 548 2979 peter
561 2909 591 2961 et
611 2910 711 2978 mater,
733 2902 817 2979 cujus
837 2919 891 2960 nos
912 2919 1012 2959 sumus
1033 2905 1124 2960 caro?
1153 2902 1267 2961 Deinde
1291 2903 1317 2961 si
1339 2901 1484 2961 beneficia

276 2983 360 3042 nobis
374 2981 480 3042 collata
493 2981 601 3041 debent
615 2981 788 3040 conferentis
802 2999 929 3038 amorem
942 2981 1026 3039 nobis
1040 2981 1203 3058 conciliare,
1219 3003 1236 3039 a
1256 3001 1314 3059 quo
1334 2982 1419 3060 plura
1432 2983 1484 3040 vel

275 3063 386 3139 majora
398 3061 539 3121 beneficia
552 3060 724 3139 accepimus,
740 3079 827 3138 quarn
840 3059 1047 3138 aparentibus,
1067 3080 1085 3119 a
1104 3062 1211 3138 quibus
1231 3069 1264 3120 ut
1282 3062 1484 3120 instrumentis

276 3141 384 3200 divinae
402 3141 538 3218 potentiss
559 3140 722 3217 accepimus
741 3139 881 3217 quicquid
902 3159 1001 3198 sumus
1021 3148 1051 3198 et
1070 3140 1234 3200 habemus?
1258 3145 1286 3200 2.
1301 3142 1482 3218 mesenae,

277 3240 342 3297 quse
357 3220 414 3276 illis
429 3217 558 3293 debetur,
573 3227 635 3277 tum
649 3226 766 3297 propter
787 3221 913 3297 impexis,
938 3219 1006 3295 quia
1029 3227 1097 3278 sunt
1118 3221 1288 3298 superiores,
1310 3221 1363 3278 filii
1383 3229 1485 3279 autem

276 3298 434 3371 inferiores,
449 3297 598 3355 inferiores
612 3304 708 3356 autem
723 3299 918 3374 superioribus
931 3297 1038 3357 debent
1052 3300 1198 3376 honorem,
1210 3309 1271 3360 turn
1285 3308 1403 3378 propter
1416 3301 1483 3373 ἔξω·

276 3379 331 3436 ηἰι
345 3385 374 3434 et
387 3383 559 3452 potestatam
574 3375 604 3432 in
618 3374 733 3450 liberos,
749 3395 836 3452 quam
849 3376 958 3435 habent
978 3379 1089 3438 ratione
1110 3380 1305 3456 generationis
1325 3389 1355 3439 et
1375 3379 1484 3439 educa·

231 3473 235 3482 ’
276 3455 373 3529 tionis,
389 3473 453 3530 quse
467 3462 500 3514 ut
520 3453 713 3530 maxima-est,
729 3455 771 3514 ita
793 3455 932 3514 honorem
947 3456 1122 3536 singularem
1136 3460 1282 3538 postulat,
1304 3460 1351 3519 cui
1364 3467 1398 3518 ut
1411 3459 1485 3519 abo-

274 3533 414 3593 minanda
434 3541 553 3611 peccata
575 3543 760 3610 opponuntur
780 3542 970 3613 contemptus,
994 3537 1065 3597 Ler.
1085 3559 1136 3598 xx.
1152 3543 1179 3615 9,
1204 3539 1291 3599 Dent.
1312 3538 1407 3597 xxvii.
1434 3539 1485 3616 16,

272 3614 364 3673 Pror.
379 3633 430 3672 xx.
445 3612 599 3690 20,'irrisio
610 3620 639 3672 et
650 3613 844 3690 subsannatio,
857 3615 944 3674 Prov.
958 3637 1009 3676 xv.
1025 3619 1052 3692 5,
1067 3627 1098 3678 et
1110 3639 1183 3678 xxx.
1200 3623 1247 3678 17.
1275 3623 1303 3679 3.
1318 3618 1488 3694 Obsequium

272 3703 306 3753 et
320 3693 481 3767 ohedientia,
498 3693 574 3771 Eph.
587 3692 627 3752 vi.
644 3693 670 3770 1,
687 3693 749 3754 Col.
764 3694 804 3752 iii.
825 3697 873 3770 20,
890 3695 906 3754 l
923 3696 997 3755 Tim.
1013 3697 1053 3756 iii.
1069 3701 1097 3773 4,
1113 3699 1171 3756 Tit.
1186 3699 1205 3757 i.
1222 3701 1248 3773 6,
1266 3698 1317 3758 sad
1330 3699 1382 3756 illa
1395 3695 1487 3758 debet

276 3793 340 3833 esse
354 3773 384 3832 iu
397 3773 529 3848 Domino,
544 3772 584 3833 id.
599 3773 640 3831 ita
653 3781 758 3832 utnon
772 3774 897 3834 violetur
912 3775 967 3833 Dei
987 3774 1166 3852 obsequium,
1182 3785 1212 3837 et
1227 3778 1289 3837 Deo
1304 3797 1357 3837 sua
1370 3785 1488 3837 constet

275 3852 454 3929 authoritas;
476 3873 543 3912 narn
558 3852 583 3911 si
597 3852 668 3929 quid
681 3854 856 3912 casuarium
875 3855 1071 3932 praeciperent,
1087 3863 1156 3914 tunc
1171 3865 1281 3916 eertum
1296 3865 1411 3916 estnon
1433 3855 1486 3916 de-

274 3933 338 3992 beri
352 3931 545 3992 obedientiam
560 3931 667 4008 sfiliis,
686 3935 705 3966 “
719 3933 789 4010 quia
802 3934 892 3992 satius
906 3943 951 3994 est
965 3933 1082 3994 obedire
1098 3936 1162 3994 Deo
1176 3956 1263 4013 quam
1284 3936 1485 4012 hominibus,'’

276 4011 346 4070 Act.
367 4011 407 4070 iv.
424 4012 470 4070 19.
502 4016 531 4072 4.
549 4012 711 4086 Gratitudo‚
731 4032 789 4070 non
803 4014 930 4072 verbalis
949 4021 1069 4090 tantum,
1091 4015 1143 4073 sed
1161 4024 1191 4075 et
1209 4017 1303 4090 realis,
1324 4015 1427 4076 officiis
1448 4017 1488 4074 ad

274 4091 345 4148 vitae
359 4091 595 4150 sustentationem
608 4091 778 4150 necessariis
791 4091 822 4149 in
835 4093 967 4150 omnibus
981 4113 1046 4170 quas
1057 4093 1094 4152 ab
1108 4095 1179 4172 ipsis
1192 4096 1327 4172 pendent,
1338 4115 1404 4172 quae
1418 4101 1488 4154 atna-

274 4171 406 4248 maagea'a
425 4170 536 4230 Grecis
549 4168 662 4245 dicitur,
678 4171 747 4248 quia
760 4171 878 4230 ciconias
892 4173 986 4231 solent
1006 4183 1140 4250 parentes
1162 4175 1241 4234 senio
1256 4175 1402 4234 confectos
1415 4181 1486 4234 atna-

275 4249 375 4331 τςὲφω,
390 4257 423 4306 ut
443 4256 525 4307 notat
538 4247 672 4324 Aristot,
687 4250 738 4309 lib.
753 4250 794 4309 ix.
808 4249 845 4310 de
866 4251 933 4311 hist.
948 4252 1044 4310 anima
1057 4273 1121 4332 cap.
1138 4257 1184 4330 13,
1200 4273 1286 4331 quam
1300 4256 1488 4315 commendat

158 4349 163 4358 ·
277 4331 392 4406 Apost,
410 4331 424 4386 1
438 4327 512 4387 Tim.
527 4331 594 4404 v.4‚
607 4331 653 4404 16,
669 4337 698 4390 et
709 4330 850 4405 Christus,
860 4330 966 4391 Matth.
978 4335 1028 4390 xv.
1038 4336 1066 4407 4,
1083 4335 1110 4408 5,
1120 4341 1154 4392 ut
1167 4334 1323 4412 nequidem
1336 4335 1416 4411 ipsos
1430 4355 1486 4413 pu-

277 4408 345 4468 deat
362 4407 504 4467 famulitio
518 4406 668 4467 deficiente
684 4409 931 4487 servilisquaeque
941 4409 1034 4470 officie
1047 4421 1077 4471 ot
1091 4411 1230 4490 obsequia
1244 4413 1303 4472 illis
1316 4423 1464 4490 praestare.

580 4487 640 4547 III.
656 4488 808 4567 Quaeritur,
824 4489 874 4546 An
884 4489 937 4548 filii
951 4492 1161 4569 subjectionem
1172 4493 1252 4551 illam
1267 4501 1297 4552 et
1310 4492 1485 4571 obsequium

539 4557 712 4625 Paren'tibus
726 4567 855 4627 debitum
870 4579 1015 4647 excutere,
1031 4579 1060 4630 et
1077 4591 1108 4630 se
1129 4573 1267 4648 potestati
1289 4573 1392 4651 patriae
1414 4574 1486 4632 sub·

539 4645 643 4704 ducere
657 4646 777 4724 possint.
821 4647 886 4708 Hoc
901 4657 1032 4709 statuunt
1047 4651 1201 4728 Pontifieii,
1223 4653 1292 4710 dum
1307 4651 1486 4732 pertendunt

306 4553 391 4598 Status
405 4552 488 4602 Quaes·

357 4611 440 4655 tionis.
