3202 5194
190 311 247 370 146
641 332 733 374 accus
747 332 927 375 usnscrnus.
1172 310 1297 394 [cumen.
1313 331 1397 373 xxvr.

231 469 292 530 III.
318 471 355 532 In
377 473 456 552 Lege
477 473 535 534 ista
554 473 627 533 varii
648 473 721 534 fines
742 473 941 554 distinguendi
961 479 1038 534 sunt.
1080 472 1156 532 Nem
1180 480 1323 551 quatenus
1344 472 1400 532 fuit

192 550 331 612 distinctio
344 555 516 630 Respublica
528 556 665 614 Juda's'cce
678 575 696 614 a
710 556 886 632 Gentilibus,
907 562 936 614 et
950 564 1031 631 typus
1044 554 1139 630 Repni
1154 553 1268 629 Christi,
1289 553 1400 631 simpli-

131 655 136 676 ·
192 630 265 689 citer
277 633 417 712 abrogata
427 643 480 710 est,
492 635 561 712 quis
573 651 633 694 non
643 635 729 696 detur
739 636 862 713 amplius
873 634 1029 694 discrimen
1039 635 1212 694 ludaeorum
1223 642 1252 693 et
1261 633 1401 693 Gentium

190 709 222 767 in
240 712 363 790 Christo,
380 714 476 774 Galat.
490 715 532 774 iii
547 717 606 792 28;
628 716 704 794 Eph.
722 716 753 775 ii.
775 719 830 794 143
852 723 885 775 ut
906 715 1084 794 Respublica
1101 723 1130 774 et
1151 714 1259 773 Politia
1273 714 1404 774 Judaica

190 788 338 852 destructa
351 802 404 871 est,
419 795 460 854 its
473 815 527 854 nec
548 815 621 873 opus
635 805 680 856 est
693 805 764 876 typo
778 795 817 855 sd
830 814 952 873 regnum
966 797 1095 855 futurum
1107 794 1215 854 Christi
1229 794 1403 853 adumbren-

190 869 269 948 dum,
292 893 381 950 quum
391 876 454 953 jem
466 885 513 935 est
525 876 697 936 exhibitum.
735 876 793 936 Sed
807 876 903 954 quoad
918 877 1029 948 εὐταξίαν
1044 895 1096 935 sen
1110 878 1242 951 forsitam
1255 875 1401 951 repimicis

190 949 343 1012 israelitici
356 955 456 1034 populi
470 975 528 1014 non
542 965 638 1034 potest
651 957 710 1015 dici
729 957 877 1034 abrogata,
900 957 957 1015 nisi
971 955 1130 1016 secundum
1144 954 1235 1033 quid:
1257 955 1402 1014 Nimirum

190 1031 396 1111 distinguenda
410 1043 479 1095 sunt
489 1045 621 1096 accurate
633 1056 675 1112 ee,
687 1057 752 1114 qua
766 1037 797 1095 in
808 1037 888 1114 Lege
902 1036 1018 1096 fuerunt
1025 1037 1103 1112 juris
1111 1035 1310 1112 particulare,
1321 1035 1402 1112 quod

189 1113 373 1190 peculiariter
386 1115 509 1176 Judaeos
529 1117 679 1193 spectabat
697 1137 749 1195 pro
763 1117 929 1176 conditione
942 1117 1009 1195 loci,
1027 1117 1174 1194 temporis,
1190 1125 1220 1177 et
1233 1116 1330 1193 gentis
1344 1116 1366 1175 J
1368 1135 1400 1176 u·

190 1191 291 1270 daicte,
309 1193 417 1274 (qualis
431 1195 486 1257 fuit
501 1197 564 1257 Lex
578 1196 615 1257 de
630 1197 777 1273 laruatu,
792 1198 830 1256 de
847 1197 947 1256 libello
962 1196 1084 1274 repudii,
1100 1196 1137 1255 de
1152 1197 1312 1276 spicilegio,
1329 1193 1398 1278 dcc.)

191 1275 230 1333 ab
246 1276 282 1334 iis
299 1297 364 1354 quae
385 1276 502 1337 fuerunt
513 1279 592 1354 jures
613 1279 765 1337 communie
785 1286 815 1337 et
831 1278 1006 1352 universales,
1025 1297 1090 1354 quae
1104 1275 1261 1336 fundantur
1274 1277 1305 1334 in
1321 1276 1401 1354 Lege

189 1361 301 1414 naturas
316 1356 450 1415 omnibus
464 1357 617 1433 communi,
629 1357 729 1435 quales
744 1366 812 1417 sunt
821 1357 916 1434 Leges
925 1357 962 1416 de
970 1357 1090 1436 judiciis
1101 1365 1131 1416 et
1143 1357 1237 1434 poenis
1248 1357 1398 1433 scelerum,

193 1433 230 1494 de
239 1434 345 1512 viduis,
357 1437 502 1513 orphanis,
514 1438 684 1516 peregrinis,
696 1446 725 1497 et
735 1437 810 1513 sim,
822 1455 887 1514 qnae
898 1445 966 1496 sunt
976 1437 1053 1516 juris
1063 1437 1180 1496 moralis
1191 1446 1221 1496 et
1231 1436 1400 1496 communis.

191 1513 294 1588 Quoad
314 1516 366 1574 illa
386 1517 460 1576 bene
480 1517 621 1594 abrogata
634 1517 748 1594 dicitur,
770 1518 839 1596 quia
859 1517 974 1577 sublata
994 1517 1096 1595 politia
1109 1517 1246 1593 Judaica,
1270 1535 1400 1576 cessasse

190 1595 279 1653 etiam
293 1615 412 1656 necesse
426 1605 471 1656 est
495 1607 639 1675 quotquot
659 1617 722 1657 cem
736 1597 920 1676 peculiariter
932 1597 1146 1675 respiciebant:
1167 1597 1219 1658 sed
1233 1596 1329 1675 quoad
1342 1597 1400 1654 ista

189 1683 288 1735 manet
302 1675 405 1752 adhuc,
422 1676 492 1754 quia
504 1677 666 1755 ingreditur
679 1687 812 1738 naturam
827 1677 917 1756 Legis
937 1677 1055 1736 moralis
1069 1685 1098 1736 et
1112 1685 1266 1755 perpetues,
1283 1685 1312 1735 et
1324 1695 1397 1752 prcc-

189 1755 298 1833 scripta
311 1764 355 1816 est
369 1757 391 1817 J
392 1756 491 1834 udaeis,
504 1777 563 1816 non
574 1777 631 1836 qus
639 1758 662 1818 J
663 1758 755 1817 udaie
766 1759 881 1836 simpli,
893 1757 945 1816 sed
958 1777 1016 1835 qna
1029 1757 1194 1817 hominibus
1203 1757 1278 1834 Legi
1287 1765 1398 1814 naturae

189 1853 254 1894 cum
269 1837 380 1895 caeteris
395 1837 543 1914 subjectis.
585 1837 636 1897 Ad
646 1838 852 1916 distinguenda
862 1857 932 1897 vero
943 1857 978 1897 ea
991 1857 1056 1916 quse
1070 1845 1137 1896 sunt
1148 1838 1224 1916 juris
1238 1835 1397 1896 communis

188 1923 219 1973 et
227 1915 417 1992 particularis,
430 1917 537 1995 triplex
547 1925 644 1994 potest
654 1918 785 1978 adhiberi
796 1918 950 1994 criterium,
963 1921 989 1977 1.
1001 1918 1043 1977 Ut
1053 1938 1117 1995 quse
1131 1937 1189 1975 non
1201 1926 1313 1977 tantum
1323 1918 1399 1975 inter

190 1994 211 2054 J
213 1995 320 2072 udaeos,
337 1996 389 2056 sed
403 1996 490 2056 etiam
504 1997 581 2057 inter
594 1999 706 2058 Gentes
725 2007 812 2058 reeta
826 1998 946 2057 rationis
966 1998 1065 2057 lumen
1079 2007 1241 2075 sequentes,
1257 1998 1397 2072 obtinent,

189 2073 248 2134 sint
262 2077 338 2154 juris
358 2078 540 2138 communiet
563 2078 612 2138 Sic
633 2078 738 2156 Graeci,
762 2078 894 2154 Romani,
917 2077 967 2136 alii
988 2097 1055 2137 suas
1073 2077 1154 2155 leges
1174 2079 1346 2154 habuerunt,
1367 2076 1399 2134 in

188 2155 295 2233 quibus
308 2157 400 2216 multa
414 2165 482 2216 sunt
495 2156 610 2234 legibus
625 2157 732 2217 divinis
746 2167 948 2234 consentanea,
961 2158 1041 2235 quod
1049 2158 1098 2216 vel
1112 2157 1175 2216 sola
1185 2159 1301 2218 collatio
1313 2157 1396 2217 Juris

190 2235 317 2294 Moesici
338 2245 367 2296 et
388 2237 513 2296 Romani
526 2257 544 2295 a
558 2237 647 2296 variis
667 2239 802 2297 instituta
823 2237 925 2316 docet;
947 2243 975 2297 2.
991 2238 1062 2313 Quae
1083 2239 1234 2315 praeceptis
1255 2236 1398 2314 Decalogi

187 2314 346 2375 conformia
366 2316 630 2394 deprehenduntur,
646 2325 675 2377 et
695 2318 739 2376 illi
760 2317 932 2395 explicando
952 2326 981 2377 et
1000 2317 1196 2377 confirmando
1216 2318 1395 2395 inserviunt;

188 2395 268 2472 quod
287 2396 372 2456 facile
393 2397 549 2474 colligitur,
572 2397 597 2456 si
611 2398 660 2456 vel
675 2398 822 2476 objectum
843 2406 873 2457 ct
892 2397 1013 2457 materis
1028 2398 1149 2476 Legum,
1164 2398 1213 2456 vel
1233 2417 1328 2457 causac
1347 2417 1397 2457 eae

127 2521 133 2532 .
188 2476 336 2535 sanciendi
347 2476 533 2536 attendantur
544 2499 552 2554 ;
574 2480 603 2536 3.
614 2477 685 2554 Quae
696 2477 727 2536 in
738 2478 775 2537 N.
787 2478 822 2537 T.
836 2477 878 2537 ita
890 2486 1068 2556 repetuntur,
1081 2487 1113 2538 ut
1123 2498 1222 2538 eorum
1231 2479 1396 2538 observatio

188 2554 358 2616 Christianis
372 2556 597 2616 commendetur.

378 2695 383 2708 ,
493 2636 549 2696 IV.
572 2638 608 2695 In
624 2637 754 2716 Legibus
774 2657 840 2716 quse
854 2637 1011 2698 fundantur
1028 2637 1060 2696 in
1073 2637 1147 2698 Jure
1168 2637 1322 2714 communi,
1344 2657 1396 2698 sen

205 2693 410 2799 Wlfflin&
452 2716 532 2794 Lege
546 2726 665 2794 naturae,
681 2717 889 2796 distinguenda
901 2726 946 2777 est
959 2719 1121 2778 substantia
1134 2721 1271 2797 praecepti
1284 2719 1321 2778 ab
1332 2720 1397 2796 ejus

450 2797 683 2856 circumstantiis.
726 2798 874 2875 Quadam,
890 2807 920 2858 et
933 2799 1029 2876 quoad
1043 2799 1243 2875 substantiam,
1259 2807 1288 2858 et
1299 2798 1396 2876 quoad

186 2875 425 2952 circumstantias,
442 2885 510 2936 sunt
524 2877 606 2938 Juris
631 2879 811 2956 communis;
833 2878 911 2937 Alite
924 2899 995 2938 vero
1010 2887 1077 2938 sunt
1091 2881 1186 2957 quoad
1204 2880 1395 2939 substantiam

185 2955 269 3015 Juris
290 2957 460 3032 communis,
483 2957 534 3016 sed
555 2957 652 3036 quoad
672 2958 903 3018 circumstantias
919 2959 996 3036 juris
1016 2959 1208 3037 particularis.
1241 2961 1305 3019 Illae
1327 2967 1395 3019 sunt

187 3037 583 3115 perpetuacomniexparte3
600 3038 875 3099 lstaeverotantum
885 3038 1134 3118 secunduchid.
1165 3041 1213 3100 Sic
1224 3041 1254 3100 in
1264 3040 1394 3118 Legibus

184 3115 221 3175 de
231 3118 324 3194 poenis
336 3118 485 3192 scelerum,
495 3118 572 3194 juris
582 3119 722 3178 naturalis
733 3128 778 3179 est
787 3137 881 3197 poenae
892 3119 1062 3197 substantia,
1073 3121 1126 3181 sed
1133 3121 1237 3181 modus
1248 3131 1277 3182 et
1285 3121 1394 3200 gradus

185 3215 280 3273 poenae
294 3197 377 3256 Juris
391 3204 437 3256 est
450 3197 641 3275 particularis,
657 3207 743 3276 atque
758 3199 824 3259 ideo
838 3200 995 3260 mutabilis.

225 3275 263 3334 V.
286 3277 473 3353 Quaecunque
493 3277 588 3354 Leges
608 3279 737 3338 forenses
758 3281 837 3358 typis
858 3287 926 3338 sunt
946 3278 1105 3356 permixtae,
1128 3299 1181 3339 sna
1201 3288 1304 3339 natura
1325 3286 1393 3339 sunt

183 3355 348 3430 mutabiles,
359 3356 490 3434 adeoque
501 3356 537 3416 de
549 3359 615 3436 jure
625 3360 773 3438 abrogatae
784 3367 860 3433 sunt,
871 3358 1049 3435 quiscerem
1060 3377 1155 3417 cansa
1169 3367 1198 3417 et
1206 3358 1393 3417 fundamenta

184 3444 253 3494 sunt
266 3436 447 3513 temporaria,
463 3457 521 3495 non
535 3447 682 3516 perpetua.
713 3438 799 3498 Tales
810 3445 878 3496 sunt
887 3437 982 3515 Leges
993 3435 1028 3493 de
1039 3435 1061 3495 J
1063 3456 1114 3494 ure
1123 3437 1390 3514 primogenitorum,

185 3511 274 3573 Dent.
290 3516 353 3574 xxi.
371 3519 417 3591 17,
432 3515 469 3574 ds
484 3515 596 3595 Asylis,
613 3519 701 3578 Dant.
716 3519 777 3576 xix.
790 3521 818 3591 2,
833 3515 869 3575 de
881 3516 902 3576 J
904 3516 1017 3589 ubilan,
1034 3515 1070 3574 dc
1085 3535 1155 3592 agro
1166 3517 1289 3575 diversis
1304 3515 1390 3574 semi·

184 3611 254 3651 num
269 3595 420 3672 speciebus
428 3615 488 3654 non
499 3597 686 3673 conserendo,
698 3607 728 3656 et
738 3605 820 3655 veste
831 3615 870 3655 cx
880 3596 947 3654 lena
957 3603 986 3654 et
994 3595 1054 3653 lino
1063 3614 1122 3653 non
1131 3595 1257 3670 ferenda,
1269 3603 1299 3654 et
1310 3595 1389 3672 sim.;

187 3691 253 3750 quae
267 3674 336 3733 licet
349 3674 436 3734 finem
450 3676 601 3754 politicum
612 3677 698 3736 eliam
709 3684 829 3756 possent
838 3675 956 3752 habere,
965 3684 1062 3735 ιιιιιιιι
1070 3675 1139 3754 quia
1147 3677 1251 3756 typica
1265 3675 1390 3752 fuerunt,

182 3760 297 3813 cessant
310 3774 346 3813 eo
359 3755 423 3833 ipsc
437 3755 576 3834 obligare.

226 3834 283 3893 VI.
306 3835 402 3912 Leges
419 3835 557 3912 forenses,
573 3855 638 3913 quae
653 3835 690 3895 ad
708 3836 817 3914 politia
832 3835 967 3896 Judaicae
981 3835 1098 3914 genium
1113 3834 1296 3896 strationem
1310 3843 1393 3894 erant

182 3914 413 3989 accommodata,
436 3935 494 3974 non
513 3916 601 3974 modo
619 3915 703 3974 facta
724 3925 793 3976 sunt
812 3915 930 3976 inutiles
946 3916 1116 3975 Christianis
1138 3915 1192 3975 sub
1211 3917 1270 3975 alia
1288 3916 1390 3996 politia

181 3993 358 4069 viventibus,
374 3993 426 4053 sed
441 3995 590 4054 observari
603 3995 726 4055 ulterius
739 4016 793 4056 nec
807 4005 930 4074 possunt
943 4017 997 4056 nec
1006 3995 1126 4072 debent;
1142 3997 1236 4073 qualis
1248 4007 1310 4058 erat
1324 3996 1388 4056 Lex

183 4071 345 4148 Ievirstus,
360 4074 423 4132 Iex
437 4074 473 4133 dc
487 4083 558 4152 potu
575 4075 744 4152 zelotypia,
758 4077 822 4134 Lex
833 4077 870 4135 de
880 4076 1034 4134 vendendo
1048 4076 1118 4153 filio,
1131 4077 1227 4136 Exod.
1238 4079 1311 4155 xxi,
1324 4077 1389 4136 Lex

183 4149 219 4209 de
237 4151 440 4212 Sabbathismc
454 4173 599 4232 agrorum,
616 4154 681 4213 Lex
694 4154 731 4214 de
745 4155 903 4215 dividenda
917 4165 994 4215 terra
1009 4155 1125 4216 Canaan
1141 4157 1217 4217 inter
1230 4159 1345 4235 Tribus,
1360 4164 1390 4218 et

181 4230 299 4324 similes,
315 4251 380 4309 quse
393 4234 568 4310 peculiarem
583 4233 667 4311 exires
680 4235 789 4295 habent
809 4237 847 4294 sd
860 4237 1000 4314 populum
1016 4237 1210 4298 Israeliticnm
1224 4240 1330 4318 atejus
1344 4257 1389 4297 re·

181 4313 1191 4475 iiiii.libilii’ldlfflitbbiiiiliiiilssifiiihim
1202 4397 1308 4456 rencs
1321 4396 1389 4456 aa·

181 4475 238 4544 tur,
254 4489 319 4547 qnae
334 4481 402 4530 sunt
414 4472 491 4550 juris
503 4473 630 4549 positivi,
647 4483 677 4533 ct
690 4493 755 4551 quoe
769 4475 938 4552 simpliciter
949 4477 1052 4554 Remp.
1067 4477 1090 4537 J
1091 4477 1225 4538 udalcam
1240 4484 1387 4554 spectant;

181 4547 305 4606 sednon
320 4551 417 4610 statim
431 4551 504 4610 alias
518 4571 582 4630 quse
596 4549 724 4613 fundata
738 4561 807 4613 sunt
819 4554 850 4612 in
866 4555 933 4632 jure
946 4557 1073 4616 numan
1087 4567 1117 4616 et
1133 4564 1201 4616 sunt
1214 4555 1388 4634 appendices

183 4625 333 4705 Decslogi.
376 4630 439 4688 Lex
453 4649 524 4706 ergo
535 4629 657 4690 sorensis
669 4631 765 4710 quoad
775 4633 925 4710 generales
939 4633 1203 4712 determinationes,
1213 4653 1279 4712 quae
1289 4633 1386 4694 nitun-
