3152 5198
152 262 262 313 aunsr.
277 238 337 324 nn]
592 259 631 300 ns
645 257 897 302 cusrrmosrroun.
1302 249 1360 306 573

151 410 237 470 nobis
251 427 285 467 eo
299 402 395 478 modo,
411 421 468 479 quo
482 401 686 462 communicari
699 409 795 479 potest
814 400 893 478 quod
916 400 1027 477 transit,
1054 402 1189 462 nimirum
1203 425 1255 481 per
1269 405 1361 484 impu·

151 491 292 551 tationem
304 509 311 562 ;
327 483 462 544 omnibus
475 483 552 540 enirn
566 483 723 559 imputatur
737 482 839 560 quiex
853 482 969 540 Adsmo
982 485 1169 542 nascuntur.”
1203 485 1264 544 Nec
1279 487 1303 544 si
1318 488 1361 544 in-

149 570 224 649 justi
238 575 267 627 et
294 567 336 625 rei
351 562 552 623 constituimur
575 581 625 639 per
645 570 796 639 peccatum
829 561 865 620 eb
895 561 1010 621 Adamo
1029 573 1229 641 propagatum,
1260 567 1358 625 statim

148 647 303 730 justificari
326 645 464 704 debemus
491 662 543 719 per
565 641 709 720 justitiam
736 641 923 700 inhaerentem
934 643 1018 700 nobis
1045 664 1097 721 per
1109 647 1358 722 regenerationem
1464 675 1472 681 ·

152 752 171 790 e
184 729 300 790 Christo
314 722 562 796 communicatam,
577 723 645 799 quia
659 721 856 780 diversissima
870 731 914 780 est
927 723 1077 800 utriusq-ue
1097 725 1180 783 ratio.
1224 726 1262 783 Et
1284 727 1360 785 Pau-

151 811 199 870 lus
218 810 267 868 hio
288 804 470 866 collationem
492 802 617 862 instituit
637 801 712 862 inter
733 801 880 860 Adamum
901 802 1025 880 primum
1045 813 1074 862 et
1095 805 1253 863 seeundum
1275 806 1359 883 inre,

154 891 205 950 sed
219 909 277 948 non
290 888 321 944 in
335 885 422 943 modo
436 883 487 941 rei.

152 1009 174 1054 2·
189 1009 227 1056 t
414 961 1360 1124 ιιΝιιιιιιιιιιιιιιιιιι·

510 1087 517 1102 ο
909 1084 917 1109 ,
1347 1081 1358 1092 “

152 1125 276 1202 titiam,”
289 1127 374 1184 Rom.
385 1123 425 1182 iv.
433 1126 465 1199 33
485 1123 551 1181 Non
560 1124 623 1201 ipss
631 1122 703 1182 fides
715 1142 766 1182 seu
776 1130 858 1181 actus
869 1120 1004 1181 credendi
1013 1123 1179 1200 formaliter,
1190 1126 1273 1202 quasi
1284 1135 1361 1186 esset

148 1209 365 1286 justitiacoram
373 1203 1360 1283 Deo,ntvellentRemonstr.contraquosposteedisputabimus,quia

152 1289 194 1347 sio
202 1307 261 1346 non
272 1283 559 1362 dareturjustificatio
572 1284 633 1342 sine
644 1283 787 1361 oporibus,
795 1282 929 1359 cumipse
936 1281 1009 1340 fides
1016 1283 1144 1360 sitopus3
1157 1285 1360 1363 sodobjeotive

153 1376 182 1427 et
192 1368 312 1426 relativo
321 1364 505 1442 adjustitiam
515 1364 630 1438 Christi,
643 1363 807 1441 quamfides
822 1362 1019 1439 apprehendit,
1028 1363 1118 1422 etsibi
1128 1365 1262 1442 applicet,
1273 1387 1359 1443 quem

154 1447 316 1526 Apostolus
335 1453 421 1504 vocat
435 1445 578 1521 justitiam
586 1446 666 1523 fidei,
682 1463 745 1520 qaoe
755 1452 795 1502 est
805 1463 842 1501 em
851 1445 913 1522 fide
926 1443 1047 1517 Christi,
1064 1443 1139 1502 Phil.
1155 1444 1195 1502 iii.
1212 1447 1238 1520 9,
1254 1445 1284 1502 in
1304 1467 1362 1522 qao

151 1532 212 1588 sota
220 1531 280 1588 uult
292 1526 418 1600 inueniri,
432 1525 577 1584 scilicetin
585 1524 697 1602 judicio
709 1524 774 1600 Dei,
786 1523 855 1600 quia
864 1543 923 1582 non
928 1522 998 1581 alibi
1008 1523 1162 1599 queerende
1176 1531 1220 1582 est
1231 1545 1317 1602 quam
1329 1527 1360 1586 in

153 1609 275 1684 Christo,
292 1607 342 1685 qui
356 1615 400 1665 est
414 1605 436 1666 J
437 1604 531 1664 ehova
536 1605 652 1683 justitia
662 1612 768 1678 nostra,
783 1611 812 1662 et
826 1603 876 1679 qui
887 1602 980 1662 fectus
988 1612 1033 1662 est
1040 1602 1150 1663 nobisa
1161 1604 1223 1662 Deo
1233 1605 1357 1681 justitia.

140 1689 346 1747 'Confirmstur
359 1706 396 1744 err
411 1706 445 1744 eo
459 1685 538 1763 quod
553 1685 661 1744 Paulus
676 1684 782 1744 ibidem
793 1683 1011 1760 imputationem
1020 1681 1088 1742 fidei
1102 1683 1139 1742 ad
1149 1684 1293 1761 justitiam
1308 1707 1358 1744 ex·

153 1768 241 1846 plicat
249 1788 301 1846 por
308 1771 336 1824 rt
345 1767 484 1842 imputare
485 1766 627 1842 justitiam
635 1766 737 1841 absque
746 1763 882 1840 operibus,
893 1764 977 1821 Rom.
987 1763 1027 1821 iv.
1038 1765 1065 1822 6.
1089 1764 1166 1822 Hine
1175 1764 1281 1842 quippe
1291 1787 1358 1824 con-

153 1856 219 1924 stat,
244 1851 270 1908 l.
292 1849 314 1907 J
316 1846 536 1912 ustificationem
550 1845 707 1904 consistere
721 1845 751 1902 in
764 1844 953 1920 imputatione
964 1843 1096 1922 justitiae,
1106 1864 1142 1902 ne
1154 1845 1219 1920 quis
1231 1846 1358 1922 phresim

152 1935 234 2006 putet
248 1948 266 1986 a
278 1927 362 1987 nobis
376 1926 537 1986 confictam.
579 1931 607 1984 2.
629 1925 780 1985 Justitiam
799 1924 884 1983 istam
898 1944 957 1982 non
970 1943 1055 2001 posse
1077 1943 1140 1983 csse
1162 1924 1358 2003 inhaerentem,

152 2027 217 2085 quae
232 2007 317 2067 datur
329 2006 413 2066 nobis
427 2027 479 2084 per
492 2005 673 2081 infusionem,
688 2014 751 2065 tum
775 2004 844 2082 quia
864 2003 971 2063 dieitur
984 2023 1046 2062 esso
1062 2005 1123 2063 sine
1138 2005 1280 2082 operibus,
1297 2015 1358 2066 tum

151 2089 220 2166 quia
233 2088 312 2166 qnod
326 2096 370 2148 est
384 2087 526 2146 inhoerens
541 2086 695 2164 opponitur
709 2087 858 2163 imputato.
900 2084 972 2143 Ideo
987 2085 1141 2162 opponitur
1155 2105 1172 2142 a
1187 2085 1278 2144 Paulo
1292 2087 1358 2146 loco

150 2169 247 2244 citato,
278 2168 354 2226 Phil.
369 2167 419 2242 iii,
432 2167 554 2244 justitiae
569 2187 629 2226 suae
643 2187 707 2243 qnae
718 2173 808 2226 estex
824 2165 912 2242 Lego,
923 2172 952 2223 et
962 2163 1032 2222 alibi
1047 2175 1166 2224 vocatur
1172 2165 1285 2238 justitia
1299 2167 1358 2226 Dei

152 2267 216 2326 quoe
231 2249 293 2308 sino
308 2249 388 2325 Lego
401 2246 609 2322 manifestuum,
636 2247 720 2305 Rom.
743 2245 784 2303 iii.
806 2248 854 2320 21,
870 2249 918 2319 22,
934 2252 996 2303 tum
1010 2243 1079 2321 quie
1103 2254 1148 2303 est
1170 2247 1314 2320 subjective
1327 2247 1359 2304 in

152 2328 280 2386 Persona
294 2328 401 2402 divino,
416 2326 545 2404 adeoque
565 2326 669 2386 infiniti
693 2325 786 2404 pretii,
810 2332 870 2384 tum
893 2325 1076 2401 oriqinatiter,
1102 2325 1171 2402 quia
1192 2334 1236 2385 est
1251 2347 1268 2383 a
1282 2327 1355 2403 Deo,

150 2408 235 2467 nobis
254 2407 360 2485 quippe
379 2405 469 2483 gratis
483 2426 501 2464 a
515 2407 578 2466 Deo
601 2407 676 2482 dats,
702 2415 763 2466 tum
786 2406 959 2464 terminatius
980 2405 1048 2482 quia
1061 2405 1099 2463 ad
1114 2405 1209 2464 Deum
1224 2405 1311 2480 ducit,
1328 2418 1357 2466 et
1382 2403 1388 2412 '

153 2487 217 2547 Deo
231 2487 377 2565 probatur,
393 2494 422 2546 et
436 2487 498 2544 sola
508 2488 649 2546 sustinere
666 2495 763 2564 potest
776 2505 898 2545 examen
908 2485 1012 2563 judicii
1027 2485 1098 2563 ejus.
1142 2484 1213 2544 Ideo
1228 2487 1359 2564 quisquis

149 2567 301 2646 perfidem
312 2566 456 2644 justitiam
470 2567 550 2625 illem
565 2566 621 2626 sibi
634 2566 768 2645 applicat,
792 2566 897 2624 dicitur
910 2585 969 2625 non
983 2565 1081 2624 venire
1096 2565 1126 2622 ia
1136 2565 1288 2643 judicium,
1305 2567 1358 2626 scd

144 2649 206 2726 jam
221 2648 370 2707 transiisse
384 2667 401 2706 a
415 2654 506 2706 morte
517 2647 555 2705 ad
568 2647 667 2721 vitem,
683 2647 705 2707 J
706 2648 753 2705 oh.
763 2665 792 2704 v.
807 2649 855 2720 24,
871 2644 901 2703 id
915 2654 967 2720 est,
978 2644 1142 2717 justificari.

326 2789 332 2802 .
452 2727 560 2786 XVII.
583 2727 690 2802 Tertio,
713 2727 787 2802 Quia
807 2725 939 2785 Christus
960 2733 1004 2784 est
1028 2724 1144 2802 justitia
1173 2744 1230 2802 qua
1250 2726 1356 2803 justifi-

148 2786 222 2890 ι
233 2786 390 2893 rem
411 2827 519 2946 ιιι
548 2806 727 2947 ιιι
752 2805 858 2945 ιιι
883 2806 1122 2944 ιιιι
1138 2806 1356 2944 ιιι

147 2964 263 3041 justitia
287 2966 342 3025 Dei
366 2967 397 3024 in
418 2967 501 3044 ipso:
517 2931 547 3000 ἰ*
558 2967 641 3026 Fecit
654 2933 743 3026 'Deus
767 2986 841 3041 eum,
867 2965 917 3042 qui
935 2931 1101 3023 non’novit
1121 2972 1279 3042 peccatum,
1304 2987 1357 3043 pro

150 3044 234 3104 nobis
257 3053 415 3123 peccatum
438 3055 472 3106 ut
491 3047 625 3107 fieremus
643 3048 758 3125 justitie
782 3046 838 3105 Dei
860 3046 890 3104 in
911 3045 1003 3123 ipso.”
1047 3046 1094 3102 Ex
1115 3044 1220 3122 quibus
1234 3054 1355 3122 constat,

150 3128 176 3183 1.
199 3125 344 3185 Christum
368 3146 433 3186 esse
446 3135 573 3186 nostram
585 3128 728 3205 justitiam
753 3146 848 3186 eorem
875 3126 945 3201 Deo,
971 3145 1030 3184 non
1052 3125 1150 3201 utique
1174 3125 1354 3202 inhaerenter,

147 3205 216 3282 quia
226 3205 341 3282 justitia
354 3207 441 3266 unius
462 3207 500 3266 sd
520 3208 609 3267 alium
633 3227 690 3266 non
704 3214 800 3285 potest
821 3206 951 3281 transire,
975 3205 1027 3264 sed
1044 3205 1223 3282 imputative.
1260 3210 1287 3264 2.
1311 3206 1355 3265 Eo

148 3284 234 3343 modo
247 3305 301 3344 nos
315 3285 389 3346 effici
398 3287 542 3366 justitiam
557 3288 614 3346 Dei
627 3287 657 3346 in
671 3288 743 3366 ipso,
759 3286 903 3365 quomodo
917 3285 1010 3345 seems
1031 3293 1075 3344 est
1089 3305 1141 3363 pro
1154 3284 1238 3344 nobis
1252 3305 1352 3363 pecca·

147 3371 219 3425 tum.
261 3364 304 3424 At
318 3367 449 3426 Christus
463 3367 556 3428 fectus
570 3376 615 3428 est
628 3388 680 3446 pro
694 3367 778 3427 nobis
791 3373 949 3445 peccatum,
964 3385 1022 3424 non
1037 3365 1209 3424 inhaerenter
1223 3375 1273 3425 aut
1287 3367 1354 3425 snb-

143 3444 262 3522 jeotiva,
278 3447 419 3525 quianon
431 3448 514 3506 novit
527 3456 685 3526 peccemm,
702 3448 754 3507 sed
767 3447 946 3526 imputative,
962 3446 1030 3523 quia
1051 3445 1132 3506 Deus
1153 3446 1180 3504 ei
1201 3445 1354 3524 imputavit

145 3535 265 3602 peccate
278 3535 385 3604 nostra,
401 3536 431 3587 et
440 3527 510 3587 feeit
523 3537 556 3587 ut
569 3528 747 3587 incurrerent
761 3527 790 3585 in
805 3547 869 3586 eum
889 3526 1056 3603 iniquitates
1070 3526 1197 3585 omnium
1211 3535 1352 3601 nostrum,

148 3605 205 3663 Isa.
220 3606 272 3665 liii.
285 3607 319 3683 6,
343 3608 423 3686 Ergo
437 3616 466 3668 et
479 3627 533 3668 nos
544 3608 659 3686 justitia
672 3607 749 3683 fecti,
765 3627 823 3666 non
837 3607 988 3683 infusione,
1001 3605 1052 3666 sed
1066 3607 1262 3685 imputatione,
1275 3608 1354 3684 quod

147 3683 237 3760 Aug,
254 3685 371 3745 Euchir.
387 3709 411 3747 o.
427 3689 488 3764 xli,
504 3687 577 3747 hene
592 3687 737 3765 exprimit.
769 3690 787 3720 ‘⁴
798 3687 866 3765 Ipse
876 3707 945 3764 ergo
955 3697 1114 3765 peecatum,
1124 3695 1218 3746 utnos
1228 3688 1351 3764 justitia,

146 3779 201 3819 neo
214 3773 321 3840 nostra,
337 3766 389 3825 sed
404 3769 458 3828 Dei
473 3769 572 3842 simus,
587 3768 685 3827 necin
699 3767 791 3841 nobis,
807 3766 858 3826 sed
873 3767 903 3825 hr
917 3767 988 3844 ipso,
1011 3768 1086 3826 sicut
1106 3767 1167 3844 ipse
1191 3775 1349 3843 peccatum,

146 3859 205 3898 non
230 3861 322 3918 suum,
346 3845 397 3904 sed
418 3855 556 3923 nostrum,
572 3869 625 3908 neo
639 3849 670 3906 in
684 3867 723 3923 se,
740 3846 835 3907 sedin
848 3847 933 3906 nobis
956 3847 1143 3906 constitutum
1164 3844 1351 3904 similitudine

146 3920 241 3979 carnis
262 3925 381 3998 peccati,
404 3925 513 4003 inquo
538 3928 692 3987 crucifixus
716 3935 761 3986 est
784 3925 1021 3986 demonstravit.”
1065 3925 1184 3983 Frustra
1198 3924 1349 4000 excipitur,

149 3999 324 4060 “Christum
339 4002 396 4061 dici
411 4004 518 4064 faomm
528 4007 680 4083 justitiam,
693 4006 838 4086 quomodo
852 4007 945 4066 factus
959 4012 1003 4064 est
1017 4002 1165 4082 sapientie,
1181 4012 1210 4063 et
1225 4003 1351 4064 sanctifi·

146 4080 230 4156 catio,
245 4100 303 4140 non
317 4083 417 4159 ntique
431 4085 609 4162 imputative,
634 4089 685 4146 sed
708 4087 869 4147 effective.'’
911 4086 985 4144 Nam
1005 4084 1059 4143 etsi
1079 4083 1186 4162 pariter
1207 4083 1300 4142 sactus
1315 4084 1353 4143 sit

144 4158 230 4218 nobis
244 4181 262 4220 e
276 4161 341 4222 Deo
362 4162 419 4222 iste
440 4165 537 4224 omnia
559 4167 656 4244 quoad
679 4169 821 4244 meritum,
843 4167 912 4244 quie
925 4166 981 4224 iste
995 4165 1090 4225 omnia
1104 4162 1243 4222 beneficis
1266 4163 1351 4223 nobis

144 4241 316 4319 acquisivit,
338 4243 448 4303 Temen
461 4265 521 4304 non
539 4245 640 4306 eodem
653 4248 740 4308 modo
754 4247 847 4308 fectus
861 4255 906 4307 est
919 4245 1015 4325 quoad
1036 4243 1226 4318 collationem,
1242 4242 1293 4302 sed
1309 4243 1352 4302 di-

144 4339 229 4379 verse
242 4341 294 4400 pro
309 4322 477 4384 diversitate
497 4324 647 4404 donorum,
663 4337 692 4388 et
713 4329 768 4388 hoo
790 4328 832 4387 rei
856 4335 959 4386 nature
981 4325 1117 4405 postulet.
1159 4325 1234 4384 Nem
1249 4323 1274 4382 si
1294 4343 1353 4382 non

144 4400 229 4460 aliter
242 4401 337 4464 faetus
347 4405 547 4480 essotjustitis
555 4427 640 4484 quern
651 4409 848 4482 sanctificatio,
861 4406 900 4466 id.
910 4407 1051 4482 affective,
1063 4405 1251 4482 tautologiae
1262 4403 1354 4463 Paulo

145 4483 381 4561 committeretur,
398 4483 540 4562 siquidem
554 4507 589 4546 eo
603 4497 687 4565 paeto
697 4489 870 4564 justificatio
882 4496 911 4548 et
922 4487 1110 4547 sanctificatio
1125 4505 1184 4543 non
1198 4482 1354 4544 differrent.

150 4562 229 4639 Ergo
250 4565 392 4643 sapientia
404 4573 435 4624 et
449 4564 639 4627 sanctificatio
662 4569 696 4629 fit
717 4569 803 4629 nohis
817 4569 946 4645 ffctive,
961 4587 1015 4627 nos
1029 4563 1217 4625 illuminando
1232 4573 1261 4622 et
1273 4585 1357 4643 rege·

147 4643 294 4723 nerando;
320 4645 378 4707 Sed
398 4645 515 4720 justitia
529 4648 698 4726 imputative,
713 4649 797 4710 nobis
807 4647 952 4722 justitiam
967 4667 1049 4708 susm
1064 4644 1240 4725 imputando.
1273 4643 1359 4720 Quod
