3186 5210
94 415 209 465 Quasr.
225 394 294 475 an]
538 417 577 458 nn
589 418 758 460 vocsrrors
773 419 809 458 nr
822 417 902 458 aron.
1246 403 1303 460 50⁷

101 557 190 630 diam,
213 554 250 612 ad
279 574 379 614 omnes
407 563 435 614 et
463 556 593 634 singulos
620 560 772 636 pertinere,
801 567 830 618 et
857 577 1089 635 mrumquemque
1117 578 1202 634 posse
1225 558 1310 617 istam

101 634 324 714 promissionem
363 645 500 712 tanquam
529 657 610 696 suam
639 639 693 697 sibi
721 639 874 716 applicare.
936 638 1010 712 Quia
1031 637 1110 696 aliud
1132 646 1176 697 est
1197 638 1310 698 fidelem

102 717 159 774 sibi
181 716 326 791 applicare
347 735 432 792 posse
453 726 483 774 et
503 716 607 776 debere
629 718 715 777 talem
736 719 974 796 promissionem;
1006 717 1098 775 Aliud
1125 737 1194 777 vero
1219 719 1310 776 horni-

101 815 179 853 nem.
232 795 303 852 Cum
327 796 404 853 enirn
434 797 639 872 promissiones
674 798 860 875 Evangelicre
881 819 939 856 non
974 798 1048 856 datae
1070 797 1127 856 sint
1147 798 1312 856 hominibus

103 874 275 951 simpliciter
295 894 354 950 qua
374 875 488 950 talibus,
518 876 570 934 sed
597 877 762 936 hominibus
789 877 973 937 credentibus
1000 885 1029 935 et
1056 877 1310 953 resipiscentibus;

104 955 199 1012 Nemo
220 953 276 1011 nisi
301 953 421 1012 eredens
445 963 474 1013 et
497 956 668 1032 resipiscens
692 964 787 1033 potest
808 977 856 1014 cas
877 977 945 1016 vere
967 956 1023 1014 sibi
1044 957 1196 1033 applicare.
1247 957 1313 1016 Non

103 1033 183 1110 quod
207 1033 280 1091 fides
307 1033 394 1092 facist
422 1053 439 1090 s
466 1035 562 1111 priori,
596 1044 629 1094 ut
656 1037 729 1095 tales
756 1036 960 1112 promissiones
988 1036 1025 1093 ad
1053 1057 1102 1094 eos
1129 1036 1311 1112 pertineant:

103 1133 169 1171 curn
192 1112 247 1170 hoc
271 1113 396 1189 pendeat
409 1114 612 1173 antecedenter
632 1115 670 1172 ad
691 1115 841 1174 Electionc
863 1116 938 1175 Dei:
960 1116 1011 1174 sed
1032 1116 1101 1192 quia
1121 1125 1165 1174 est
1186 1116 1312 1174 conditio

103 1202 133 1250 et
154 1193 375 1252 instrumentum
398 1213 415 1250 a
435 1195 595 1270 posteriori,
623 1215 675 1272 per
701 1195 780 1271 quod
808 1215 844 1253 ex
873 1195 972 1253 ordine
1002 1195 1057 1253 Dei
1085 1195 1239 1273 participes
1264 1195 1313 1254 dc·

103 1272 192 1330 beant
212 1271 275 1329 fieri
295 1272 526 1349 promissionum,
549 1283 578 1332 et
598 1283 797 1350 argumentum
818 1294 855 1332 ex
876 1293 933 1351 quo
955 1273 1096 1351 colligunt
1117 1294 1166 1332 eas
1187 1295 1255 1333 vere
1276 1274 1314 1334 ad

102 1351 301 1426 sepertinere.

146 1431 201 1488 lV.
223 1431 424 1490 Misericordia
437 1433 565 1507 spaeram
586 1439 681 1509 potest
701 1431 839 1490 trifariam
860 1431 991 1509 spectari,
1013 1431 1070 1489 Vel
1089 1441 1121 1490 nt
1136 1433 1314 1507 promittitur

103 1511 134 1567 r'a
153 1512 242 1568 Verbo
256 1511 390 1569 omnibus
404 1511 587 1570 credentibus
602 1521 630 1570 et
644 1512 859 1588 poenitentibus,
875 1519 904 1570 et
917 1521 950 1570 ut
964 1511 1205 1588 apprehendenda
1219 1521 1263 1570 est
1277 1513 1313 1570 ab

104 1590 163 1663 iis;
196 1589 253 1648 Vel
278 1599 311 1648 ut
334 1593 478 1664 confertur
499 1599 565 1650 actu
590 1591 782 1666 credentibus,
805 1591 883 1648 illam
905 1591 1195 1668 apprehendentibus,
1221 1599 1250 1648 et
1274 1591 1312 1649 sd

105 1669 253 1727 Christum
268 1670 343 1728 serio
358 1670 609 1746 confugientibus,
641 1670 698 1728 Vel
719 1679 752 1729 ut
772 1673 875 1729 collata
888 1673 953 1746 jam
975 1673 1009 1728 de
1021 1675 1103 1742 sacto
1124 1669 1168 1743 iis,
1191 1671 1240 1746 qui
1262 1691 1314 1746 per

106 1749 193 1806 fidem
214 1749 294 1806 illam
319 1749 577 1825 apprehenderunt.
621 1750 700 1808 Huic
721 1750 827 1826 triplici
848 1759 926 1819 σχιηι
944 1749 1099 1825 respondet
1112 1749 1217 1825 triplex
1233 1759 1315 1807 aetus

107 1827 183 1902 fidei,
213 1827 263 1905 qui
287 1828 363 1886 circa
384 1829 464 1886 illam
487 1838 641 1888 versatur:
679 1830 801 1904 Primus,
830 1830 880 1905 qni
909 1829 1000 1887 credit
1028 1829 1224 1886 remissionem
1247 1849 1311 1905 pee-

106 1915 237 1965 catorum
258 1927 294 1965 ex
318 1908 436 1985 speciali
459 1909 515 1966 Dei
537 1909 733 1968 misericordia
757 1917 873 1985 propter
896 1909 1041 1966 Christum
1063 1908 1263 1966 conferendam
1283 1909 1313 1965 in

107 1987 236 2045 futurum
259 1987 392 2045 omnibus
416 1987 600 2047 credentibus
620 1997 649 2046 et
667 1988 882 2065 poenitentibus,
908 1987 1037 2063 adeoque
1062 1987 1182 2046 etmihi
1204 1988 1228 2046 si
1254 2007 1313 2046 ero·

106 2066 224 2140 didero;
249 2066 407 2141 Secundus,
430 2066 480 2142 qui
501 2067 592 2126 credit
612 2068 808 2126 remissionem
830 2077 1012 2144 peccatorum
1034 2067 1063 2124 in
1084 2068 1218 2143 praesenti
1243 2068 1314 2125 mihi

106 2145 238 2204 credenti
265 2153 295 2203 et
322 2147 472 2222 poenitenti
500 2155 566 2205 actu
600 2147 744 2222 conferri,
780 2147 904 2220 Tertius,
933 2146 983 2223 qui
1020 2146 1098 2204 illam
1127 2147 1256 2205 intuetur
1282 2156 1316 2205 ut

103 2226 167 2301 jam
190 2224 324 2284 collatam
352 2225 382 2283 in
403 2227 556 2303 praeterito,
580 2247 638 2302 quo
663 2226 748 2285 eredo
772 2227 843 2284 mihi
867 2237 984 2303 propter
1004 2226 1157 2300 Christum,
1178 2227 1207 2284 in
1229 2246 1316 2304 quern

109 2304 170 2362 scio
192 2323 238 2362 me
263 2304 387 2378 credere,
416 2315 534 2382 peccata
560 2326 625 2364 mea
651 2306 722 2364 mihi
740 2307 802 2383 jam
828 2325 891 2364 csse
918 2307 1046 2365 remissa.
1104 2307 1217 2364 Primus
1245 2307 1316 2365 dici·

111 2393 159 2441 tm
179 2392 260 2441 actas
281 2385 472 2459 dispositurus
492 2385 530 2442 ad
547 2385 792 2462 justificationem,
816 2386 884 2462 quia
904 2385 940 2442 ad
963 2405 1023 2443 earn
1046 2385 1238 2462 recipiendam
1264 2406 1317 2444 nos

106 2461 258 2538 disponit;
283 2462 430 2524 Secundus
443 2465 663 2542 jsua'jicatcrius,
686 2465 841 2542 quiscum
862 2464 1015 2523 comitatur
1036 2465 1178 2524 sententia
1199 2466 1313 2524 absolu·

107 2541 183 2599 toria
206 2541 421 2618 justificationis
448 2552 576 2619 nostrae;
602 2545 718 2603 Tertius
745 2545 953 2619 consolatorius,
989 2545 1057 2620 qnia
1084 2565 1147 2602 eam
1175 2545 1314 2622 sequitur.

106 2622 174 2680 Duo
189 2621 273 2698 primi
287 2632 354 2682 sunt
367 2623 477 2698 directi,
493 2625 542 2701 qui
557 2623 686 2683 seruntur·
700 2625 729 2682 in
744 2625 979 2701 promissionem;
1002 2624 1117 2682 Tertius
1132 2633 1175 2682 cst
1189 2623 1314 2682 reflexus

108 2700 158 2778 qui
174 2701 264 2759 sertm
278 2701 307 2759 in
321 2712 416 2761 actum
431 2702 580 2762 directum.
624 2703 672 2761 llli
690 2704 925 2780 justificationem
950 2703 1124 2780 praecedunt,
1147 2703 1171 2759 si
1192 2723 1249 2760 non
1271 2723 1316 2761 or·

109 2781 177 2838 dine
198 2781 344 2858 temporis,
367 2782 469 2841 saltem
491 2791 608 2857 naturae,
631 2791 663 2842 ut
684 2786 747 2861 ejus
768 2803 871 2857 causa3
903 2783 964 2840 Istc
978 2801 1047 2839 vero
1062 2801 1124 2839 eam
1140 2782 1270 2857 sequitur
1284 2790 1317 2840 ut

109 2859 238 2918 effectus.
282 2861 364 2920 Licet
378 2881 447 2920 vero
461 2863 574 2938 utrique
595 2861 633 2920 ad
653 2862 740 2921 fidem
754 2863 962 2939 justificantem
976 2859 1145 2937 pertineant,
1161 2879 1219 2917 non
1234 2880 1315 2937 seque

107 2949 204 2997 tamen
225 2939 269 2997 illi
290 2949 357 2998 sunt
377 2941 553 3016 essentiales,
577 2941 625 3000 vel
645 2942 682 3000 ab
704 2962 737 3000 ea
758 2940 972 3018 inseparabiles.
1014 2940 1088 2997 Nam
1104 2938 1161 2996 duo
1175 2940 1259 3016 primi
1275 2941 1316 2997 ita

106 3027 174 3077 sunt
198 3019 365 3078 essentiales
390 3019 466 3094 fidei,
491 3028 523 3079 ut
546 3021 607 3079 sine
629 3021 688 3078 illis
710 3040 794 3080 nemo
818 3019 909 3097 possit
937 3038 1000 3077 csse
1024 3037 1110 3076 verus
1132 3018 1234 3094 fidelis,
1266 3020 1313 3077 vel

108 3099 345 3176 justificationem
361 3100 517 3176 consequi;
550 3100 601 3159 sed
622 3100 723 3160 tertius
744 3120 802 3158 non
817 3098 936 3174 aequelis
951 3107 995 3156 est
1009 3097 1197 3171 necessitatis,
1214 3098 1315 3156 saltem

110 3179 207 3255 quoad
221 3179 399 3254 exercitium,
422 3188 451 3238 et
471 3179 566 3255 potius
580 3180 705 3256 pertinet
726 3179 762 3237 ad
783 3177 986 3257 perfectionem
1007 3176 1084 3251 fidei,
1102 3197 1188 3252 quam
1202 3177 1239 3234 ad
1253 3179 1317 3254 ejus

109 3258 284 3333 essentiam
315 3278 380 3317 cum
405 3267 514 3317 oenum
538 3258 575 3316 sit
600 3279 699 3318 verum
722 3258 838 3318 fidelem
862 3277 946 3335 posse
971 3255 1125 3332 aliquando
1150 3256 1201 3314 illo
1229 3276 1316 3315 sensu

109 3356 215 3397 carere.

150 3417 187 3474 V.
210 3417 290 3475 Hinc
310 3425 389 3494 patet
409 3416 629 3495 applicationem
651 3417 804 3494 specialem
828 3415 1049 3493 promissionum
1074 3414 1217 3492 duplicem
1232 3434 1316 3476 csse:

110 3496 209 3555 Aliam
224 3517 290 3573 quae
304 3496 422 3573 respicit
435 3497 631 3556 remissionem
641 3505 832 3574 peccatorum,
848 3504 880 3555 ut
894 3496 1001 3554 bonum
1016 3503 1093 3553 certo
1109 3493 1296 3553 obtinendum
1308 3518 1315 3571 ;

109 3576 209 3634 Aliam
224 3597 289 3653 quae
310 3575 390 3634 illam
411 3576 546 3650 intuetur,
569 3584 601 3634 ut
621 3575 728 3634 bonum
746 3577 808 3653 jam
829 3575 975 3635 collatum.
1019 3575 1148 3651 Utraque
1164 3574 1317 3652 distinguit

106 3656 194 3714 fidem
212 3655 419 3730 justificantem
434 3655 470 3714 ab
484 3655 639 3730 historica3
662 3655 713 3714 sed
734 3655 826 3732 prima
845 3655 906 3714 sula
920 3663 964 3713 est
977 3654 1139 3731 praecipuus
1153 3663 1235 3714 actus
1249 3655 1318 3713 fidei

107 3736 159 3810 qui
173 3754 226 3792 uos
236 3733 385 3810 justificat,
402 3734 528 3794 secunda
548 3754 618 3792 vero
638 3755 701 3793 eam
721 3735 851 3810 sequitur
870 3743 903 3793 ut
917 3734 980 3811 ejus
994 3732 1113 3793 fructus.
1156 3733 1244 3792 Fides
1257 3733 1317 3791 his·

111 3813 203 3871 torica
215 3813 332 3888 respicit
345 3814 562 3890 promissionem
575 3814 730 3891 Evangelii
750 3833 827 3872 mere
848 3814 1012 3888 theoretice,
1035 3813 1097 3871 sine
1118 3813 1178 3870 ulla
1192 3812 1317 3888 applica·

112 3891 201 3949 tione.
255 3890 314 3948 Sed
333 3891 405 3951 fides
431 3893 594 3970 justificans
618 3894 739 3952 ulterius
760 3893 861 3966 tendit,
884 3892 952 3951 dum
974 3891 1042 3951 sacit
1063 3899 1095 3950 ut
1115 3891 1201 3948 home
1223 3890 1317 3948 fidelis

111 3969 248 4046 respiciat
261 3970 465 4045 promissiones
485 3980 518 4031 ut
534 3972 691 4032 destinatas
705 3972 920 4051 poenitentibus,
935 3992 972 4030 ex
987 3990 1107 4047 quorum
1122 3987 1241 4027 numero
1255 3969 1316 4044 ipse

112 4051 167 4125 sit;
183 4067 270 4126 quam
285 4049 504 4125 applicationem
524 4071 577 4109 nec
594 4053 747 4112 Daemones
766 4071 819 4110 nec
841 4051 1059 4128 lmpoenitentes
1080 4048 1173 4106 facere
1187 4055 1316 4124 possunt.

113 4131 199 4188 Hane
223 4147 292 4186 vero
317 4127 536 4204 applicationem
558 4131 614 4188 elia
635 4132 744 4209 excipit
766 4151 818 4208 per
842 4140 937 4189 actum
962 4129 1110 4202 reflexum,
1133 4147 1190 4205 quo
1214 4127 1318 4186 videns

110 4209 207 4268 fidelis
229 4227 260 4266 se
283 4207 448 4284 credidisse,
472 4216 550 4267 certo
574 4211 762 4285 persuadetur
788 4217 906 4287 peecata
934 4228 986 4268 sua
1014 4208 1068 4267 sibi
1097 4227 1161 4266 esse
1188 4207 1318 4266 remissa.

113 4289 211 4348 Prima
233 4287 388 4366 applicatio
411 4298 455 4347 est
467 4289 578 4366 fiducia
602 4291 775 4365 adhaesionis,
800 4308 958 4366 perquam
984 4287 1095 4346 scilicet
1118 4287 1159 4362 fit,
1181 4295 1214 4346 ut
1232 4288 1319 4346 homo

111 4369 283 4448 confugiens
307 4367 345 4427 ad
370 4367 525 4443 Christum,
548 4367 591 4424 illi
611 4368 750 4428 innitatur
770 4376 799 4427 et
820 4367 983 4440 adhaereat;
1015 4367 1117 4425 Altera
1142 4375 1186 4425 est
1206 4368 1318 4445 fiducia

110 4471 213 4525 sanus,
229 4469 294 4528 qua
308 4448 410 4509 nititur
424 4469 511 4508 sensu
526 4447 633 4506 Christi
646 4449 761 4527 recepti,
777 4456 807 4506 et
821 4447 851 4505 iu
866 4465 899 4505 eo
914 4446 1090 4504 remissionis
1105 4445 1233 4504 indultae.

153 4529 209 4589 VI.
232 4531 331 4607 Atque
359 4529 426 4588 hinc
449 4528 533 4588 facile
552 4527 742 4605 respondetur
764 4526 802 4585 ad
823 4525 1025 4600 Quaestionem,
1052 4545 1116 4599 quse
1139 4524 1186 4580 hic
1208 4525 1319 4582 moveri

111 4609 204 4669 solet:
226 4609 278 4668 An
292 4610 437 4686 objectum
451 4607 520 4668 fidei
534 4607 671 4667 salvificae
693 4607 731 4666 sit
750 4606 881 4665 remissio
902 4611 1092 4681 peccatorum,
1122 4602 1170 4659 vel
1189 4602 1251 4678 jam
1265 4601 1318 4659 im·

111 4696 233 4766 petrata,
262 4689 311 4747 vel
334 4689 429 4748 adbuc
457 4687 659 4765 impetranda?
701 4686 787 4746 Unde
808 4681 979 4743 Adversarii
999 4680 1179 4740 oceasmncm
1202 4689 1320 4740 sumunt
