3186 5210
283 334 341 390 196
650 345 741 386 aecus
758 347 888 387 1111111
903 345 1038 395 curares.
1283 323 1403 406 [eures-r.
1418 345 1470 384 1111.

280 491 353 567 ejus,
370 499 399 548 et
412 509 500 547 unum
513 507 578 546 cum
593 487 664 564 ipse,
681 495 710 546 ct
732 487 867 552 Christus,
885 487 947 564 ipse
971 487 1126 545 habitatin
1142 485 1234 561 uobis,
1252 486 1326 563 Eph.
1341 486 1379 544 iii.
1395 489 1434 558 11,
1448 497 1471 544 11

282 591 335 628 nes
349 571 379 626 in
393 569 464 645 ipse,
480 569 502 627 J
504 569 550 624 eh.
566 588 615 624 xv.
632 571 659 625 5.
703 569 750 624 Ex
765 588 822 644 qua
836 566 941 626 unione
956 586 1142 644 personarum
1157 566 1248 625 oritur
1261 566 1417 624 communie
1429 565 1468 624 be·

281 649 448 707 neficierum
464 648 579 720 Christi,
596 647 632 705 ad
647 668 711 723 quta
725 667 777 725 per
790 647 925 705 unionem
941 649 1084 724 cumipse
1095 647 1144 723 jus
1154 645 1336 722 acquirimus,
1348 646 1468 723 justifica·

282 730 389 787 tionem
405 728 524 802 scilicet,
540 727 734 804 adoptionem,
751 727 1014 800 sanctificationem,
1030 735 1060 785 ct
1070 727 1318 802 glorificationem.

282 845 304 890 6.
315 847 525 892 Actusreflaxus·
588 807 630 863 X.
655 810 762 864 Sextus
784 816 828 865 est
852 809 938 864 Actias
959 808 1079 883 reflexus
1093 827 1130 864 ex
1145 826 1232 863 sensu
1247 805 1315 863 fidei
1329 815 1411 878 ortus,
1424 824 1471 880 que

520 880 526 899 ’
547 886 650 960 anima,
667 906 731 962 quae
748 887 893 944 Christum
908 886 948 944 ita
962 886 1071 963 recipit,
1084 887 1114 942 in
1129 885 1254 962 seipsam
1269 885 1381 956 reflexa,
1396 893 1422 942 ct
1434 905 1471 940 ac·

282 974 345 1024 tum
360 965 500 1023 ditcetum
511 967 713 1041 persuasionis,
730 966 843 1042 refugii,
855 976 883 1024 et
893 966 1065 1042 receptionis
1080 965 1110 1022 in
1125 965 1211 1023 cerdo
1226 985 1279 1024 aue
1294 965 1468 1038 1111111111-

282 1045 374 1104 eludit
388 1066 418 1103 sc
433 1045 557 1118 credere,
574 1054 603 1103 et
617 1046 685 1121 quia
699 1046 798 1120 credit,
824 1046 968 1104 Christum
994 1055 1072 1103 certe
1091 1065 1143 1121 pro
1166 1065 1196 1103 se
1212 1054 1356 1103 mortuum
1370 1064 1434 1117 esse,
1447 1053 1471 1100 ct

283 1145 349 1183 cum
364 1125 499 1182 omnibus
514 1126 574 1183 suis
588 1125 735 1183 benefieiis
750 1125 787 1183 ad
802 1146 831 1183 se
846 1126 996 1201 pertinere,
1013 1135 1042 1183 et
1056 1145 1086 1183 se
1107 1145 1158 1201 per
1173 1125 1269 1201 ipsum
1284 1135 1359 1182 certe
1373 1123 1471 1181 beatum

283 1205 327 1262 iri.
371 1205 443 1262 Cum
458 1204 534 1262 enim
548 1206 706 1282 premissus
722 1206 759 1263 sit
774 1206 907 1263 omuibus
921 1205 1049 1281 fatigatis
1067 1224 1152 1263 sensu
1167 1204 1288 1282 peceati,
1304 1213 1333 1262 ct
1346 1204 1381 1262 ad
1394 1204 1472 1280 ipsum

284 1284 528 1361 confugientibus,
545 1294 574 1343 et
585 1285 695 1343 sincere
707 1305 771 1343 eum
781 1286 994 1361 recipientibus
1011 1285 1049 1343 id.
1061 1305 1129 1342 vere
1144 1285 1174 1342 in
1189 1285 1285 1361 ipsum
1300 1283 1472 1353 credentibus,

284 1364 393 1422 Anima
406 1364 500 1422 fidelis
515 1385 572 1422 nen
587 1374 682 1442 potest
697 1385 726 1422 se
738 1365 887 1440 fatigatam
902 1365 1123 1442 deprehendere,
1136 1372 1165 1422 et
1176 1365 1277 1422 videre
1293 1384 1322 1422 se
1337 1364 1388 1422 hee
1401 1362 1473 1419 mede

283 1444 321 1501 ad
336 1444 481 1502 Christum
497 1444 719 1520 confugientem,
736 1454 765 1520 ct
779 1445 823 1500 illi
836 1445 1015 1519 innitentem,
1028 1445 1099 1521 quin
1110 1445 1207 1503 statim
1223 1443 1377 1502 concludat
1390 1443 1472 1500 Chris·

285 1533 346 1582 tum
362 1544 444 1582 suum
459 1545 531 1599 esse,
547 1534 577 1583 et
592 1545 622 1582 se
636 1525 722 1597 illius,
739 1544 791 1581 nce
806 1525 959 1600 quicquam
975 1545 1037 1582 csse
1052 1523 1130 1600 qued
1144 1525 1181 1582 ab
1195 1524 1276 1582 illius
1290 1543 1383 1582 amera
1397 1523 1473 1598 ipsam

284 1625 416 1680 separare
431 1614 526 1681 queat.
569 1603 737 1682 Cujusmedi
752 1613 833 1662 aetus
844 1605 873 1660 iu
892 1605 983 1663 Paule
998 1604 1130 1679 occurrit,
1147 1604 1212 1663 Gal.
1229 1604 1259 1662 ii.
1276 1607 1324 1679 20,
1339 1623 1420 1679 quum
1433 1601 1473 1672 ait,

286 1684 477 1743 “Crucifixus
499 1705 562 1741 sum
584 1705 648 1742 eum
671 1684 794 1756 Christo,
815 1692 844 1741 et
865 1684 933 1742 vivo
955 1705 1013 1742 non
1033 1704 1097 1761 ege,
1114 1685 1165 1741 sed
1187 1683 1322 1742 Christus
1343 1683 1371 1739 in
1390 1701 1437 1753 me,
1451 1690 1474 1737 et

284 1764 362 1840 quod
378 1765 406 1821 in
421 1784 505 1822 earne
521 1765 598 1838 vive,
614 1764 683 1821 vive
705 1764 735 1821 in
756 1764 812 1821 fide
834 1764 902 1821 Filii
921 1764 984 1837 Dei,
1000 1764 1050 1841 qui
1067 1784 1112 1821 me
1127 1763 1240 1838 dilexit,
1256 1772 1287 1822 et
1301 1763 1419 1840 seipsum
1432 1779 1474 1836 pre

285 1865 329 1908 me
345 1843 492 1902 tradidit.”
524 1845 563 1901 Et
579 1843 680 1901 aTim.
691 1843 709 1901 i.
728 1847 773 1917 12,
786 1847 804 1876 “
814 1843 890 1900 h'evi
902 1844 948 1902 cui
957 1843 1096 1917 eredidi,’'
1108 1843 1211 1919 inquit,
1226 1847 1244 1876 “
1255 1853 1284 1901 et
1298 1842 1374 1920 qued
1388 1842 1420 1900 sit
1433 1859 1474 1916 po·

285 1933 349 1982 tens
364 1923 400 1981 ad
415 1923 588 1982 servandum
603 1923 765 2000 depositum
781 1925 905 1981 meum.'’

284 2043 298 2088 7
318 2043 525 2087 Actusconfiden-
588 2003 646 2060 XI.
671 2003 757 2061 Hunc
773 2023 841 2062 vere
857 2013 951 2062 aetum
974 2003 1089 2079 exeipit,
1113 2004 1245 2080 septime,
1268 2005 1353 2060 Actus
1367 2001 1474 2058 console·

301 2075 356 2144 'ein
372 2107 397 2144 ee
416 2101 526 2145 coensem·
547 2083 627 2140 tionis
642 2091 670 2141 ct
685 2085 862 2161 corfidentioe,
879 2083 926 2159 qui
950 2083 1082 2141 censistit
1103 2082 1132 2139 in
1154 2083 1263 2158 gaudie
1278 2082 1337 2157 ille,
1352 2077 1474 2156 tranquil·

314 2161 396 2203 tionis.
545 2163 636 2236 litate,
653 2183 731 2240 pace,
747 2163 967 2240 acquiescentiu,
984 2172 1012 2220 et
1036 2163 1235 2236 delectatione,
1253 2182 1319 2238 quae
1333 2181 1369 2219 ex
1384 2157 1474 2218 Christi
1540 2205 1541 2214 2

284 2243 465 2320 possessione
477 2243 575 2314 oritur,
588 2263 638 2317 per
652 2263 737 2319 quem
749 2245 845 2300 anima
855 2243 949 2300 fidelis
959 2243 1085 2300 innitens
1096 2241 1201 2300 dilecte
1213 2263 1276 2316 sue,
1291 2243 1371 2300 Cant.
1386 2239 1439 2298 viii.
1453 2240 1474 2299 5.

285 2332 314 2380 11
329 2342 387 2379 suae
403 2322 458 2378 sibi
472 2341 538 2379 cum
556 2322 670 2379 Christe
692 2322 807 2381 unionis
828 2343 878 2400 per
898 2322 985 2380 fidem
999 2322 1167 2380 arctissimae
1182 2323 1308 2396 conscia,
1324 2331 1352 2379 et
1365 2333 1436 2378 certa
1447 2317 1475 2373 dc

285 2401 330 2458 sui
353 2419 418 2457 eum
443 2401 505 2476 ipse
528 2411 628 2457 mutua
650 2403 850 2460 communione
871 2411 900 2460 et
923 2421 1027 2477 amore,
1044 2403 1090 2479 pic
1115 2403 1227 2460 exultat
1247 2413 1279 2460 et
1300 2397 1476 2459 deliciaturin

286 2479 420 2554 Domine,
438 2479 577 2556 gloriatur
592 2480 621 2536 in
635 2481 773 2556 adversis,
790 2490 819 2540 et
830 2483 949 2558 quosvis
963 2483 1062 2540 hostes
1076 2483 1203 2540 animose
1217 2489 1358 2559 provocat
1372 2487 1398 2538 et
1411 2495 1474 2554 sper·

285 2561 336 2635 nit,
355 2559 438 2618 Rem.
455 2559 515 2618 viii.
531 2561 579 2633 38,
596 2562 643 2634 39,
659 2568 688 2618 ct
701 2559 815 2618 laetatur
829 2561 936 2637 gaudie
959 2562 1097 2620 ineffabili
1119 2570 1148 2619 et
1165 2562 1303 2637 glorioso,
1321 2565 1336 2618 l
1353 2561 1410 2618 Pet.
1424 2558 1439 2614 i.
1452 2557 1474 2626 8,

285 2641 468 2717 requiescens
479 2639 532 2698 sub
542 2639 643 2697 umbra
652 2640 762 2697 arboris
773 2641 849 2715 vitae,
860 2649 889 2698 et
898 2641 1073 2700 dulcissimis
1082 2642 1160 2700 illius
1172 2642 1316 2700 fructibus
1330 2661 1360 2699 sc
1375 2637 1474 2706 satians,

286 2722 368 2779 Cant.
383 2720 413 2777 ii.
429 2723 456 2794 3,
470 2728 556 2792 certa,
568 2719 658 2794 illum,
672 2720 720 2796 qui
732 2719 838 2778 benum
850 2741 922 2797 epus
937 2722 1031 2798 eoepit,
1048 2722 1120 2780 illud
1134 2731 1331 2797 promoturum
1347 2716 1475 2795 etperfee·

285 2810 382 2859 turum
395 2799 593 2858 infallibiliter.
636 2801 726 2876 Cujus
740 2800 905 2877 exemplum
928 2801 1050 2860 habetur
1070 2802 1098 2858 in
1117 2802 1236 2878 Sponsa,
1253 2801 1338 2860 Cant.
1356 2801 1383 2857 ii.
1400 2799 1439 2870 16,
1453 2801 1475 2850 ct

285 2881 335 2939 vii.
353 2883 407 2955 103
425 2880 547 2953 Davide,
565 2880 641 2938 Psal.
657 2881 717 2941 xvi.
734 2883 760 2955 7,
777 2883 804 2954 8,
821 2881 898 2938 cxvi.
914 2890 942 2938 et
953 2882 1071 2957 cxviii.;
1089 2882 1188 2956 Paulo,
1206 2882 1291 2940 Rem.
1307 2880 1366 2938 viii.
1382 2879 1424 2952 38,
1435 2877 1473 2946 39,

286 2970 316 3019 11
331 2961 465 3019 omnibus
478 2959 620 3034 fidelibus,
634 2960 719 3019 Rem.
734 2981 763 3018 v.
778 2964 802 3036 1,
814 2965 841 3018 2.

328 3039 405 3098 XII.
428 3042 527 3117 Atque
541 3040 588 3098 hie
611 3048 774 3118 postremus
797 3050 886 3116 actus,
902 3060 961 3098 nen
974 3041 1042 3099 fidei
1064 3040 1218 3100 essentiam
1235 3041 1350 3117 proprie
1364 3033 1473 3115 ingredi·

286 3129 333 3178 tur
347 3129 376 3178 ct
391 3121 539 3179 constituit
554 3129 690 3196 tanquam
705 3122 768 3196 ejus
782 3120 880 3194 ferma,
898 3121 949 3178 sed
970 3141 1007 3178 ex
1028 3141 1063 3179 ea
1083 3120 1146 3179 fluit
1160 3129 1297 3196 tanquam
1313 3133 1474 3193 consequeus

287 3201 480 3258 necessarium
495 3209 524 3257 et
538 3199 656 3258 effectus
670 3201 878 3276 inseparabilis.
923 3200 984 3257 Alii
999 3221 1067 3258 vere
1082 3200 1119 3258 ad
1134 3219 1197 3258 eam
1211 3200 1325 3277 proprie
1340 3197 1473 3277 pertinent,

287 3289 317 3337 ct
331 3280 428 3337 sedem
444 3299 524 3336 111111
539 3279 646 3339 habent
660 3282 764 3355 partim
779 3279 808 3337 in
823 3280 980 3354 intellectu,
992 3281 1096 3356 partim
1112 3281 1141 3337 in
1156 3280 1316 3339 voluntate.
1359 3279 1392 3336 ln
1405 3272 1473 3333 iutel-

287 3359 365 3415 lectu
386 3367 466 3416 actus
488 3358 670 3432 cognitionis,
695 3369 724 3418 ct
745 3380 889 3434 assensus,
913 3359 972 3435 qui,
995 3360 1063 3418 licet
1084 3360 1266 3436 requirantur
1287 3361 1317 3417 in
1337 3358 1399 3430 fide,
1428 3370 1474 3411 neu

288 3436 467 3494 constituunt
475 3436 569 3493 adhuc
580 3438 643 3512 ejus
654 3437 802 3496 formalem
813 3449 917 3514 actum,
930 3439 979 3515 qui
991 3439 1020 3496 in
1031 3440 1216 3516 persuasione
1227 3441 1341 3517 proprie
1353 3432 1473 3503 censistit,

288 3534 353 3591 quae
368 3514 530 3571 intellectus
544 3523 597 3572 est.
641 3515 676 3572 In
691 3519 839 3576 voluntate
854 3538 923 3576 vere
938 3517 1090 3595 refugium,
1103 3527 1132 3578 et
1143 3519 1277 3596 receptio,
1291 3539 1342 3578 scu
1356 3511 1473 3576 adhaeeio.

331 3593 426 3650 Xlll.
450 3593 556 3650 Mirum
577 3603 673 3652 autem
697 3597 787 3655 videri
809 3617 867 3655 nen
888 3598 981 3672 debet,
998 3600 1077 3675 qued
1094 3599 1167 3657 fides
1182 3607 1324 3658 statuatur
1338 3599 1367 3654 in
1381 3593 1474 3654 duabus

289 3672 391 3730 animae
407 3670 599 3730 facultatibus.
643 3674 668 3730 N
671 3694 717 3731 am
731 3686 921 3754 praeterquam
936 3679 1022 3753 qued,
1036 3699 1094 3738 nen
1109 3679 1192 3756 pauci
1203 3699 1256 3736 nee
1268 3677 1406 3756 ignobiles
1418 3669 1472 3730 Phi·

288 3751 402 3830 losephi
416 3751 528 3809 nullum
542 3753 617 3810 reale
633 3752 786 3812 discrimen
801 3757 875 3814 inter
894 3757 1071 3817 intellectum
1086 3770 1116 3818 ct
1129 3759 1308 3817 veluntatem
1323 3757 1473 3833 agnoscunt,

290 3833 341 3893 sed
363 3833 487 3891 animam
510 3852 568 3908 qua
590 3833 796 3909 intelligentem
821 3846 850 3894 11
872 3846 1102 3913 cognoscentem,
1118 3839 1294 3896 intellectum
1310 3837 1368 3895 dici
1380 3832 1472 3898 111111,

289 3935 347 3992 qua
361 3933 429 3971 vere
441 3913 586 3972 volentem
598 3922 626 3970 et
637 3922 827 3990 appetentem,
839 3916 1018 3976 veluntatem
1034 3941 1041 3993 ;
1065 3920 1130 3976 Non
1149 3919 1243 3994 magis
1254 3923 1392 3993 repugnat
1402 3911 1472 3970 fidem
1537 3923 1538 3930 ¹

290 3995 328 4052 ad
342 3993 414 4052 duas
425 3993 576 4051 facultates
590 3993 740 4070 pertinere,
756 4015 842 4071 quam
864 3995 912 4055 vel
932 3997 1068 4056 Liberum
1084 3998 1253 4072 Arbitrium,
1270 3998 1317 4056 vel
1333 3992 1473 4070 Imaginem

291 4075 356 4149 Dei,
371 4094 435 4150 quae
457 4074 561 4150 partim
583 4074 612 4131 in
634 4073 791 4150 intellectu,
807 4076 911 4153 partim
933 4078 962 4134 in
986 4079 1135 4137 voluntate
1151 4077 1248 4136 sedem
1262 4076 1376 4136 habent.
1415 4073 1473 4128 tum

291 4153 363 4213 fides
374 4175 432 4212 nen
447 4155 484 4213 sit
499 4153 614 4213 habitus
626 4173 699 4212 unus
711 4163 739 4213 et
750 4156 882 4234 simplex,
896 4157 947 4215 sed
958 4157 1133 4234 compositus
1144 4166 1174 4216 et
1184 4177 1235 4234 per
1248 4153 1472 4233 aggregationem,

290 4233 340 4312 qui
355 4233 474 4310 preinde
489 4234 543 4291 sub
558 4235 642 4292 unice
660 4244 801 4312 conceptu
822 4237 1025 4312 comprehendi
1039 4257 1096 4294 nen
1111 4239 1210 4314 possit,
1227 4237 1278 4294 scd
1292 4235 1386 4292 varies
1398 4227 1472 4288 inclu-

291 4315 341 4372 dat
355 4313 409 4370 sibi
426 4312 635 4388 subordinatus,
652 4314 702 4389 qui
716 4316 753 4372 ad
768 4325 918 4392 utramque
933 4315 1097 4374 facultatem
1114 4317 1186 4375 bene
1201 4315 1368 4374 referuntur.
1447 4382 1460 4394 ..

332 4392 422 4450 XIV.
446 4391 543 4467 Atque
557 4393 623 4450 hinc
647 4402 734 4469 putet,
750 4414 898 4472 perperam
921 4395 1137 4471 Bellarminum,
1153 4405 1182 4454 et
1195 4396 1268 4454 alies
1282 4415 1318 4454 ex
1333 4386 1472 4450 Pontifiellfl

291 4472 376 4530 fidem
392 4471 432 4530 ita
446 4471 476 4528 in
490 4471 638 4530 intellectu
652 4473 801 4546 collocare,
818 4483 849 4532 ut
871 4483 978 4550 negent
1000 4496 1063 4534 cam
1086 4496 1149 4534 esse
1172 4476 1202 4533 in
1221 4475 1377 4534 voluntate.
1415 4467 1472 4524 Cum

292 4551 367 4610 enim
382 4559 494 4610 constet
505 4549 589 4607 fidem
599 4571 651 4627 pre
663 4553 777 4628 objecto
788 4553 893 4612 habere
904 4574 962 4612 non
977 4555 1070 4614 solum
1086 4576 1194 4630 verum,
1211 4555 1261 4614 scd
1277 4555 1360 4613 etiam
1373 4551 1471 4632 b⁰¹¹¹¹ll

292 4639 320 4688 ct
335 4630 476 4707 praecipue
492 4630 629 4688 consistet
644 4631 673 4688 in
688 4632 799 4708 refugio
810 4633 848 4706 ad
859 4633 1004 4693 Christum
1020 4644 1048 4694 et
1063 4637 1125 4713 ejus
1140 4636 1310 4714 receptione,
1325 4631 1387 4710 quis
1400 4623 1471 4685 dubio
