3108 5198
206 337 223 392 8
682 351 773 393 noros
787 348 967 392 unoncrnus.
1241 329 1369 410 [eumer.
1385 349 1419 390 rr.

510 491 622 554 XXII.
652 494 843 574 siquenm,
870 489 1021 567 Quomodo
1044 490 1209 565 conveniat,
1232 490 1281 550 vel
1305 489 1425 550 differat

209 559 334 610 Q¹¹⁰¹¹¹⁰d⁰
342 559 393 605 1¹⁰¹
406 573 448 604 ¹²²*
468 576 533 634 Len
546 576 600 634 uto
613 577 753 635 naturalis
767 595 784 632 a
799 576 874 650 Lege
892 571 1020 630 morali?
1062 571 1225 650 Responsio
1243 580 1288 631 est
1309 571 1425 631 facilis:

238 619 326 663 trualis
350 617 449 664 differat
584 656 589 668 .
876 653 882 666 .
1051 650 1058 664 .
1179 651 1185 664 .
1224 651 1230 664 .
1254 653 1260 666 .

241 690 256 720 a
276 676 341 736 Lege
360 677 447 720 merui
469 675 623 715 convenire
637 656 734 733 quoad
746 657 936 727 substanttam,
962 659 991 710 et
1005 659 1115 710 ratione
1131 671 1348 728 prenapwrum,
1372 652 1427 711 sed

238 797 280 838 ’ω’
473 815 549 875 enim
571 816 665 874 officia
684 824 746 875 tum
768 834 838 892 erga
859 813 963 887 Dema
988 819 1051 870 tum
1075 832 1144 890 erga
1165 813 1337 890 proximum,
1359 832 1428 889 quas

218 893 298 972 Lege
311 894 414 954 morali
424 894 659 972 praeseribuntur,
676 895 755 972 Lege
768 893 894 954 annuali
905 892 994 951 etiam
1013 893 1214 968 eontinentur3
1236 892 1288 952 sed
1302 893 1427 952 diversi-

237 749 281 789 per
301 735 394 780 Mosam
413 735 448 780 la·
468 734 582 794 differre
596 736 693 813 quoad
713 735 876 808 accidnttia
892 741 922 790 et
940 731 1051 790 ratione
1069 732 1291 792 camlunenum:
1312 731 1426 791 Eadem

210 982 255 1034 tas
270 983 315 1034 est
328 974 438 1034 ratione
452 975 530 1034 modi
542 976 682 1050 tradendi,
708 975 777 1053 quia
798 975 829 1032 in
854 973 933 1050 Lege
957 972 1060 1030 morali
1080 972 1137 1031 ista
1150 971 1342 1049 officiaelare,
1365 973 1425 1032 dis-
1543 1039 1544 1044 .

211 1055 301 1114 tincta
326 1062 356 1113 et
376 1055 461 1133 plene
481 1055 681 1132 declarantur;
704 1057 741 1114 In
755 1053 880 1114 naturali
893 1073 963 1112 vero
977 1051 1099 1111 obseura
1114 1060 1144 1111 et
1163 1052 1339 1130 imperfecte,
1361 1063 1427 1112 tum

212 1135 282 1212 quia
295 1134 394 1194 multa
408 1135 519 1196 notitiae
533 1137 646 1197 amissa
661 1144 729 1196 sunt
743 1143 773 1194 et
786 1135 946 1194 obliterata
960 1151 1012 1209 per
1024 1141 1184 1209 pascuum,
1199 1141 1261 1192 turn
1275 1133 1344 1210 quia
1357 1134 1426 1192 reli·

213 1235 278 1353 puae
292 1215 373 1274 varie
393 1223 535 1292 corruptae
549 1226 617 1275 sunt
629 1215 759 1274 vanitate
773 1225 803 1274 et
814 1213 928 1272 malitia
940 1212 1100 1288 hominum,
1114 1213 1199 1272 Rern.
1214 1213 1233 1271 i.
1245 1215 1294 1289 20,
1310 1217 1425 1289 21,-2t,
1538 1268 1539 1281 ,

244 1315 286 1371 c.;
312 1295 340 1354 N
341 1313 357 1353 e
367 1295 429 1372 jam
443 1296 501 1356 alia
515 1295 682 1355 discrimina
694 1313 909 1373 persequamur,
918 1301 951 1352 ut
966 1292 1051 1367 Quod
1066 1293 1131 1351 Lex
1142 1292 1283 1352 naturalis
1296 1292 1427 1372 insculp·
1538 1299 1539 1344 ἓ

214 1383 246 1434 ta
259 1375 298 1434 sit
309 1374 446 1434 cordibus
460 1375 618 1450 hominurn,
635 1375 756 1434 Moralis
770 1374 908 1450 inscripta
921 1372 1028 1432 tabulis
1048 1372 1187 1450 lapideis;
1210 1372 1295 1447 Quod
1314 1374 1368 1432 illa
1387 1373 1427 1433 ad

214 1472 315 1514 omnes
328 1453 359 1514 in
372 1454 539 1514 universum
553 1456 704 1534 pertineat,
721 1456 784 1514 Ista
803 1472 873 1512 vero
894 1452 933 1511 ad
946 1459 1065 1513 vocatos
1079 1461 1191 1512 tantum
1205 1472 1257 1530 per
1270 1453 1403 1513 Verbum
1415 1477 1423 1530 ;

214 1535 273 1592 Illa
286 1534 358 1592 nihil
371 1533 429 1594 nisi
449 1535 558 1596 morale
572 1535 726 1611 oondncat,
742 1535 806 1596 Ista
823 1532 957 1612 quaedam
971 1533 1181 1592 ceremonialia
1193 1533 1281 1592 etiam
1295 1533 1426 1594 admixta
1492 1573 1498 1590 .
1538 1619 1539 1634 ¹

215 1614 330 1674 lrabeat.

255 1693 387 1755 XXIII.
409 1693 496 1756 Unda
516 1693 601 1755 facile
620 1693 770 1773 colligitur
782 1693 865 1770 ratio,
886 1699 1104 1771 propterquam
1119 1692 1200 1752 Deus
1215 1692 1325 1770 Legem
1339 1693 1425 1754 istam
1539 1671 1540 1712 l

214 1794 266 1854 per
281 1775 394 1834 Mosam
414 1783 552 1853 repetere,
575 1783 604 1834 et
623 1775 736 1836 solenni
757 1773 844 1833 modo
863 1773 1074 1851 promulgatam
1087 1779 1119 1832 et
1133 1773 1281 1850 Deculogo
1296 1793 1426 1852 compre·
1538 1812 1539 1836 1

214 1855 335 1912 hessam
358 1855 465 1934 populo
490 1875 542 1916 suo
564 1863 595 1915 et
614 1855 685 1914 viva
704 1875 776 1914 voce
795 1854 909 1914 tradere
929 1861 959 1912 et
979 1853 1086 1929 scripto
1107 1853 1277 1930 consignare
1291 1854 1426 1914 voluerit.

216 1933 300 1994 Licet
311 1935 389 1993 enim
403 1935 434 1993 in
448 1943 552 1995 natura
564 1936 678 2012 integra
691 1935 764 1992 nihil
779 1953 851 2011 opus
872 1933 973 1992 fuisset
987 1933 1043 1991 ista
1056 1933 1307 2010 promrrlgatione;
1328 1942 1427 1994 tamen

235 2022 281 2073 ost
294 2023 444 2092 pecca-mm
464 2023 546 2075 tanta
566 2024 611 2074 est
624 2015 729 2074 mentis
743 2013 866 2088 caecitas,
882 2013 950 2072 talis
963 2014 1137 2090 perversitas
1150 2013 1319 2088 voluntatis,
1333 2022 1365 2073 et
1384 2014 1427 2073 as·
1539 2045 1540 2052 .

214 2032 342 2153 lbctuum
362 2094 547 2170 perturbatio,
562 2103 597 2152 nt
609 2095 640 2152 in
660 2087 788 2153 omnium
809 2091 945 2152 cordibus
958 2092 1088 2170 reliquiae
1100 2099 1214 2152 tautum
1228 2094 1316 2169 hujus
1335 2093 1427 2172 Iagis

217 2173 371 2249 supersint,
386 2181 524 2248 tanquam
537 2173 657 2250 picturae
672 2172 824 2250 cujusdam
838 2172 969 2246 exoletae,
985 2191 1049 2249 qua
1063 2172 1170 2232 ideireo
1184 2172 1286 2233 debuit
1298 2192 1371 2232 rece
1393 2195 1428 2234 ac

216 2270 305 2308 manu
319 2251 376 2310 Dei
390 2271 473 2328 quaer
487 2272 564 2313 novo
578 2253 714 2330 penicillo
727 2252 870 2311 renovari.
907 2251 993 2312 Unde
1008 2272 1102 2312 causa
1116 2252 1233 2312 fuerunt
1246 2253 1428 2330 gravissimas
1538 2259 1539 2274 ¹

216 2331 302 2390 istius
316 2331 565 2408 promulgationis.
610 2336 636 2390 1.
659 2333 701 2392 Ut
715 2335 780 2391 Lac
792 2331 933 2390 neutralis
946 2334 1161 2411 eonfimnareatr
1169 2333 1263 2410 magis
1274 2353 1308 2392 ac
1321 2334 1427 2412 magis,

216 2429 254 2468 ne
276 2411 385 2470 notitiae
410 2411 528 2487 reliquae
552 2411 691 2490 paulatim
713 2411 874 2471 diffluerent
886 2412 1036 2471 hominum
1050 2413 1177 2473 vanitate
1192 2421 1224 2471 et
1237 2413 1356 2488 malitis,
1378 2415 1429 2474 rol

216 2510 269 2569 pro
283 2490 400 2550 incertis
420 2498 450 2549 et
469 2489 565 2550 dubiis
579 2493 728 2552 hominum
742 2491 925 2569 opinionibus
938 2492 1121 2552 haberentur.
1164 2497 1192 2552 2.
1216 2491 1257 2552 Ut
1271 2495 1428 2571 corripere·
1536 2487 1537 2492 ἵ

217 2570 309 2629 turin
323 2571 368 2647 iis,
390 2570 420 2628 in
444 2571 550 2649 quibus
573 2581 707 2650 corrupta
731 2581 792 2632 orat
805 2592 856 2649 per
869 2572 992 2650 lapsum.
1034 2575 1063 2631 3.
1085 2572 1128 2633 Ut
1137 2575 1316 2650 suppleretur·
1329 2575 1427 2649 iniis,
1534 2599 1537 2609 ·

217 2670 282 2729 quae
297 2650 328 2708 in
341 2671 376 2710 ea
390 2651 628 2711 desiderabantur
642 2660 670 2711 et
685 2652 837 2711 obliterata
856 2660 948 2712 erent.
989 2655 1018 2710 4.
1041 2652 1084 2712 Ut
1097 2655 1267 2712 Mediatoris
1280 2655 1430 2714 manas

216 2730 435 2808 intelligeretur,
452 2739 482 2790 et
495 2732 558 2808 ejus
570 2732 744 2792 desiderium
755 2753 793 2790 ex
803 2731 928 2791 hominis
939 2739 968 2790 et
979 2731 1068 2808 Legis
1079 2733 1109 2790 in
1120 2753 1205 2792 carne
1215 2732 1386 2810 impotentia
1397 2735 1429 2792 in

218 2809 281 2869 dies
300 2809 403 2871 fortius
423 2811 637 2888 accenderetur,
653 2813 738 2872 Rom.
752 2811 794 2871 iii.
810 2813 857 2887 20,
880 2819 909 2870 et
929 2811 990 2870 viii.
1006 2814 1034 2886 3,
1049 2821 1079 2870 et
1092 2833 1122 2871 x.
1137 2815 1175 2888 t.
1202 2813 1229 2872 5.
1246 2812 1288 2872 Ut
1301 2813 1429 2892 populus

221 2889 401 2952 Isratli-ticus
419 2889 476 2950 liae
499 2891 578 2970 Lege
598 2892 629 2950 in
650 2911 738 2952 unam
753 2892 857 2969 Remp.
871 2891 1093 2968 consociaretur,
1108 2900 1138 2951 et
1155 2893 1194 2951 ab
1214 2892 1278 2952 aliis
1292 2894 1430 2954 omnibus

218 2971 334 3050 populis
347 2981 558 3051 segregaretur,
572 2973 690 3034 Denter.
703 2973 742 3032 is.
754 2973 782 3048 6,
799 2976 826 3048 7,
839 2979 869 3032 et
879 2971 959 3032 Psal.
971 2971 1072 3031 cxlvii
1086 2974 1133 3033 19.
1145 2976 1192 3048 20,
1206 2971 1330 3032 Roman.
1344 2975 1386 3035 ix.
1397 2979 1428 3035 4.

692 3209 888 3287 QUAESTIO
911 3211 953 3273 II.

614 3388 656 3428 oa
670 3381 792 3428 urruns
806 3387 891 3430 asum
906 3387 1044 3432 numus.

253 3527 301 3586 Aa
315 3527 465 3604 Praecpta
480 3529 621 3606 Deculopt'
631 3529 784 3589 statuae
794 3530 939 3590 natantia
952 3539 979 3590 et
991 3501 1238 3609 indupauabtlia!
1280 3531 1394 3594 Affirm.

261 3686 287 3744 I.
309 3685 394 3744 Circa
417 3686 527 3765 Legem
552 3687 694 3748 Moralem
718 3697 842 3768 quatuor
863 3689 1098 3769 quaeripossunt.
1141 3694 1169 3752 1.
1191 3691 1291 3767 Qualis
1306 3691 1345 3752 ait
1365 3693 1432 3770 ejus
1537 3654 1542 3735 l

219 3773 336 3826 natura.
378 3770 407 3826 2.
430 3767 567 3842 Quanam
577 3778 686 3844 partes.
729 3772 757 3828 3.
780 3770 851 3844 Quis
864 3791 939 3830 nsua.
980 3774 1009 3829 4.
1032 3771 1133 3845 Qualis
1146 3772 1302 3848 adrogatio.
1345 3773 1432 3832 Circa
1541 3774 1542 3782 ’

219 3858 352 3906 naturam
363 3845 541 3924 disceptatur
555 3849 591 3906 de
605 3849 669 3925 ejus
684 3849 924 3924 immutabilitate,
934 3859 965 3909 ct
975 3850 1167 3928 porrection03
1188 3851 1270 3910 Circa
1283 3859 1381 3930 partes
1392 3852 1430 3911 de

221 3925 372 3984 Diuisione
385 3927 607 4005 Praeceptorum,
622 3937 762 3988 eteorum
776 3929 903 4006 genuino
915 3949 1019 4006 senau;
1043 3931 1126 3990 Circa
1138 3951 1233 4006 usum,
1248 3931 1285 3990 de
1299 3933 1364 4009 ejus
1375 3951 1430 3992 usu

220 4005 1429 4088 velabsoluto,velrespectivo,quoadverioshominisstatusinnatura,inpeccato,

220 4094 250 4143 et
264 4085 294 4142 in
309 4085 419 4161 gratia3
444 4086 527 4147 Circa
540 4089 766 4166 abrogationem,
782 4109 840 4166 quo
855 4109 941 4148 sensu
955 4088 1068 4149 dicatur
1081 4091 1229 4168 abrogata,
1245 4099 1346 4168 etque
1361 4111 1429 4151 non.

250 4207 306 4254 stat
426 4237 434 4246 ι
526 4168 568 4228 II.
590 4169 689 4228 Prima
712 4169 841 4244 Quaestio
863 4169 900 4227 de
921 4177 1028 4228 natac
1051 4171 1136 4246 Legat
1158 4171 1276 4229 moralis
1296 4179 1431 4230 versatur

308 4209 425 4312 liedda
485 4247 561 4306 eirca
587 4250 652 4326 ejus
675 4249 989 4326 induperatricem
1017 4249 1069 4308 Ad
1092 4251 1176 4328 cujus
1196 4250 1429 4329 intelligentiam,

222 4327 258 4371 De
278 4332 374 4396 naam·
389 4325 460 4385 negiu
484 4331 509 4387 1.
533 4328 738 4388 Praernittenda
752 4337 796 4388 est
810 4327 957 4387 distinctio
972 4330 1166 4406 terminorum,
1177 4329 1227 4406 qui
1242 4349 1318 4406 sape
1332 4351 1430 4391 recur-

221 4443 261 4487 An
273 4385 459 4489 ,fffflffim
481 4416 548 4468 runt
561 4409 592 4467 in
604 4409 661 4468 hoc
675 4417 855 4485 argumento.
897 4409 1038 4484 obligatio
1052 4417 1097 4468 est
1109 4409 1132 4469 J
1133 4428 1168 4468 us
1182 4407 1271 4486 Legis
1285 4409 1316 4466 in
1336 4411 1430 4494 homi-

251 4501 310 4546 reru
337 4505 363 4546 et
387 4503 458 4548 indis·
480 4507 555 4564 nem,
580 4497 697 4566 propter
716 4487 794 4564 quod
813 4487 901 4547 homo
915 4488 966 4564 qui
978 4497 1023 4548 est
1035 4489 1141 4548 sublex
1161 4496 1276 4548 tenetur
1290 4489 1364 4568 Legi
1378 4491 1430 4551 ob·

249 4559 395 4616 murenulis?
481 4569 572 4645 sequi.
613 4568 795 4643 Dr'epematr'o
809 4575 854 4642 est
868 4587 956 4644 quum
979 4568 1009 4626 in
1033 4569 1129 4646 aliquo
1153 4589 1232 4644 casu,
1256 4588 1314 4646 quo
1327 4589 1432 4630 revera

219 4643 300 4719 viget
314 4653 343 4703 et
357 4645 468 4722 obligat
490 4647 562 4722 Lex,
585 4647 695 4706 tollitur
709 4646 848 4722 obligatio
864 4646 952 4723 legis
966 4647 1003 4706 ab
1017 4647 1114 4725 aliquo
1128 4649 1243 4707 homine
1257 4648 1287 4706 in
1302 4650 1429 4726 particu-
