3192 5206
183 273 306 322 onear.
323 251 400 332 xta]
557 270 596 309 on
612 269 744 310 reasons
760 269 796 310 nr
811 269 905 309 srsru
919 271 1044 314 cnnrsrr.
1342 263 1399 319 311

180 421 271 490 parte
288 411 455 491 patiendum
470 411 524 470 init
546 411 659 468 Christo
676 409 821 487 Sponsori,
838 419 870 469 ut
890 409 977 494 uirgo
996 413 1139 474 sufficiens
1149 415 1271 494 justitiae
1293 417 1400 478 divinae

181 493 324 569 solveret,
349 501 378 551 et
400 492 503 550 animas
531 499 560 549 et
587 491 699 567 corpori
726 490 910 550 redimendis.
966 493 1157 554 continuatur
1184 515 1221 554 ex
1249 516 1292 572 eo,
1321 499 1400 574 quod

180 573 348 650 passiones,
372 593 436 650 quse
461 570 661 648 peccatoribus
688 590 726 628 ex
755 571 834 647 Lege
862 570 1078 650 denunciantur,
1107 595 1166 633 non
1193 584 1260 635 sunt
1288 585 1400 637 tantum

180 673 334 730 corporeae
349 662 378 711 et
400 659 535 725 externae,
562 649 614 708 sed
637 650 783 727 praecipue
806 650 968 726 spirituales
983 663 1012 712 et
1026 655 1145 713 intemae
1159 654 1190 711 in
1205 676 1291 714 sensu
1305 657 1355 716 irae
1370 667 1399 718 et

180 732 401 792 maledictionis
416 731 531 804 divinae,
548 729 642 788 Lavit.
658 731 750 803 xxvi,
768 731 853 788 Dent.
870 733 973 808 xxvii,
989 741 1018 791 et
1029 734 1141 808 xxviii,
1154 735 1220 792 Gal.
1232 735 1272 794 iii.
1289 739 1335 812 10,
1350 740 1397 797 13.

181 812 267 870 Hinc
297 813 398 870 Irenae.
427 811 477 869 lib.
506 829 535 868 v.
564 829 626 885 cap.
654 811 679 883 1,
723 812 741 841 ‘⁴
757 809 877 886 Proprie
912 813 1053 890 sanguine
1090 813 1211 873 redemit
1248 835 1302 875 nos
1337 817 1397 876 Do-

178 893 291 968 minus,
321 893 371 968 qui
406 889 487 948 dedit
503 889 627 948 animam
656 908 737 946 suam
764 908 816 966 pro
844 890 947 949 animis
974 893 1079 952 nostris
1112 903 1141 952 et
1176 914 1290 952 carnem
1315 916 1399 956 suam

178 992 237 1048 pro
259 991 345 1030 carna
369 970 497 1029 nostrs.''
540 968 626 1028 Unde
655 988 713 1025 non
743 968 830 1026 modo
860 979 981 1029 vocatur
1011 973 1152 1055 &velamen
1187 974 1238 1032 sed
1269 982 1298 1034 et
1329 979 1396 1035 ἀντί-

176 1049 280 1127 doxa,
297 1052 347 1127 qui
362 1050 486 1108 animam
501 1068 553 1126 pro
567 1048 663 1106 anima
677 1048 799 1124 spondet
813 1056 842 1107 et
856 1059 1022 1110 commutat.

224 1133 282 1190 VI.
305 1130 412 1204 Tertio,
434 1130 524 1186 Poena
549 1128 741 1202 derelictionis,
761 1148 846 1203 quam
861 1149 963 1206 passus
985 1140 1029 1190 est
1044 1133 1183 1208 Christus,
1201 1133 1237 1192 de
1252 1153 1309 1212 qua
1323 1155 1395 1212 que·

179 1210 265 1285 ritur,
283 1211 388 1269 Matth.
404 1209 498 1266 xxvii.
513 1212 560 1284 46,
576 1227 634 1265 non
649 1207 702 1265 fuit
716 1209 812 1284 passio
834 1227 977 1286 corporea,
994 1212 1045 1269 ssd
1063 1212 1219 1290 spiritualis
1233 1223 1262 1272 ct
1272 1215 1393 1292 interna,

179 1299 256 1364 orta,
283 1310 341 1347 non
365 1310 403 1348 ex
427 1289 558 1366 quolibet
579 1287 715 1363 cmciatu,
741 1289 927 1364 quantumvis
952 1289 1104 1365 dirissimo,
1130 1312 1216 1369 quem
1231 1293 1261 1350 in
1276 1315 1394 1372 corpore

178 1371 290 1429 sentire
315 1377 436 1447 poterat,
461 1368 533 1427 tales
548 1367 624 1425 enim
646 1387 704 1425 non
727 1367 812 1443 pauci
837 1369 961 1445 experiri
982 1379 1137 1448 potuerunt
1151 1393 1188 1430 ex
1204 1373 1391 1451 Martyribus,

177 1451 233 1526 qui
247 1458 346 1509 tamen
360 1449 397 1508 de
417 1450 471 1506 hac
494 1447 678 1506 derelictione
702 1466 760 1504 non
774 1447 911 1524 leguntur
924 1451 1090 1527 conquesti;
1114 1450 1165 1509 sed
1179 1471 1218 1510 ex
1230 1472 1317 1512 sensu
1328 1475 1392 1530 gra·

177 1529 303 1588 vissimo
314 1529 363 1586 irae
379 1529 435 1587 Dei
449 1528 492 1585 illi
502 1527 693 1586 incumbentis
704 1534 820 1603 propter
829 1535 948 1604 peccata
956 1539 1062 1588 nostra.
1085 1531 1147 1589 Ista
1158 1539 1253 1588 autem
1264 1535 1391 1610 desertio,

177 1627 241 1667 non
256 1608 444 1686 concipienda
458 1616 502 1666 est
515 1607 657 1682 absoluta,
672 1606 779 1680 totalis
795 1615 824 1664 et
838 1614 952 1683 aeterns,
968 1610 1062 1685 qualis
1076 1609 1106 1666 in
1122 1610 1276 1668 Daemones
1291 1619 1320 1669 et
1347 1633 1390 1672 re·

177 1689 289 1764 probos
316 1697 428 1747 tantum
456 1687 541 1762 cadit,
568 1685 620 1744 sed
647 1687 817 1761 temporalis,
846 1695 875 1745 ct
901 1691 1051 1747 secundnm
1082 1691 1157 1764 qnid,
1195 1709 1253 1747 non
1280 1690 1390 1751 ratione

177 1769 292 1826 unionis
325 1777 445 1842 namroe,
481 1786 548 1824 nam
585 1764 663 1842 quod
705 1764 795 1823 semol
827 1767 983 1843 assumpsit
1024 1769 1117 1826 Filius
1153 1768 1209 1826 Dei
1242 1789 1390 1846 nunquam

180 1847 316 1907 dimisit:
355 1848 413 1906 Vel
442 1847 551 1906 unionis
576 1845 677 1920 pratia
708 1854 734 1903 et
762 1847 925 1920 sanctitates,
948 1848 1015 1923 quia
1036 1848 1090 1907 fuit
1111 1867 1224 1925 semper
1244 1848 1339 1916 ἄκακος
1361 1861 1390 1911 et

177 1929 307 2002 ἀμίαντος,
341 1928 491 1986 sanctitate
516 1925 628 1983 illibata
651 1925 807 2001 praeditus;
840 1925 899 1983 Vel
925 1927 1122 1986 cornmnnionis
1150 1938 1177 1986 et
1197 1931 1387 2007 protectionis,

177 2008 249 2084 quia
265 2009 345 2066 Deus
359 2007 403 2065 illi
416 2007 470 2064 fuit
488 2025 631 2082 sempera
645 2003 764 2079 dextris,
787 2004 864 2062 Psal.
887 2025 933 2064 cx.
955 2007 982 2082 5,
1005 2027 1058 2066 nec
1072 2027 1198 2084 unquam
1212 2008 1330 2068 relictus
1344 2020 1389 2070 cst

178 2088 268 2163 solus,
293 2088 363 2147 Joh.
386 2086 447 2144 xvi.
473 2090 521 2144 32.
546 2085 604 2144 Sed
620 2083 715 2161 quoad
723 2086 971 2160 porticmationem
990 2088 1092 2163 gaudii
1111 2098 1138 2146 et
1152 2088 1305 2164 filicitatis,
1323 2090 1386 2149 Deo

177 2167 362 2243 praesentiam
381 2166 568 2224 favorabilem
590 2164 690 2240 gratiae
714 2173 743 2222 et
765 2164 907 2223 nflnxum
922 2166 1017 2224 solatii
1033 2175 1062 2226 et
1084 2167 1230 2226 beatitatis
1245 2169 1385 2246 tantisper

178 2247 380 2324 suspendente,
406 2255 439 2304 ut
465 2253 563 2322 posset
586 2243 646 2320 pati
670 2263 770 2321 poenas
784 2264 884 2303 omncs
907 2245 991 2303 nobis
1005 2246 1117 2305 debitas
1129 2269 1136 2323 ;
1159 2247 1254 2324 quoad
1268 2251 1385 2308 subduc-

177 2327 279 2385 tionem
302 2325 421 2399 an'sionis‚
441 2345 500 2384 non
514 2324 609 2401 quoad
629 2325 835 2382 dissolutionem
851 2325 968 2400 unionis,
989 2328 1085 2402 quoad
1106 2328 1262 2386 carentiam
1286 2349 1387 2388 sensus

178 2405 341 2465 dilectionis
356 2405 470 2479 divinae,
486 2425 537 2482 per
551 2424 667 2462 sensnm
681 2405 731 2461 irae
745 2414 774 2463 et
788 2405 923 2463 vindicta
938 2406 1044 2464 divinae
1067 2406 1111 2465 illi
1132 2407 1325 2467 incumbentis
1340 2409 1382 2466 in-

178 2485 306 2562 tercepti,
328 2504 386 2543 non
407 2483 503 2561 quoad
524 2485 587 2561 ejus
605 2484 711 2541 realem
726 2485 924 2560 privationem,
941 2486 987 2543 vel
1003 2486 1228 2562 extinctionem
1247 2488 1285 2546 Et
1299 2489 1384 2547 utlo-

177 2573 305 2640 quantur
318 2564 496 2638 Scholastioi,
509 2563 604 2639 quoad
613 2564 785 2638 affectionem
794 2566 938 2640 commodi,
951 2573 983 2624 ut
993 2565 1197 2625 destitueretur
1206 2567 1346 2626 solamine
1355 2576 1384 2627 et

177 2645 283 2720 gaudio
293 2643 440 2719 ineffabili,
453 2642 532 2719 quod
546 2645 635 2701 oritur
649 2663 687 2702 ex
701 2663 787 2702 sensu
801 2643 906 2701 amoris
920 2644 1032 2721 paterni
1042 2645 1106 2718 Dei,
1122 2655 1152 2703 et
1165 2645 1276 2703 visione
1290 2647 1381 2704 beati-

176 2723 230 2782 fica
244 2726 306 2801 ejus
321 2723 428 2796 vultus,
445 2723 522 2781 Psal.
537 2723 607 2797 xvi,
627 2722 677 2780 scd
692 2742 749 2780 non
770 2723 866 2798 quoad
887 2725 1059 2796 effictionem
1072 2726 1198 2799 justitia,
1221 2725 1289 2800 quie
1309 2725 1383 2783 nihil

175 2813 327 2881 propterea
348 2803 438 2861 sensit
458 2803 488 2860 in
509 2822 540 2860 se
561 2801 724 2875 inordinati,
747 2802 825 2878 quod
845 2803 976 2861 tenderet
989 2803 1027 2860 ad
1041 2803 1277 2880 desperationem,
1292 2804 1382 2881 impa-

178 2883 317 2958 tientiam,
333 2883 381 2940 vel
394 2881 602 2959 blasphemiam
616 2881 645 2938 in
662 2881 766 2938 Deum.

214 2963 288 3022 VII.
304 2963 421 3037 Quarto,
435 2961 566 3020 Christus
574 2981 626 3036 pro
635 2961 718 3018 nobis
729 2959 822 3018 lactus
833 2967 876 3018 est
885 2960 1057 3034 maledictio,
1069 2961 1135 3019 Gal.
1146 2961 1186 3019 iii.
1199 2964 1244 3035 13,
1255 2961 1322 3020 dum
1339 2962 1382 3020 illi

176 3051 291 3120 propter
304 3040 501 3100 vadimonium
516 3047 680 3116 susceptum
695 3039 828 3115 imposita
837 3047 881 3098 est
896 3040 985 3116 Legis
998 3039 1162 3098 maledictio
1176 3040 1261 3098 nobis
1275 3041 1381 3116 debita,

176 3141 231 3181 non
245 3129 357 3181 tantum
382 3121 563 3213 ἐπιιιιτέςιτος
587 3119 758 3190 maledictus,
775 3118 826 3177 sed
845 3120 957 3199 medea,
982 3120 1125 3178 abstracto
1140 3120 1234 3196 posito
1248 3140 1300 3197 pro
1314 3141 1382 3179 con-

176 3212 251 3260 creto
266 3202 304 3260 ad
318 3203 436 3276 heims,
452 3221 520 3278 quia
535 3219 647 3258 omnem
661 3198 901 3274 meledictionem,
920 3219 1005 3276 quam
1028 3199 1091 3258 Lex
1106 3198 1298 3258 denunciabat
1316 3221 1381 3278 pec-

176 3282 326 3356 catoribus,
352 3282 478 3358 pertulit,
505 3279 583 3358 quod
605 3279 704 3354 utique
719 3297 776 3336 non
791 3279 907 3355 respicit
921 3287 1033 3338 tentum
1045 3297 1157 3356 corpus,
1174 3280 1224 3337 sed
1238 3281 1382 3358 praecipua

176 3361 305 3436 animam,
321 3381 386 3437 quae
401 3361 452 3419 tali
474 3381 560 3418 sensu
573 3367 669 3437 potest
682 3357 765 3433 affici,
781 3358 860 3435 quod
883 3379 942 3417 non
967 3359 1051 3436 pauci
1065 3379 1103 3418 ex
1118 3359 1278 3418 Pontificiis
1291 3381 1380 3438 agno-

176 3449 283 3516 verunt,
308 3440 495 3498 Maldonatus
510 3440 539 3496 in
567 3460 592 3498 c.
616 3441 664 3512 26,
688 3439 811 3515 Matth.;
836 3439 928 3498 Ferus
950 3439 982 3496 in
1010 3460 1035 3498 c.
1061 3443 1109 3514 26,
1136 3447 1165 3498 et
1190 3445 1237 3516 27,
1264 3439 1380 3516 Matth,

177 3528 203 3578 et
222 3521 279 3579 alii.

473 3598 564 3656 VIII.
587 3597 669 3656 Licet
690 3597 837 3675 Scriptura
852 3598 944 3673 Cruci,
963 3598 1112 3674 SanguIni,
1122 3619 1157 3657 ac
1169 3599 1259 3658 Morti
1274 3599 1381 3659 Christi

201 3665 376 3770 hffiufflu·
434 3678 554 3736 salutem
569 3679 736 3754 plerumque
751 3677 895 3736 adscribat
904 3701 911 3754 ;
927 3678 982 3736 hoc
1004 3698 1063 3736 non
1076 3678 1109 3737 fit
1133 3679 1171 3736 ad
1184 3679 1381 3738 exclusionem

334 3756 339 3766 '
433 3757 597 3834 passionum
610 3757 808 3833 spiritualium,
824 3766 853 3816 et
869 3758 1054 3834 intemarnm,
1071 3759 1120 3816 sed
1136 3757 1253 3833 synecd.
1269 3767 1380 3834 aparte

176 3838 300 3897 sensibili
322 3845 351 3896 et
373 3845 500 3912 externa,
517 3857 581 3914 quae
604 3837 695 3895 oculis
723 3837 855 3913 exposita
875 3845 944 3913 erat,
967 3836 1178 3896 denominando
1193 3846 1295 3895 totins.
1318 3837 1379 3896 Nec

176 3937 240 3975 crux
262 3917 310 3976 vel
325 3937 402 3976 mors
416 3925 536 3993 possunt
558 3917 781 3991 commemorari,
797 3917 867 3993 quin
880 3917 1047 3975 involvatur
1061 3936 1094 3974 eo
1119 3917 1181 3991 ipso
1196 3916 1275 3973 notio
1290 3917 1378 3974 male-

175 3997 310 4072 dictionis,
326 3997 463 4074 quasillis
482 4015 595 4054 annexa
609 4004 678 4070 erat,
694 3996 763 4072 quia
775 4015 834 4054 non
855 3997 912 4054 alia
934 4015 1011 4054 mors
1025 4003 1077 4070 est,
1093 4013 1179 4070 quam
1193 4014 1257 4070 quac
1269 3993 1377 4052 denun-

176 4076 297 4136 ciabatur
311 4097 362 4154 per
376 4076 494 4152 Legem.
643 4091 645 4094 ·

212 4156 269 4212 ΙΧ.
292 4155 431 4229 Quamvis
452 4155 595 4213 cruciatus
617 4153 722 4212 interni
746 4163 776 4212 et
800 4153 964 4231 spirituales
985 4173 1043 4211 non
1057 4150 1201 4228 potuerint
1215 4151 1333 4226 figurari
1348 4153 1378 4210 in

178 4234 272 4308 specie,
288 4244 317 4292 et
337 4235 368 4291 in
389 4235 554 4310 particulari
575 4253 626 4311 per
646 4243 767 4292 mortem
796 4243 826 4292 et
846 4234 995 4310 sanguinis
1022 4232 1164 4290 fusionem
1185 4229 1375 4305 victimarum,

177 4319 323 4387 potuerunt
343 4321 439 4371 tamen
460 4314 491 4371 in
512 4333 616 4390 genere
647 4314 700 4373 sub
731 4313 789 4372 illis
821 4314 969 4372 contineri.
992 4313 1064 4370 Cum
1086 4311 1163 4368 enim
1183 4310 1259 4386 ignis
1274 4310 1311 4368 sit
1326 4312 1375 4370 irae

177 4389 275 4449 divinae
297 4390 479 4467 symbolum,
509 4393 581 4451 nihil
613 4392 707 4451 obstat
736 4394 889 4470 quominus
919 4392 1079 4451 combustio
1101 4390 1303 4449 sacrificiorum
1324 4411 1376 4468 per

177 4470 273 4547 ignem,
296 4469 333 4528 ad
354 4470 404 4528 irae
425 4470 531 4528 divinae
553 4493 677 4546 sensum,
700 4492 785 4548 quom
809 4472 953 4530 inanima
977 4471 1094 4548 pertulit
1116 4470 1254 4544 Christus,
1277 4469 1375 4528 referri

179 4550 270 4626 possit.
304 4551 350 4608 Ita
372 4551 489 4624 sangnis
511 4551 722 4626 sacrificiorum,
745 4562 777 4610 ut
798 4553 900 4610 anirnae
922 4551 1013 4625 sedes,
1037 4553 1143 4628 optime
1164 4551 1249 4609 etiarn
1271 4549 1374 4608 animae
