3152 5198
242 359 299 416 638
637 368 733 410 rocus
748 367 880 408 necinus
896 364 1052 407 sarsinas
1283 341 1421 424 [ooasr.
1436 361 1464 401 r.

241 515 402 574 estimatur
416 511 522 582 meriti,
538 509 588 566 sed
603 507 698 566 reniae
712 507 836 581 largitor
849 505 1003 563 admitte.”
1046 505 1201 562 Adrianus
1216 502 1303 578 Papa
1317 503 1463 560 arundini

239 595 342 652 fractae
364 599 395 648 et
417 607 540 646 manum
554 587 724 644 vulneranti
738 586 811 643 dicit
824 583 921 654 inuiti,
935 583 1033 658 quiin
1053 583 1172 657 propria
1185 581 1312 639 confidit
1328 581 1462 654 justitia

242 672 329 745 Vegu
343 675 409 744 post
427 668 573 725 Thomam
589 665 772 722 Valdensem
794 681 894 737 opusc.
908 663 946 718 de
967 661 1063 718 merit
1079 681 1106 735 q.
1121 661 1160 732 4,
1183 660 1275 717 “Ille
1297 667 1344 716 est
1359 660 1462 716 sanior

242 747 444 821 'theologum'
459 745 566 819 inquit,
583 741 725 798 “fidelior
740 740 919 808 Catholious,
931 747 960 796 et
975 739 1004 796 S.
1018 739 1177 813 seripturis
1190 738 1287 812 magia
1298 751 1462 795 cousenta-

242 846 324 896 neus‚
337 826 389 900 qui
403 823 510 881 merita
524 815 694 895 simpliciter
706 819 864 892 abnegat.'’
899 817 990 876 Unde
1005 817 1145 874 Bellarm.
1161 818 1213 874 lib.
1228 835 1257 873 v.
1271 817 1312 873 de
1326 815 1349 872 J
1351 817 1458 874 ustific.

243 925 305 980 cap.
321 905 348 968 7.
364 920 483 980 propos.
499 901 525 970 3,
541 906 570 956 et
593 902 662 971 post
686 915 755 953 cum
779 895 899 954 Tirinus
922 903 1015 954 contr.
1042 895 1087 964 16,
1111 913 1193 952 num.
1211 894 1257 965 12,
1272 913 1310 951 eo
1332 897 1458 952 tandem

239 987 367 1042 redeunt
388 981 526 1039 omnibus
548 973 693 1048 expensis,
709 979 743 1030 ut
766 975 877 1044 dicant,
893 980 1040 1048 “propter
1061 973 1305 1032 incertitudinem
1325 973 1457 1047 proprias

238 1063 365 1136 justitiae
379 1067 409 1116 et
432 1054 596 1132 periculum
614 1052 712 1110 inanis
734 1053 847 1126 gloriae,
862 1051 1044 1108 tutissimum
1058 1069 1119 1108 esse
1133 1051 1165 1107 in
1179 1051 1245 1108 sola
1257 1051 1457 1108 misercordia

242 1141 307 1208 Dei,
323 1146 353 1196 et
366 1133 547 1208 benignitate
560 1130 701 1188 fiduciam
716 1149 800 1188 suam
821 1131 992 1204 reponere.’'
1035 1131 1079 1188 At
1093 1129 1118 1186 si
1129 1130 1185 1185 hoc
1199 1147 1268 1184 rere
1282 1128 1405 1198 dieitur,
1421 1137 1456 1188 ut

241 1217 363 1274 omnino
387 1211 578 1267 verissimum
602 1216 655 1279 est,
680 1227 734 1265 cur
757 1226 818 1265 non
838 1227 869 1265 se
892 1207 938 1264 illi
964 1207 1097 1282 periculo
1125 1207 1221 1264 inanis
1247 1207 1354 1279 gloriae
1384 1207 1454 1264 sub

239 1292 368 1362 ducturi,
382 1288 586 1346 Pharisaicam
610 1286 693 1345 illam
713 1288 750 1343 de
771 1286 884 1343 meritis
904 1286 1075 1360 opinionem
1097 1285 1216 1360 penitus
1235 1286 1405 1359 deponunt,
1420 1293 1456 1344 ut

238 1371 359 1430 unicam
367 1369 530 1444 justitiam,
545 1385 611 1441 quae
626 1373 670 1423 est
682 1384 721 1422 ex
734 1366 792 1422 fide
808 1363 926 1438 Christi,
942 1371 1091 1423 sectentur
1104 1381 1173 1420 eum
1188 1361 1295 1432 Paulo,
1311 1361 1395 1420 Phil.
1410 1364 1452 1420 iii

239 1451 280 1509 9?
326 1447 387 1507 Cur
411 1466 469 1504 non
498 1446 663 1520 patiuntur,
688 1451 722 1501 ut
748 1443 922 1500 meritorum
949 1461 1021 1500 voce
1048 1450 1078 1500 et
1105 1442 1243 1498 doctriua
1269 1440 1372 1511 missa,
1398 1443 1453 1498 uni

240 1528 349 1588 Christi
371 1527 475 1583 merito
497 1524 669 1592 innitamur,
685 1529 715 1580 et
728 1521 759 1578 iu
773 1521 837 1578 sola
856 1521 913 1578 Dei
935 1521 1137 1578 misericordia
1159 1519 1301 1576 fiduciam
1326 1537 1453 1594 repona-

238 1627 313 1681 mus,
330 1607 354 1662 si
368 1607 424 1662 hoe
437 1604 476 1662 sit
488 1601 694 1661 tutissimum?
722 1600 767 1658 At
790 1599 875 1658 nobis
889 1600 1084 1657 constitutum
1108 1604 1153 1655 est
1167 1598 1249 1672 quod
1264 1598 1451 1656 tutissimum

240 1693 327 1745 estse
349 1685 389 1740 ui.

278 1705 474 1822 XXXVIII.
497 1759 568 1817 Huc
589 1757 736 1832 pertinent
756 1757 876 1830 publico
896 1755 1043 1814 Famula
1066 1761 1194 1829 aegrotos
1207 1760 1240 1810 et
1254 1753 1453 1827 agonizantes

236 1841 377 1900 visitandi
390 1849 420 1897 et
434 1837 608 1896 consolandi
622 1836 653 1892 in
676 1835 754 1892 Ecel.
771 1835 827 1893 Ro.
842 1835 968 1905 imitatas,
983 1853 1050 1909 quae
1075 1832 1242 1891 doctrinam
1265 1839 1402 1888 nostram
1414 1834 1451 1890 de

237 1923 344 1989 salute,
360 1937 419 1975 non
434 1936 471 1973 ex
485 1916 633 1990 operibus,
648 1915 700 1970 sed
714 1931 767 1987 per
780 1915 875 1971 solam
892 1911 949 1970 Dei
963 1911 1193 1970 misericordiam
1207 1910 1376 1967 obtinenda
1390 1929 1450 1967 uon

236 1999 359 2057 obscure
373 1997 558 2063 confirmant,
573 1994 652 2049 inter
672 2009 747 2066 quas
769 2009 805 2049 ea
826 2011 893 2066 quae
910 1992 1054 2049 Anselmo
1076 1989 1219 2047 tribuitur
1243 1989 1450 2046 memorabilis

235 2083 297 2147 est;
320 2075 401 2132 Nam
414 2074 492 2130 inter
513 2069 770 2144 interrogationes¹
786 2089 859 2145 quas
879 2069 1041 2144 praescribit
1062 2067 1186 2124 infirmis
1201 2073 1231 2122 et
1251 2065 1283 2122 in
1308 2066 1450 2124 extremis

236 2153 404 2212 constitutis
428 2151 588 2220 faciendas,
604 2150 668 2204 haeo
681 2155 727 2204 est
740 2156 891 2206 extrema:
914 2148 1046 2206 “Credis
1070 2155 1099 2203 te
1121 2163 1182 2200 non
1203 2162 1290 2218 posse
1312 2144 1372 2200 nisi
1398 2163 1450 2218 per

235 2241 361 2290 mortem
374 2229 483 2289 Christi
492 2229 637 2286 salvaril”
651 2226 824 2300 Respondet
834 2227 977 2296 infirmus,
993 2225 1118 2282 “Etiam
1127 2223 1155 2297 ;''
1172 2221 1257 2279 Tunc
1267 2221 1314 2278 illi
1326 2222 1448 2290 dicitur,

236 2316 253 2343 “
264 2308 332 2381 Age
347 2326 427 2379 ergo,
443 2307 516 2362 dum
530 2309 665 2378 superest
678 2304 709 2359 in
724 2313 752 2360 te
766 2304 875 2372 anima,
891 2305 921 2361 in
936 2307 992 2360 hoo
1006 2304 1070 2360 sola
1090 2307 1185 2360 morte
1205 2299 1350 2356 fiduciam
1363 2309 1448 2358 tuam

235 2385 391 2453 constituo,
404 2384 434 2438 in
449 2384 534 2440 nulla
548 2383 608 2438 alia
622 2399 653 2436 re
667 2382 808 2438 fiduciam
822 2383 917 2451 habe;
938 2383 1008 2439 huic
1022 2381 1113 2438 morti
1126 2386 1156 2436 te
1169 2385 1268 2436 totum
1282 2379 1448 2446 committe,

234 2465 290 2521 hac
304 2463 368 2518 sola
381 2467 410 2517 te
424 2466 521 2517 totum
536 2465 668 2529 contege,
679 2457 731 2514 &a
776 2459 850 2515 Etsi
866 2461 1014 2516 Dominus
1026 2459 1108 2515 Deus
1118 2456 1247 2514 voluerit
1258 2465 1287 2514 te
1297 2455 1447 2529 judicare,

234 2543 291 2614 dic,
307 2539 444 2608 Domine,
459 2543 585 2594 mortem
599 2534 722 2592 Domini
736 2536 830 2591 nostri
843 2536 864 2592 J
866 2556 919 2592 esu
935 2537 1044 2594 Christi
1058 2535 1165 2610 objicio
1179 2535 1257 2592 inter
1270 2544 1309 2604 te,
1325 2541 1356 2590 et
1370 2536 1447 2592 inter

234 2639 291 2690 me,
312 2626 343 2676 et
366 2625 454 2675 tuum
464 2615 613 2691 judicium
625 2615 652 2672 :''
668 2616 719 2669 dre.
762 2612 886 2669 Consnli
909 2616 1000 2672 etiam
1023 2621 1120 2689 potest
1146 2613 1229 2672 Ordo
1254 2613 1446 2688 Baptizaudi,

236 2698 372 2756 Venetiis
387 2696 485 2753 editus
501 2713 569 2751 nnn,
586 2692 671 2764 1575,
687 2699 716 2748 et
732 2690 962 2766 Praeceptorium
987 2692 1108 2751 Nicolai
1132 2693 1169 2749 de
1195 2691 1278 2765 Lyra
1302 2710 1446 2750 excusum

236 2777 341 2836 Colon.
360 2775 445 2846 1499,
461 2772 511 2830 ubi
526 2773 586 2830 alia
600 2773 630 2828 id
645 2789 741 2844 genus
754 2771 851 2828 multa
863 2773 1014 2844 leguntur.

533 2849 687 2908 XXXIX.
711 2848 758 2904 Ex
778 2848 888 2923 quibus
903 2850 946 2907 ita
966 2851 1069 2924 positis
1088 2849 1176 2906 facile
1196 2848 1352 2922 colligitur
1371 2849 1445 2924 quiid

271 2920 431 3022 apostulus
490 2931 684 2987 statuendum
699 2927 737 2984 sit
750 2928 786 2982 de
803 2927 983 2998 Quaestione,
995 2948 1062 3002 quae
1077 2927 1125 2983 hic
1138 2933 1275 2984 moretur
1288 2945 1308 2985 a
1322 2925 1445 2986 Pontifi-

320 2991 417 3021 ursos.
491 3009 544 3065 ciis
571 3007 608 3063 de
636 3005 794 3062 Aureolis:
823 3009 875 3063 An
902 3008 1011 3062 dentur
1038 3006 1177 3062 Aureolo
1203 3005 1234 3061 in
1260 3003 1352 3074 Coelo,
1377 3024 1445 3080 quae

235 3088 414 3164 quibusdam
441 3087 630 3161 assignentur
656 3103 716 3158 prae
749 3085 870 3155 caeteris,
898 3091 973 3160 puta
1000 3083 1186 3157 Virginibus,
1211 3082 1394 3140 Doctoribus
1417 3093 1447 3142 et

236 3165 439 3239 Martyribusl
462 3166 539 3232 Quae
551 3162 698 3220 sententia
708 3169 752 3219 est
761 3161 884 3220 Thomae
896 3170 926 3220 et
937 3163 1196 3221 scholasticorum.
1227 3161 1285 3218 Per
1295 3162 1446 3220 aureolam

235 3245 403 3319 significant
424 3243 571 3316 gaudium
594 3241 748 3315 quoddam
772 3241 809 3297 de
832 3242 980 3316 operibus,
1004 3260 1070 3315 quoe
1093 3240 1265 3298 excellentis
1287 3240 1445 3314 enjusdam

235 3323 367 3380 victorias
376 3321 523 3379 rationem
533 3319 654 3388 habent,
664 3326 694 3376 et
702 3321 784 3393 quod
795 3319 833 3376 sit
843 3319 1000 3395 praemium
1009 3319 1190 3376 accidentale
1201 3318 1338 3376 additum
1348 3337 1445 3378 curso

235 3417 288 3456 seu
312 3401 436 3473 praemio
455 3397 614 3468 essentiali,
629 3397 669 3454 id.
684 3397 805 3469 gaudio,
821 3416 881 3472 quo
894 3397 962 3472 quis
987 3395 1024 3454 de
1048 3397 1258 3470 conjunctione
1281 3397 1321 3454 ad
1345 3397 1444 3456 Deum

233 3477 355 3549 gaudet.
398 3475 643 3533 Fundamentum
657 3481 765 3548 petunt
784 3493 821 3531 ex
835 3475 978 3533 relatione
997 3493 1106 3550 pugnae
1116 3476 1155 3532 ad
1169 3493 1320 3546 coronam,
1334 3495 1443 3552 pugna

234 3552 314 3609 enim
323 3552 423 3608 deberi
434 3569 592 3626 coronam,
608 3552 661 3609 ubi
669 3570 742 3624 ergo
751 3553 885 3628 specialis
896 3554 972 3611 ratio
983 3571 1103 3628 pugnas,
1112 3553 1156 3609 ibi
1169 3553 1328 3626 specialem
1341 3555 1442 3612 deberi

236 3647 386 3700 coronam,
398 3647 465 3702 ques
480 3629 590 3685 dicitur
604 3629 744 3697 aureola;
765 3638 796 3687 et
809 3649 904 3704 quum
917 3632 1022 3702 moeito
1044 3633 1151 3690 debeat
1170 3632 1349 3705 respondere
1370 3649 1444 3708 prae-

236 3709 339 3779 mium,
354 3706 536 3764 excellentias
551 3704 648 3764 meriti
670 3709 850 3778 respondere
878 3709 986 3766 debere
1013 3709 1222 3768 excellentiam
1249 3709 1385 3786 aliquam
1411 3711 1442 3768 in

235 3787 368 3863 praemio,
384 3791 414 3843 et
427 3787 505 3844 haue
518 3784 617 3842 vocari
631 3783 793 3841 aureolum.

276 3866 343 3923 XL.
370 3865 428 3924 Sed
449 3864 566 3922 vanitas
589 3862 676 3920 istius
698 3861 832 3936 figmenti
852 3871 943 3936 patet,
967 3864 993 3922 1.
1015 3863 1064 3924 Ex
1087 3867 1227 3924 onmibus
1250 3868 1444 3941 argumentis,

236 3944 344 4018 quibus
364 3943 506 4001 meritum
516 3942 548 4000 in
561 3942 735 4000 universum
748 3941 968 4013 destruximus3
990 3942 1071 4002 Nam
1086 3946 1168 4022 quod
1181 3952 1309 4020 negatur
1323 3946 1360 4001 de
1379 3953 1443 4002 toto

235 4039 352 4095 genere,
367 4021 593 4094 negaturetiam
603 4023 640 4078 de
654 4019 792 4077 omnibns
806 4019 871 4093 ejus
881 4021 1043 4094 speciebus.
1086 4023 1126 4081 Et
1137 4024 1162 4082 si
1175 4025 1266 4081 homo
1277 4041 1339 4080 non
1347 4029 1445 4098 potest

235 4100 331 4156 fecere
345 4103 427 4174 quod
441 4101 538 4169 debet,
558 4107 594 4157 ut
607 4107 694 4156 antea
707 4100 829 4168 dictum,
844 4101 995 4172 quomodo
1009 4102 1090 4159 ultra
1110 4102 1267 4176 praemium
1287 4118 1445 4159 commune

236 4177 345 4250 poterit
358 4178 473 4251 eliqsdd
487 4179 613 4236 merarii
653 4176 680 4233 2.
703 4176 825 4235 Temere
839 4186 869 4235 et
881 4177 973 4252 gratis
987 4178 1049 4236 sine
1065 4180 1217 4255 Scriptura
1229 4182 1287 4240 hoc
1296 4180 1444 4238 asseritur.

236 4254 313 4322 Quis
328 4273 397 4312 vero
419 4255 594 4331 Seraphicos
615 4255 687 4312 istos
709 4255 854 4313 Doctores
874 4256 1036 4314 coelestium
1060 4259 1252 4332 praemiomun
1275 4257 1446 4316 diribitores

232 4333 411 4391 constituit?
454 4332 514 4389 Vel
533 4334 586 4390 ubi
610 4332 779 4390 didicerunt
802 4333 997 4407 Martyribns,
1014 4335 1192 4410 Virginibus
1212 4343 1243 4394 et
1264 4336 1444 4394 Ductoribus

231 4413 432 4484 expectandus
445 4429 507 4467 esse
522 4411 682 4472 aureolas?

275 4488 362 4546 XLI.
384 4489 469 4547 Licet
482 4507 591 4562 pugnae
613 4488 787 4547 etvictoriae
808 4491 1000 4564 promittatur
1019 4512 1136 4562 corona,
1160 4511 1222 4551 non
1244 4493 1380 4569 sequitur
1398 4493 1445 4551 illi

229 4565 333 4620 deberi
344 4583 381 4620 ex
395 4567 510 4635 merito,
525 4572 560 4622 ut
573 4573 642 4622 ante
656 4567 779 4636 dictum,
795 4569 847 4624 sed
861 4589 898 4626 ex
911 4571 1017 4642 gratia.
1061 4571 1141 4638 Quia
1153 4589 1258 4647 pugna
1271 4591 1332 4631 non
1354 4573 1443 4630 modo

228 4644 276 4692 est
289 4641 398 4712 debita,
418 4641 597 4716 imperfecta,
613 4653 643 4700 et
664 4645 821 4718 inaequalis
843 4663 968 4719 coronae,
984 4651 1035 4706 sel
1053 4655 1117 4707 tota
1130 4667 1146 4706 e
1161 4651 1270 4724 gratia.
1313 4652 1360 4710 Ut
1371 4669 1442 4725 ergo
