3150 5206
141 391 255 443 auser.
269 370 329 454 iia]
503 391 542 432 nn
556 391 689 433 reasons
704 391 742 431 rr
756 389 850 432 srsru
864 389 992 432 cuniam
1295 375 1353 434 269

141 535 209 594 visa
236 554 274 593 ex
300 531 445 594 axiomata
469 541 585 612 recepto
607 535 829 612 Tbeologorum,
858 553 916 592 non
940 541 1036 611 potest
1062 532 1118 592 hoe
1146 532 1357 594 Inoamstlonia

137 635 223 694 opus,
239 615 320 694 quod
334 624 486 674 externum
501 625 554 690 est,
569 635 628 674 non
642 635 705 674 esse
728 634 881 674 commune
901 613 1024 692 quodam
1047 621 1180 691 respectu
1193 615 1247 674 toti
1261 614 1355 674 Trini-

139 697 206 756 tati.
228 695 316 756 Unde
342 695 430 754 Pater
453 694 560 754 dicitur
581 695 694 755 misisse
709 696 826 770 Filium,
842 695 864 755 J
866 696 913 754 oh.
935 694 976 753 iii.
994 696 1040 770 16,
1056 701 1085 753 et
1101 693 1225 772 Spiritus
1241 693 1271 754 S.
1285 715 1355 756 ceri·

138 776 255 855 cepisse
269 775 379 834 Filium
393 775 423 834 in
437 784 519 835 utero
535 775 570 835 B.
586 776 727 853 Virginis.
751 777 815 835 Iino
829 784 888 834 tres
903 776 1038 834 Persona
1053 774 1215 834 necessario
1228 777 1355 855 requira-

134 859 247 917 bantur
260 855 299 915 ad
312 856 367 915 hoc
381 875 463 935 opus.
506 855 581 933 Una,
597 877 662 936 quae
675 856 731 915 Dei
752 855 894 916 Antlioris
916 874 1011 914 rerum
1026 855 1154 914 omnium
1175 862 1204 914 et
1227 858 1354 935 supremi

136 936 269 1014 Judicis,
284 957 350 1015 qus
371 957 438 1016 pars
460 945 523 997 erat
545 939 623 1014 laese,
639 938 819 1016 majestatem
843 937 1016 1013 sustineret;
1041 935 1263 1013 secundaque
1282 939 1357 998 inter

139 1019 241 1077 Deum
255 1027 284 1077 et
297 1017 429 1077 homines
444 1017 634 1078 Mediatorem
649 1025 756 1096 ageret,
773 1025 802 1077 et
822 1037 874 1094 pro
887 1016 1053 1075 hominibus
1068 1015 1264 1094 satisfaceret3
1287 1019 1356 1078 Ter·

137 1099 192 1173 tia,
209 1118 274 1176 quse
298 1118 371 1176 opus
395 1098 498 1158 salutis
519 1099 550 1156 in
571 1099 656 1158 nobis
679 1098 838 1176 perliceret.
880 1097 932 1155 Ad
950 1097 1072 1174 primam
1086 1098 1229 1174 pertinere
1251 1097 1358 1158 dieitur

139 1179 248 1238 salutis
262 1178 425 1254 destinatio,
441 1178 491 1237 Ad
506 1178 662 1239 secundm
671 1180 736 1257 eJus
755 1177 916 1256 acquisitio,
932 1176 982 1235 Ad
996 1177 1111 1236 tertiam
1125 1178 1189 1256 ejus
1202 1177 1358 1256 applicatio

137 1268 173 1319 et
187 1259 405 1319 consummatio.
428 1259 556 1334 Quaestio
570 1279 640 1337 ergo
654 1279 713 1318 non
727 1267 779 1334 est,
803 1259 853 1317 An
865 1256 1029 1317 Incsrnstio
1042 1257 1103 1316 ullo
1116 1257 1203 1317 modo
1217 1259 1360 1336 pertineat

138 1338 182 1400 ad
198 1339 229 1398 S.
246 1341 276 1400 S.
290 1339 486 1400 Trinitatem?
508 1338 567 1399 Sed
580 1347 701 1417 tantuin,
718 1339 767 1398 An
781 1338 964 1398 terminatius
978 1345 1007 1396 et
1031 1338 1243 1416 appropriative
1259 1339 1358 1399 Incar-

138 1427 214 1480 nsta
228 1419 289 1479 sit?
309 1419 384 1495 Quia
393 1420 461 1479 lieet
475 1421 651 1497 originaliter
665 1429 694 1479 et
702 1419 901 1497 principiati've
911 1417 1008 1496 quoad
1021 1417 1202 1477 efficientiam
1217 1419 1255 1478 sit
1269 1421 1359 1481 totius

139 1500 297 1559 Trinitatis
311 1521 392 1578 opus,
407 1519 465 1559 non
480 1509 577 1560 temen
590 1501 734 1577 subjective
743 1508 772 1559 et
780 1499 994 1577 appropriasse
1007 1497 1104 1575 quoad
1118 1499 1265 1558 terminum
1277 1521 1284 1576 ;
1300 1521 1358 1578 quo

140 1601 234 1642 sensu
247 1589 293 1640 est
306 1581 395 1641 solius
407 1579 485 1639 Filii.

187 1661 249 1720 III.
272 1661 338 1720 Non
352 1662 498 1739 quaritur.
515 1661 565 1720 An
589 1661 669 1720 Dens
692 1658 841 1719 Incurristi
859 1658 1000 1732 debuerit,
1015 1657 1094 1734 quod
1108 1665 1193 1716 antes
1206 1659 1358 1735 probatum

141 1750 211 1818 est3
234 1742 304 1817 Nec,
320 1741 371 1800 Ari
393 1751 453 1801 tres
465 1742 600 1801 Persona
624 1739 767 1799 incarnari
789 1738 957 1816 potuerint?
978 1737 1053 1812 Quia
1073 1737 1167 1796 unitas
1189 1737 1361 1800 Mediatoris

142 1822 287 1883 unitatem
303 1823 437 1882 Persona
451 1823 614 1882 necessario
625 1820 797 1899 requirebat.
842 1818 909 1895 Sed,
920 1817 1059 1892 Quaenam
1074 1817 1202 1875 Persona
1210 1818 1361 1880 Trinitatis

143 1905 203 1962 hoc
218 1903 248 1960 in
262 1922 293 1962 se
306 1903 471 1981 receperit?
501 1902 551 1961 An
565 1902 658 1982 prima
671 1900 720 1960 vel
734 1900 827 1975 tertia,
844 1897 894 1956 An
904 1917 974 1957 vero
985 1897 1256 1958 seeundstantum?
1277 1899 1362 1975 Quod

142 2001 311 2044 asserimus.

189 2064 245 2123 IV.
268 2063 408 2124 Rationes
419 2071 504 2124 sunt:
516 2067 541 2122 1.
565 2063 639 2139 Quia
649 2060 860 2140 Scripturshoc
870 2058 947 2118 Filio
958 2058 1012 2118 soli
1023 2057 1132 2134 tribuit,
1144 2077 1203 2117 non
1213 2059 1301 2135 Pstii‘,
1312 2069 1363 2122 sut

152 2143 276 2224 Spiritui
293 2144 410 2204 Sancto.
451 2144 531 2217 Alpes
545 2153 658 2204 tantum
672 2142 778 2201 dicitur
791 2159 858 2200 caro
872 2139 974 2214 factus,
990 2139 1060 2198 Joh.
1075 2139 1094 2198 i.
1112 2142 1158 2214 14,
1185 2139 1279 2199 Filius
1295 2141 1359 2218 Dei,

147 2227 202 2304 qui
216 2225 271 2284 suit
285 2224 316 2283 in
329 2224 421 2284 forma
432 2226 489 2285 Dei
502 2226 621 2283 formam
648 2223 725 2282 servi
739 2221 903 2299 assumpsit,
925 2219 1001 2278 Phil.
1015 2220 1046 2278 ii.
1061 2221 1097 2295 63
1119 2227 1158 2294 et,
1175 2219 1252 2279 Heb.
1267 2221 1298 2280 ii.
1315 2224 1361 2298 14,

148 2309 198 2384 15,
209 2306 246 2365 de
261 2305 337 2364 Filio
352 2305 457 2366 dicitur
467 2304 546 2384 quod
559 2303 775 2383 participaverit
785 2301 864 2360 carni
879 2309 908 2361 et
919 2300 1062 2378 sanguini,
1079 2297 1143 2376 die,
1159 2308 1189 2360 et
1197 2300 1300 2361 similis
1310 2322 1361 2361 no·

149 2388 198 2447 bis
208 2386 303 2446 laetus
315 2386 352 2446 sit
367 2386 396 2444 iri
411 2385 554 2460 omnibus,
571 2393 692 2462 excepto
706 2390 834 2461 peceato.

191 2467 230 2526 V.
252 2469 281 2525 2.
304 2466 379 2542 Quis
393 2469 482 2526 Pater
509 2486 567 2525 non
580 2465 675 2544 potuit
689 2463 842 2538 incarnari,
857 2481 925 2520 nani
940 2469 973 2521 ut
986 2461 1096 2538 primus
1110 2460 1165 2521 fult
1179 2459 1288 2538 ordine,
1304 2483 1363 2522 nou

148 2547 247 2628 potuit
261 2567 278 2606 a
291 2566 436 2625 quoquam
457 2546 542 2621 mitti,
562 2545 611 2604 vel
626 2545 817 2604 Mediatorem
838 2542 876 2602 ad
890 2541 998 2600 Filium
1017 2549 1048 2601 et
1070 2542 1207 2620 Spiritum
1224 2543 1362 2603 Sanctum

149 2647 249 2706 agere.
292 2628 354 2686 Nec
368 2627 567 2703 conveniebat,
583 2634 616 2686 ut
630 2625 680 2704 qui
695 2625 783 2684 Pater
797 2631 858 2682 erat
872 2623 902 2680 in
918 2622 1043 2698 Divinis,
1060 2623 1154 2681 Filius
1168 2623 1294 2682 lieret'in
1308 2625 1361 2683 hu·

148 2709 246 2768 nianis
264 2729 301 2767 ex
314 2707 438 2786 Virgine
452 2707 606 2767 nascendo.
649 2706 715 2765 Non
730 2706 853 2781 Spiritus
863 2705 991 2777 Sanctus,
1005 2702 1054 2779 qui
1066 2701 1166 2761 debuit
1180 2703 1285 2762 mittis
1298 2703 1361 2762 Me·

150 2789 265 2849 diatore
280 2789 309 2846 iri
321 2788 483 2848 Ecclesiam
497 2789 519 2848 J
521 2788 567 2847 oh.
583 2786 644 2845 xvi.
660 2789 689 2863 7,
714 2794 744 2844 at
758 2804 816 2842 non
829 2784 924 2862 potuit
937 2782 1014 2841 mitti
1028 2801 1045 2840 a
1060 2781 1172 2859 seipso:
1195 2782 1234 2840 iit
1248 2782 1290 2841 sic
1304 2783 1362 2842 dno

149 2870 276 2930 luissent
289 2868 351 2945 lilii,
364 2868 491 2929 secunda
503 2887 627 2947 persona
640 2886 692 2944 per
703 2873 837 2924 aternam
850 2862 1073 2941 generationem,
1087 2869 1115 2920 et
1125 2861 1211 2920 tertis
1224 2881 1276 2939 per
1289 2871 1361 2922 teni·

147 2950 280 3030 porslem
295 2949 535 3010 Incemationem.

193 3030 250 3090 VI.
273 3033 301 3089 3.
326 3030 412 3090 Solus
428 3031 521 3089 Filius
535 3027 629 3106 potuit
638 3025 691 3086 rite
706 3026 761 3084 hoe
772 3042 877 3082 munus
892 3022 1054 3099 suscipere:
1078 3022 1105 3078 1.
1128 3021 1171 3079 Ut
1184 3021 1234 3098 qui
1248 3021 1361 3082 medius

151 3119 199 3171 est
213 3111 289 3170 inter
300 3110 416 3169 Patrem
430 3119 460 3171 et
476 3109 616 3188 Spiritum
640 3106 787 3177 Sanctum,
811 3101 958 3161 Mediator
981 3109 1058 3159 esset
1070 3099 1146 3158 inter
1161 3099 1254 3158 Deum
1270 3110 1299 3160 et
1309 3102 1361 3162 ho-

150 3191 264 3266 mines3
286 3193 314 3249 2.
337 3189 520 3250 Conveniens
534 3197 679 3262 ersteum,
695 3185 745 3263 qui
760 3183 853 3242 Filius
881 3188 943 3240 emt
964 3200 1016 3258 per
1036 3187 1178 3255 naturam,
1202 3179 1361 3242 facereuos

149 3271 230 3330 filios
240 3269 394 3349 adoptivos
412 3289 464 3348 per
485 3271 615 3350 gratiam,
641 3275 674 3326 ut
698 3263 863 3324 cohaeredes
887 3279 1016 3320 essemus
1040 3261 1119 3319 illius
1133 3258 1183 3338 qui
1197 3269 1242 3320 est
1267 3261 1361 3322 haeres

152 3351 301 3426 omnium
324 3353 351 3410 3.
375 3351 449 3429 Ejus
459 3350 514 3410 luit
527 3349 666 3426 ἆιητίζω
689 3363 826 3419 recreare,
852 3343 936 3421 eujus
958 3341 1013 3400 fuit
1035 3361 1150 3417 ereare;
1172 3349 1205 3400 ut
1218 3341 1358 3420 Verbum,

150 3453 206 3512 per
218 3430 297 3510 qnod
311 3431 408 3489 omnis
422 3431 498 3490 laeta
512 3439 579 3491 sunt
593 3431 623 3488 in
647 3428 740 3507 prima
761 3423 913 3499 creatione,
929 3421 1097 3481 reformaret
1110 3440 1163 3480 nos
1178 3421 1215 3480 ad
1230 3421 1275 3482 sui
1289 3422 1361 3482 inia-

151 3511 251 3592 ginem
265 3511 296 3569 iii
311 3512 447 3571 secunda.
489 3512 591 3590 Imago
607 3509 663 3568 Dei
673 3529 725 3587 per
734 3513 884 3585 peecatum
895 3504 1056 3578 obscurata,
1072 3509 1223 3562 attentum
1236 3523 1295 3562 non
1310 3504 1359 3563 de-

150 3594 220 3667 leta,
236 3611 294 3650 non
308 3592 403 3668 potuit
413 3592 443 3650 in
457 3592 542 3651 nobis
563 3591 668 3650 melius
694 3585 829 3665 reparari,
858 3604 944 3663 qusm
958 3601 1010 3661 per
1033 3601 1107 3658 euin,
1122 3582 1173 3660 qui
1187 3591 1249 3643 erat
1262 3584 1359 3664 imago

153 3673 211 3732 Dei
226 3672 400 3748 invisibilis,
422 3676 450 3732 i.
473 3672 539 3731 Nou
554 3671 628 3730 alius
642 3668 736 3747 aptior
749 3666 804 3725 luit
818 3665 855 3724 ad
868 3663 1130 3724 reconciliationem
1145 3671 1273 3723 nostram
1287 3665 1356 3724 laci·

151 3752 267 3829 endam,
282 3772 369 3829 quam
379 3753 429 3832 qui
440 3752 534 3812 Filius
549 3751 644 3810 Patris
658 3751 867 3820 eratitpesssts,
884 3745 913 3802 in
928 3765 985 3822 quo
1000 3739 1118 3819 iniiam,
1133 3744 1238 3804 Matth.
1253 3745 1293 3804 iii.
1311 3749 1358 3806 17.

172 3857 263 3905 Fontei
279 3858 370 3905 Saluti·
435 3833 508 3893 VII.
531 3832 613 3892 Licet
623 3831 735 3890 Natura
753 3828 853 3886 divina
864 3826 937 3885 bene
947 3825 1059 3886 dicatur
1069 3825 1217 3883 incarnata
1231 3825 1261 3882 in
1272 3825 1358 3902 Filio,

222 3931 303 3962 onum.
397 3933 455 3973 non
470 3913 599 3992 sequitur
619 3919 771 3989 propterea
784 3915 874 3967 totam
888 3905 1059 3964 Trinitatem
1084 3903 1261 3962 ineametam
1284 3923 1358 3965 esse.

153 3996 229 4074 Quia
242 4005 346 4055 ustura
359 3995 459 4054 divina
473 3993 578 4052 dieitur
591 3993 747 4064 incarnata,
769 4007 827 4046 non
841 3987 998 4045 immediate
1032 3991 1213 4060 etquateiins
1227 3983 1358 4043 conside·

150 4087 235 4137 ratur
248 4077 380 4136 absolute
394 4084 423 4134 et
433 4075 463 4133 in
480 4093 520 4150 se,
536 4072 588 4132 sed
600 4071 720 4131 mediate
740 4069 770 4127 in
783 4087 907 4146 persons
921 4065 998 4141 Filii,
1014 4083 1065 4122 seu
1090 4060 1143 4120 sub
1157 4061 1208 4119 ill'a
1231 4061 1357 4140 redupli-

152 4157 268 4219 catione
292 4163 436 4235 quatenns
458 4153 665 4213 determinatur
686 4158 716 4210 et
738 4147 979 4208 characterizstnr
999 4145 1029 4202 in
1052 4143 1181 4200 Persona
1205 4141 1292 4218 Filii;
1317 4143 1359 4204 Ut

153 4236 321 4298 Incarnstio
336 4237 374 4296 sit
387 4255 460 4314 opus
473 4253 533 4293 non
543 4232 682 4308 naturale,
698 4229 750 4290 sed
763 4227 922 4307 personale,
938 4225 1016 4302 quod
1026 4221 1196 4282 terminetur
1209 4220 1247 4279 sd
1260 4241 1357 4298 perso·

152 4338 230 4396 nam,
246 4337 305 4377 non
319 4316 356 4376 ad
370 4325 510 4375 naturam.
554 4314 601 4373 Its
613 4320 675 4372 tots
687 4311 805 4389 quidem
824 4316 927 4366 natura
943 4304 1042 4363 diviua
1055 4299 1246 4360 benedicitur
1260 4300 1358 4362 Incar-

151 4409 231 4476 nsts,
247 4418 306 4457 non
320 4395 399 4476 quod
413 4397 451 4455 sit
474 4396 627 4454 Inesrnsta
640 4392 670 4450 in
685 4391 819 4449 omnibus
836 4385 976 4467 personis,
993 4381 1044 4442 sed
1058 4381 1126 4476 quia
1141 4381 1275 4439 Personae
1291 4382 1361 4443 Filii

153 4480 213 4539 Dei
236 4479 311 4537 nihil
332 4478 414 4537 deest
437 4475 533 4554 quoad
556 4473 761 4552 perlectionem
785 4469 892 4528 divinae
914 4473 1033 4558 natura.
1077 4459 1360 4556 Singularemnhsnc

152 4560 242 4620 unius
254 4559 389 4617 Personae
400 4555 630 4616 Incsrnationem
645 4553 754 4630 absque
773 4549 947 4627 reliquarum
967 4550 1170 4618 incarnatione,
1196 4559 1254 4600 non
1268 4561 1360 4621 impe-

155 4641 209 4716 dit,
225 4638 284 4698 Vel
298 4659 333 4697 es
345 4657 411 4716 quie
425 4637 617 4696 Personarum
632 4641 677 4693 est
699 4633 775 4692 inter
790 4649 820 4688 se
835 4629 928 4706 egini,
945 4623 1020 4699 Quis
1033 4643 1099 4682 euni
1108 4621 1226 4681 denotet
1240 4620 1360 4684 distine-

153 4721 265 4781 tionem
280 4727 309 4779 et
323 4717 541 4796 oppositionem,
558 4722 590 4774 ut
604 4713 724 4793 gignere
735 4721 764 4771 et
778 4709 870 4789 gigni,
879 4702 1116 4785 impedimentum
1130 4722 1188 4761 non
1202 4701 1293 4780 affert,
1309 4704 1362 4766 sed
