3150 5206
269 317 328 374 224
507 279 517 296 ⁶
699 324 790 366 nocue
806 325 1006 369 nuonacruus.
1299 307 1421 391 [unser.
1438 331 1465 368 x.

268 491 334 531 cum
349 471 442 542 Novo,
459 467 511 526 sed
524 473 708 526 externarum
722 467 956 525 caeremoniarum
972 467 1069 544 Legis,
1092 489 1158 528 curn
1178 469 1292 528 interna
1313 471 1463 529 eommuni-

269 571 323 610 one
339 549 454 622 Christi,
470 548 554 624 cujus
567 547 721 624 participes
735 545 824 604 luisse
846 546 968 606 Veteres
982 556 1027 606 est
1041 555 1124 606 extra
1145 550 1378 608 controversiam.
1420 549 1463 606 Ita

267 630 341 689 nihil
354 628 434 687 aliud
447 627 584 700 innuitur,
599 645 686 702 quarn
706 625 807 684 fideles
821 625 973 684 veritatem
988 627 1017 684 in
1031 628 1124 703 gratIa
1135 629 1242 687 Christi
1256 629 1369 704 habere,
1384 630 1464 706 cujus

268 709 370 769 umbra
391 709 532 766 duntaxat
546 707 576 764 in
601 715 721 764 externa
744 705 832 782 Legis
855 706 995 764 Mosaieoe
1016 708 1176 766 oeconomia
1200 709 1375 783 occurrebat,
1394 729 1463 786 quo·

267 789 353 848 modo
367 788 437 846 alibi
452 787 561 846 Paulus
574 793 697 844 testatur
712 785 903 844 Caeremonias
916 785 1005 844 fuisse
1019 788 1150 846 umbram
1171 789 1341 864 futurorum,
1357 791 1464 866 Corpus

265 879 361 929 autem
375 888 439 926 esse
453 867 483 925 in
498 866 621 941 Christo,
638 865 699 923 Col.
714 865 744 922 ii.
761 867 808 923 17.

307 948 420 1007 XXII.
442 948 538 1022 Quum
554 945 662 1004 Paulus
677 945 718 1002 ait
733 945 809 1004 Heb.
822 965 852 1002 x.
870 946 916 1003 18.
932 946 951 978 “
962 945 1013 1004 ubi
1027 945 1112 1006 datur
1124 945 1212 1017 ἄφεσις
1226 945 1356 1028 quu&
1369 947 1463 1006 remis·

266 1030 309 1088 sio
323 1036 514 1106 peccatorum,
530 1025 570 1084 ibi
584 1045 643 1083 non
657 1024 719 1082 dari
733 1024 856 1101 amplius
871 1024 1045 1083 oblationem
1059 1045 1111 1103 pro
1130 1029 1278 1102 peccato,''
1290 1037 1368 1087 recte
1381 1047 1462 1103 ergu-

264 1115 409 1168 mcntatur
423 1127 440 1165 a
453 1105 595 1183 positione
609 1103 786 1163 remissionis
796 1112 996 1179 peccatorum,
1012 1105 1049 1162 ad
1060 1105 1229 1182 positionem
1245 1107 1326 1166 unici
1336 1107 1464 1166 sacrificii

266 1188 382 1261 Christi,
397 1186 476 1264 quod
489 1185 520 1242 in
535 1183 642 1242 foedere
657 1183 766 1242 Gratiae
781 1183 964 1260 promittitur,
980 1184 1063 1261 cujus
1077 1185 1242 1244 interventu
1256 1188 1323 1246 talis
1337 1187 1464 1246 remissio

266 1267 407 1345 aequisita
428 1274 480 1338 est,
496 1273 525 1323 et
546 1264 584 1322 ad
607 1264 804 1322 exclusionem
827 1263 946 1322 ulterius
965 1263 1098 1322 sacrificii
1122 1266 1252 1342 ejusdem
1276 1267 1394 1342 ordinis,
1419 1267 1464 1325 vel

264 1347 446 1406 iterationem
459 1346 542 1421 ejus;
564 1362 630 1402 cnm
643 1363 702 1400 non
715 1343 804 1401 elium
818 1343 848 1400 in
862 1342 948 1402 finem
969 1343 1144 1418 institrmtur,
1160 1365 1246 1423 quam
1260 1346 1298 1404 ad
1319 1347 1464 1424 acquiren-

246 1439 249 1444 '
265 1426 332 1484 dam
346 1424 553 1498 remissionem,
568 1430 598 1481 et
618 1421 723 1481 frustra
737 1421 916 1497 adhibeatur,
932 1423 982 1481 ubi
1002 1432 1152 1500 peecatum
1164 1426 1226 1502 jam
1240 1427 1393 1486 remissum
1413 1437 1463 1486 est

269 1506 327 1564 Sed
340 1523 489 1581 perperam
504 1502 569 1580 quis
584 1501 650 1560 inde
665 1502 815 1578 colligeret
828 1522 887 1561 non
901 1502 998 1562 datam
1013 1501 1101 1562 luisse
1122 1506 1322 1564 remissionem
1335 1526 1388 1584 pro
1401 1527 1464 1582 pee-

265 1593 330 1644 cato
345 1584 398 1644 sub
413 1583 514 1643 Veteri
536 1583 729 1658 Testamenta,
745 1582 882 1658 quamdiu
906 1582 1099 1659 obligationes
1122 1584 1232 1661 legales
1254 1587 1359 1662 soepins
1384 1587 1466 1646 itere·

266 1665 389 1741 bantur,
416 1683 481 1723 eum
500 1670 613 1722 constet
636 1681 688 1740 per
701 1662 774 1721 tales
788 1662 949 1721 oblationes
972 1663 1169 1722 remissionem
1184 1685 1242 1723 non
1266 1666 1396 1743 potuisse
1418 1667 1465 1724 ob·

266 1745 360 1818 tineri,
376 1754 405 1803 et
418 1743 484 1802 ideo
498 1744 615 1803 iteratas
629 1761 701 1816 esse,
717 1750 749 1800 ut
762 1749 874 1818 pateret
886 1761 938 1818 per
957 1761 1007 1801 eas
1020 1742 1226 1819 impossibilem
1248 1745 1337 1804 fuisse
1357 1747 1466 1824 peceati

267 1825 480 1903 expiationem
497 1824 555 1882 Vel
578 1822 716 1899 quamdiu
742 1821 850 1880 oblatio
865 1821 972 1880 Christi
985 1841 1053 1880 non
1074 1822 1150 1881 sacta
1170 1823 1241 1900 suit;
1267 1825 1336 1903 quia
1359 1836 1465 1886 certum

266 1914 311 1964 est
325 1905 480 1964 efficaciam
494 1905 558 1980 ejus
568 1903 704 1961 moralem
719 1900 888 1960 antecedere
902 1902 965 1978 ejus
980 1901 1162 1960 existentiam
1173 1905 1333 1982 physicam.
1357 1907 1467 1965 Deinde

266 1989 356 2056 ripam
370 1993 466 2063 potest
479 1982 670 2058 metonymice
685 1981 760 2040 sumi
780 2000 832 2057 pro
853 1983 917 2057 ejus
929 1983 1125 2057 fitadamcato,
1141 2003 1193 2042 seu
1207 2004 1293 2043 eausa
1314 1985 1466 2060 meritoria,

267 2066 432 2143 expiatione
445 2063 581 2120 nimirum
595 2060 701 2119 actuali
715 2079 766 2136 per
780 2060 950 2135 sangninem
966 2060 1081 2120 Christi.
1124 2062 1189 2122 Hac
1203 2064 1310 2141 qnippe
1330 2067 1465 2142 praestita,

269 2144 416 2205 Sacrificia
430 2141 548 2201 Veteris
562 2139 740 2198 Testamenti
754 2159 818 2196 eam
832 2138 1040 2216 adumbrantia,
1055 2161 1156 2200 revera
1170 2161 1282 2202 cessare
1297 2144 1465 2218 debuerunt,

267 2234 300 2283 ut
314 2233 343 2282 et
357 2222 413 2280 alia
427 2220 525 2279 omnia
538 2219 569 2276 id
583 2238 675 2296 genus
690 2217 829 2276 sacrificia
838 2219 1006 2296 expiatoria,
1018 2241 1082 2298 quae
1096 2221 1228 2281 aiebam
1242 2232 1310 2283 sunt
1322 2223 1468 2284 Sacrificio

269 2302 385 2361 Christi.

308 2379 438 2438 XXIII.
461 2377 544 2436 Licet
558 2377 662 2436 solutio
676 2397 728 2454 per
739 2376 884 2436 Christum
895 2378 957 2436 fieri
970 2399 1028 2438 non
1042 2379 1174 2441 debuerit
1187 2381 1241 2440 sub
1253 2383 1354 2442 Veteri
1368 2384 1467 2442 Testa-

266 2469 372 2536 menta,
389 2467 474 2534 atque
486 2457 526 2515 ita
540 2477 634 2534 neque
648 2467 796 2534 peecatum
808 2457 1002 2534 obsignatum,
1014 2479 1107 2536 neque
1122 2462 1258 2538 iniquitas
1272 2471 1339 2522 aetu
1354 2465 1470 2542 expiata

268 2539 363 2616 fuerit,
379 2559 432 2596 nec
444 2537 559 2615 justitia
573 2538 734 2596 seculorum
756 2536 849 2595 adhue
864 2536 1006 2596 adducta:
1029 2539 1102 2598 Haec
1123 2549 1219 2600 tamen
1233 2542 1307 2600 nihil
1327 2542 1475 2621 derogent

267 2619 383 2678 veritati
398 2627 428 2676 et
441 2616 605 2676 certitudini
622 2617 838 2694 justificationis
851 2615 980 2675 fidelium
999 2617 1077 2678 illius
1091 2622 1244 2698 temporis3
1268 2623 1342 2697 Quia
1364 2625 1469 2683 solutio

268 2699 364 2760 danda
378 2699 432 2758 fuit
446 2697 603 2757 certissime
618 2719 636 2756 a
660 2699 812 2774 Sponsore,
831 2697 919 2773 juxta
939 2697 1086 2758 decretum
1109 2701 1173 2776 Dei,
1189 2703 1272 2778 cnjus
1294 2702 1403 2762 virtute
1424 2724 1467 2762 re·

267 2780 432 2840 missionem
447 2787 630 2856 peccatorum
643 2786 798 2855 potuerunt
818 2777 956 2853 obtinere,
971 2786 1004 2836 ut
1018 2798 1111 2838 eausa
1132 2781 1255 2840 morales
1269 2782 1364 2840 solent
1384 2803 1470 2860 agere

269 2869 423 2937 antequam
452 2859 509 2918 sint
523 2866 598 2917 actu.
641 2859 696 2932 Ita,
712 2857 792 2916 alind
805 2865 850 2916 est
864 2858 983 2915 actuales
997 2858 1155 2934 impetratio
1175 2861 1353 2921 remissionis
1367 2882 1468 2939 peeca-

268 2949 372 3015 torum,
395 2939 475 2998 aliud
495 2938 573 2997 illins
597 2939 750 3015 applicatio
775 2957 828 2996 ceu
851 2943 929 2994 certo
951 2944 980 2996 et
1004 2937 1192 2999 infallibiliter
1212 2940 1335 3017 iuturae;
1363 2942 1420 3000 lile
1438 2943 1469 3000 in

270 3021 354 3080 Novo
369 3021 554 3078 Testamenta
568 3018 684 3078 demum
699 3016 829 3094 contigit,
846 3015 898 3074 sed
911 3015 968 3076 ista
986 3018 1048 3094 jam
1060 3018 1186 3080 obtinuit
1199 3020 1254 3079 snb
1268 3021 1377 3081 Vetere
1398 3023 1469 3080 Tes-

269 3108 406 3160 tamenta.
430 3099 562 3159 Christus
576 3099 686 3158 auferre
701 3097 802 3158 debuit
815 3097 956 3164 meritorie
969 3107 1088 3174 peccata
1102 3119 1153 3176 per
1167 3099 1400 3176 satisfactionem,
1417 3102 1469 3168 sed

270 3181 350 3240 Deus
365 3181 470 3257 sejam
485 3179 643 3238 abstulerat
656 3178 803 3250 efficaater
817 3197 834 3234 a
847 3175 981 3236 fidelibus
996 3177 1063 3237 Vet.
1079 3178 1157 3239 Test.
1172 3200 1224 3256 per
1236 3181 1443 3240 remissionem.

310 3259 436 3317 XXIV.
460 3258 492 3315 Si
505 3257 635 3316 remissio
649 3265 832 3333 peccatorum
846 3256 955 3314 nemini
969 3257 1074 3334 obtigit
1088 3259 1141 3318 sub
1157 3261 1224 3319 Vct.
1239 3259 1317 3319 Test.
1332 3281 1384 3338 per
1400 3261 1467 3320 Sac-

267 3337 359 3395 riticia
380 3335 511 3394 Levitiea
524 3336 555 3394 in
575 3355 628 3394 suo
649 3355 712 3393 esse
737 3334 878 3408 absoluto,
894 3343 923 3394 et
947 3337 1001 3394 sub
1015 3337 1097 3412 σῃέηι
1119 3339 1208 3416 legali
1232 3349 1378 3416 spectata3
1403 3341 1468 3400 Non

268 3415 397 3492 sequitur
410 3414 476 3471 ideo
490 3433 548 3472 non
562 3413 701 3490 obtigisse
717 3413 851 3471 Patribus
864 3433 916 3489 per
939 3415 1115 3476 Sacrificium
1129 3437 1181 3477 sno
1200 3428 1328 3496 tempore
1348 3419 1468 3479 offeren-

268 3495 346 3568 dum,
361 3493 441 3570 quod
454 3492 553 3550 inillis
568 3491 715 3551 sacrificiis
729 3491 954 3568 significabatur,
970 3503 999 3554 et
1010 3498 1225 3574 obsignabatur.
1247 3499 1307 3558 Nec
1323 3501 1348 3558 si
1360 3501 1467 3560 Paulus

269 3581 358 3650 negat
367 3575 487 3630 naubare
501 3571 628 3648 potuisse
642 3571 705 3630 dari
718 3591 770 3649 per
785 3571 902 3649 Legem,
918 3593 983 3651 quas
997 3577 1127 3636 umbram
1142 3587 1254 3637 tantum
1268 3579 1371 3639 habuit
1391 3579 1467 3640 futu·

269 3673 366 3710 rorum
386 3652 536 3725 bonorum,
553 3651 630 3710 Heb.
646 3671 675 3708 x.
699 3656 724 3727 l,
748 3651 884 3711 continuo
901 3664 989 3732 negat
1010 3676 1072 3715 eam
1090 3657 1232 3733 Patribus,
1248 3658 1299 3734 qui
1319 3659 1374 3718 sub
1390 3659 1468 3737 Lege

268 3732 391 3806 fuerunt,
408 3730 572 3806 contigisse,
588 3751 646 3790 non
660 3751 698 3790 ex
711 3732 742 3792 vi
758 3732 853 3809 Legis,
870 3735 1056 3810 quaeinfirma
1069 3735 1124 3796 fuit
1137 3737 1167 3795 in
1188 3757 1281 3814 carne,
1298 3739 1384 3798 Rom.
1406 3741 1465 3798 viii.

268 3815 297 3886 3,
313 3812 365 3870 sed
378 3831 430 3890 per
443 3809 565 3888 gratiam
580 3819 610 3870 et
623 3811 756 3872 meritum
771 3813 886 3888 Christi,
903 3815 986 3892 eujus
999 3816 1044 3874 illi
1057 3836 1171 3894 quoque
1186 3826 1267 3878 amnt
1280 3828 1437 3895 compotes.

309 3893 417 3951 XXV.
440 3890 578 3965 Quamvis
594 3893 657 3951 Lex
672 3893 877 3953 caeremonialia
892 3915 957 3953 eum
972 3895 1119 3955 sacrificiis
1133 3897 1238 3974 saepius
1250 3899 1362 3957 iteratis
1383 3899 1468 3958 fuerit

267 3973 359 4032 instar
373 3971 572 4049 Chirographi,
588 3972 667 4051 quod
681 3973 711 4031 in
725 3973 807 4051 agira
817 3973 905 4050 legali
919 3974 1049 4051 docebat,
1065 3976 1165 4053 quales
1186 3987 1283 4037 essent
1296 3977 1398 4038 fideles
1418 4000 1466 4037 na·

267 4061 333 4111 tura
361 4073 421 4127 sna,
443 4060 472 4111 ct
497 4052 567 4128 quid
594 4062 743 4131 peecatum
771 4062 936 4130 mereretur,
961 4055 1133 4114 inculcando
1155 4057 1205 4133 jus
1230 4055 1331 4117 iiolati
1353 4058 1468 4117 laederis

268 4133 403 4209 Opemm,
418 4131 460 4191 ita
470 4141 502 4190 ut
516 4132 597 4192 fieret
610 4135 665 4192 hoe
686 4143 818 4210 respectu
831 4133 963 4210 cisalpinae
984 4133 1174 4212 pec'eatorum,
1198 4137 1274 4198 Heb.
1289 4159 1319 4196 x.
1342 4141 1379 4214 33
1403 4139 1466 4196 Hoc

267 4232 326 4271 non
340 4212 452 4272 obstitit
466 4220 570 4288 tamen,
586 4215 740 4290 quominus
754 4212 784 4271 in
799 4215 879 4288 egini
894 4233 946 4272 sua
960 4215 1146 4292 Evangeliea,
1162 4217 1233 4292 ipsis
1253 4217 1467 4278 adumbraverit

267 4292 461 4368 expiationem
475 4302 657 4370 peecatorum
672 4312 787 4352 snorum
803 4293 927 4352 futuram
941 4293 971 4351 in
993 4295 1132 4372 sanguine
1148 4297 1263 4372 Christi,
1279 4305 1309 4356 et
1325 4297 1466 4374 justifica-

268 4373 375 4432 tionem
389 4371 420 4429 in
434 4391 468 4430 eo
490 4371 695 4449 obsignaverit,
711 4379 921 4448 qn0·respectu
936 4372 1070 4432 Patribus
1091 4375 1145 4434 rite
1159 4395 1222 4434 eam
1247 4376 1468 4437 observantibus
1556 4425 1557 4428 ,

268 4451 362 4529 potnit
376 4471 439 4510 esse
454 4451 518 4510 loco
542 4452 668 4528 apochae,
684 4471 741 4528 qna
754 4469 807 4526 pro
831 4471 863 4510 se
883 4459 1031 4511 uterentur
1053 4453 1090 4512 ad
1114 4456 1254 4515 rationem
1277 4456 1468 4536 Chirographi
1556 4447 1557 4504 Ῑ

201 4587 211 4604 ,
269 4532 360 4608 ipsius
374 4531 509 4589 contrarii
524 4529 746 4590 confirmandam
759 4550 766 4601 3
790 4529 836 4588 Ita
850 4529 919 4589 dum
934 4531 970 4590 ab
984 4552 1042 4590 nna
1055 4541 1137 4611 parte
1152 4545 1260 4596 reatum
1275 4537 1468 4614 exprobrabat

268 4609 474 4686 peecatoribus,
490 4619 519 4668 et
533 4617 654 4669 mortem
668 4607 794 4667 debitam
810 4609 1048 4671 interminabatur
1061 4613 1098 4672 sd
1119 4623 1256 4674 terrorem
1271 4615 1306 4674 iis
1328 4617 1467 4676 incutien-
