3192 5206
126 374 234 423 eumer.
252 353 323 436 vm]
492 373 530 411 un
545 373 677 413 rarrsoss
693 371 730 411 ar
745 373 834 414 sraru
850 372 975 412 currem.
1279 358 1336 415 281

126 517 188 593 ejus
202 523 367 573 coaetaneus
381 521 464 572 extra
477 522 574 590 partes
581 513 693 590 positus
704 521 826 572 testatur
837 513 986 572 Common.
1005 513 1049 571 sui
1060 513 1110 572 lib.
1126 513 1145 572 i.
1161 533 1185 572 o.
1203 517 1248 590 17,
1259 514 1338 592 quod
1390 561 1392 566 ,

124 595 247 654 triennio
260 603 328 672 post
343 594 504 652 Concilium
526 594 704 671 Ephesinum
727 593 875 671 scripsisse
898 613 929 652 se
951 592 1047 670 refert,
1070 593 1248 652 “Nestorius
1269 616 1337 654 cou-

126 676 213 734 trario
227 674 395 751 Apollinari
409 673 518 748 morbo,
534 673 602 733 dum
618 692 680 732 sess
693 673 765 732 duas
786 675 816 731 in
838 674 952 732 Christo
968 673 1144 732 substantias
1158 673 1338 752 distinguere

126 755 250 829 simulat,
267 754 340 813 duas
351 742 508 813 introducit
522 761 639 832 repente
653 773 799 831 personas,
816 762 845 812 et
855 753 986 812 inaudito
996 755 1102 812 scelere
1112 755 1185 812 duos
1197 774 1259 814 esse
1274 756 1339 814 vult
1421 817 1423 822 ,

127 835 218 894 Filios
234 835 299 910 Dei,
324 834 398 892 duos
420 833 558 908 Christos,
574 834 651 892 hunc
667 833 771 909 Deum,
793 834 915 893 alterum
939 833 1113 908 homiuem,’'
1130 831 1184 892 &a
1227 835 1288 894 Nee
1313 836 1338 894 si

126 915 279 974 Nestorius
293 913 438 990 ambiguis
452 921 481 972 et
495 913 660 990 flexiloquis
674 933 744 972 usus
758 922 802 972 est
816 914 969 990 phrasibus
990 914 1027 971 ad
1048 933 1172 973 errorem
1194 934 1278 973 suum
1295 923 1336 974 te-

125 995 263 1072 gendum,
289 1015 355 1071 quae
375 1013 476 1052 sanum
491 1013 607 1053 sensum
621 1001 767 1070 utcunque
781 1002 900 1071 possent
914 994 1081 1070 admittere3
1094 995 1224 1072 sequitur
1239 997 1336 1054 statim

125 1073 215 1134 fuisse
230 1073 423 1136 orthodoxum
436 1096 443 1148 ;
466 1073 524 1132 Vel
538 1074 647 1148 Patres,
663 1075 714 1150 qui
727 1074 925 1151 penitiusejus
936 1083 1061 1133 mentem
1075 1084 1224 1150 noverant,
1241 1076 1336 1152 aliam,

125 1154 163 1213 ab
188 1175 223 1212 ea
246 1174 333 1232 quam
356 1153 481 1228 fovebat,
505 1153 549 1232 illi
568 1153 739 1214 sententiam
763 1153 919 1212 effinxisse.
957 1154 1023 1214 ,Nec
1038 1155 1062 1212 si
1078 1155 1204 1231 Cyrillus
1218 1156 1338 1232 phrases

124 1235 257 1293 dumores
270 1233 427 1310 aliquando
449 1233 589 1308 adhibuit,
612 1242 641 1292 et
663 1253 727 1310 quae
750 1233 924 1292 videbantur
945 1235 982 1292 ad
1004 1234 1274 1311 Eutychianismum
1289 1256 1336 1294 ac·

14 1372 17 1391 ,
123 1313 228 1373 cedere
242 1315 272 1373 in
286 1313 438 1374 refutando
453 1314 596 1388 Nestorio,
617 1322 649 1372 ut
670 1313 732 1373 fieri
755 1333 812 1371 non
833 1333 898 1371 raro
917 1315 991 1373 solet
1014 1315 1115 1390 abiis,
1140 1316 1190 1391 qui
1212 1336 1337 1375 errorem

122 1415 214 1454 unum
228 1393 432 1472 oppugnaturi,
447 1394 477 1451 in
491 1393 579 1451 alium
593 1393 729 1453 videntur
738 1392 833 1451 delabi
845 1415 851 1468 ;
874 1393 941 1452 inde
953 1395 1051 1471 colligi
1060 1403 1155 1471 potest
1164 1416 1229 1454 eum
1240 1396 1337 1456 minus

15 1505 16 1516 ι
122 1483 202 1534 recte
224 1474 350 1533 sensisse
364 1473 400 1532 de
414 1475 469 1532 hoc
483 1473 629 1550 mysterio,
652 1483 682 1532 et
703 1474 830 1550 Eutychi
851 1474 966 1532 favisse.
1011 1474 1052 1533 Ut
1077 1495 1163 1552 quarn
1184 1476 1337 1553 aliquoties

117 1555 204 1628 dicit,
231 1575 318 1612 unam
340 1573 403 1612 esse
424 1552 508 1624 Λέγιυ
522 1553 663 1612 incarnati
676 1563 819 1630 naturam,
843 1574 901 1612 non
919 1555 984 1613 vult
1007 1554 1216 1613 humanitatem
1240 1564 1269 1614 et
1293 1557 1336 1614 di·

14 1657 15 1674 ι
123 1633 278 1693 vinitatem
292 1634 322 1691 in
333 1654 419 1692 unam
434 1643 566 1692 naturam
580 1633 731 1707 coaluisse,
751 1653 817 1691 curn
838 1633 946 1691 ibidem
960 1641 1068 1692 statuat
1082 1633 1216 1692 unionem
1231 1635 1336 1692 saetam

123 1733 188 1773 esse
210 1713 373 1790 decoxisse,
397 1713 448 1771 sed
468 1715 523 1772 hoc
545 1713 585 1771 ait
606 1713 736 1791 opposite
757 1712 795 1770 ad
816 1713 990 1788 Nestorium,
1013 1713 1081 1790 quia
1101 1734 1191 1772 unum
1212 1724 1256 1773 est
1279 1721 1335 1784 ὑφι-

123 1820 251 1870 namna,
279 1815 337 1872 quo
367 1795 485 1852 Verbum
512 1793 604 1853 Carni
631 1795 781 1852 secandum
813 1793 983 1868 bffoataaim
1012 1793 1117 1866 unitur,
1151 1802 1184 1852 ut
1213 1794 1336 1854 habetur

122 1875 237 1934 Anath.
271 1879 298 1933 2.
315 1873 459 1950 Quicquid
473 1873 518 1948 sit,
536 1871 722 1948 Quaestio'eat
736 1873 881 1948 historica,
896 1873 979 1946 fecti,
1002 1893 1060 1931 non
1076 1873 1163 1948 juria,
1189 1894 1253 1950 quae
1277 1895 1336 1932 non

122 1955 229 2029 obstat,
246 1955 400 2031 quominus
414 1972 493 2012 error
507 1955 557 2030 qui
572 1953 706 2012 Nestorio
720 1952 864 2029 tribuitur,
879 1961 912 2011 ut
926 1951 1149 2012 fundamentalis
1162 1953 1337 2031 rejiciendus

122 2036 172 2108 sit,
188 2043 221 2092 ut
235 2035 364 2111 rejicitur
377 2033 414 2092 ab
432 2033 565 2092 omnibus
588 2033 774 2106 Orthodoxis,
795 2032 845 2110 qui
869 2032 1014 2091 Unionem
1039 2033 1250 2110 hypostaticam
1269 2054 1336 2093 cum

122 2113 310 2174 distinctione
322 2112 438 2191 quidem
449 2113 632 2188 Natrrrarum,
644 2112 695 2171 sed
705 2113 766 2172 sine
777 2112 919 2172 divisione
935 2113 1070 2171 Personae
1079 2113 1183 2172 factem
1195 2123 1335 2190 asserunt,

123 2194 300 2253 litationibus
313 2194 404 2252 variis
418 2193 490 2252 nixi.

432 2273 468 2331 V.
493 2272 598 2347 Primo,
613 2273 669 2331 hoc
683 2274 806 2350 probant
819 2274 892 2349 loca,
907 2294 972 2351 quae
987 2273 1144 2333 ostendunt
1158 2273 1213 2332 Dei
1229 2274 1337 2334 Filium

391 2352 427 2412 de
442 2353 564 2430 Virgine
578 2360 678 2412 natum
689 2372 771 2428 essa;
788 2355 866 2430 quod
880 2373 944 2412 cum
960 2363 1091 2432 respectu
1104 2363 1215 2413 naturae
1230 2355 1337 2414 divinae

123 2433 252 2510 intelligi
266 2453 324 2492 non
339 2434 439 2510 possit,
456 2453 520 2509 quae
535 2433 663 2491 increata
676 2442 721 2492 est
735 2441 764 2491 et
778 2441 893 2509 aeterna,
909 2434 961 2492 sed
978 2433 1015 2492 de
1037 2436 1172 2511 humana,
1194 2455 1259 2512 quae
1284 2456 1337 2495 suo

161 2313 198 2358 Et
212 2313 331 2371 roJ'icitur.

11 2551 12 2554 =
124 2523 255 2590 tempore
266 2513 438 2590 principium
447 2513 640 2586 habuitrecte
650 2512 831 2573 concluditur
844 2514 972 2572 divinam
984 2515 1195 2592 humanamque
1204 2523 1337 2575 naturam

124 2593 155 2651 in
171 2593 286 2652 Christo
307 2593 423 2651 nonnisi
445 2613 532 2651 unam
554 2613 706 2669 personam
725 2594 908 2659 constituere,
931 2594 967 2652 de
981 2614 1039 2671 qua
1054 2605 1131 2654 recte
1146 2595 1339 2672 praedicentur

126 2693 308 2750 quascunque
317 2673 347 2731 in
359 2673 487 2731 divinam
502 2681 531 2732 ct
544 2673 700 2731 humanam
711 2681 843 2732 naturam
852 2682 1027 2750 competunt,
1039 2674 1110 2733 Luc.
1126 2675 1144 2732 i.
1160 2678 1207 2750 35,
1226 2675 1338 2748 “Quod

126 2762 263 2812 nascetur
290 2774 328 2812 ex
342 2763 370 2812 te
386 2762 525 2827 sanctum,
540 2753 692 2812 vocabitur
704 2753 797 2812 Filius
810 2754 894 2828 Dei,'’
924 2754 990 2812 Gal.
1003 2754 1042 2813 iv.
1054 2757 1082 2828 4,
1107 2757 1124 2786 “
1137 2754 1217 2812 Deus
1229 2755 1338 2813 Filium

127 2853 222 2909 suum,
238 2833 347 2892 factum
361 2853 399 2892 ex
413 2833 562 2908 muliere,''
578 2831 632 2891 &a

167 2913 225 2972 VI.
250 2913 392 2987 Secundo,
408 2914 472 2971 loca
486 2913 514 2970 in
531 2913 636 2990 quibus
650 2933 707 2971 una
722 2932 844 2989 persona
868 2911 981 2970 duabus
1003 2921 1139 2971 constans
1162 2913 1273 2971 naturis
1287 2913 1336 2972 de-

129 2993 276 3052 scribitur.
292 2993 377 3052 Rom.
392 2993 411 3051 i.
434 2996 461 3068 3,
478 2993 582 3052 dicitur
604 2993 764 3051 “Christus
777 3012 815 3050 ex
829 2991 937 3050 semine
960 2991 1083 3049 Davidis
1104 2991 1261 3050 secundum
1276 3013 1337 3050 car-

128 3092 203 3148 nem,
219 3081 251 3132 et
261 3073 355 3132 Filius
368 3073 422 3131 Dei
434 3073 592 3132 secundum
605 3072 745 3149 Spiritum
756 3071 1019 3145 sanctificationis,”
1036 3071 1120 3130 Rom.
1132 3071 1173 3128 ix.
1189 3073 1216 3145 5,
1228 3075 1246 3105 “
1257 3072 1337 3132 Deus

128 3153 299 3212 benedictus
313 3154 344 3210 in
359 3153 464 3229 secula,
480 3154 606 3211 ethome
617 3151 756 3210 oriundus
771 3171 788 3208 a
804 3150 967 3226 PatribuS,'’
986 3154 1000 3207 l
1014 3150 1088 3208 Tim.
1109 3151 1150 3208 iii.
1168 3154 1213 3226 16,
1226 3154 1243 3184 “
1256 3152 1337 3211 Deus

128 3233 331 3292 manifestatus
345 3234 374 3290 in
389 3233 503 3309 carne,”
522 3231 597 3291 Phil.
608 3232 638 3289 ii.
651 3233 678 3306 6,
694 3236 721 3308 7,
740 3233 757 3264 “
770 3231 825 3289 Ille
839 3231 890 3308 qui
909 3230 941 3287 in
955 3229 1046 3288 sorma
1061 3231 1117 3290 Dei
1128 3239 1197 3308 erat,
1211 3251 1273 3291 sese
1285 3253 1335 3292 ex-

127 3313 263 3386 inanivit,
278 3323 426 3390 assumpta
439 3313 531 3371 forma
546 3312 651 3371 servi.'’

167 3393 243 3452 VII.
266 3393 373 3468 Tertio,
389 3393 453 3451 loca
467 3412 532 3469 quae
546 3392 677 3451 diversas
698 3391 888 3470 proprietates
908 3397 937 3449 et
955 3389 1135 3468 operationes
1157 3391 1207 3450 uni
1223 3392 1337 3452 Christo

127 3473 268 3548 tribuunt,
283 3481 316 3531 ut
330 3473 408 3550 quod
423 3473 516 3532 Filius
530 3472 663 3547 hominis,
679 3472 729 3550 qui
743 3470 937 3531 descenditde
949 3471 1038 3546 Coele,
1054 3473 1092 3531 sit
1102 3482 1199 3530 tamen
1209 3473 1239 3529 in
1253 3473 1336 3550 coelo,

129 3553 198 3612 Job.
214 3553 256 3610 iii.
275 3555 310 3612 13
326 3575 333 3628 ;
357 3553 500 3611 Dominus
518 3552 618 3629 glorias
636 3552 723 3611 fuerit
745 3551 900 3611 crucifixus
923 3555 937 3608 l
955 3553 1019 3610 Cor.
1035 3552 1064 3611 ii.
1080 3555 1117 3628 83
1141 3553 1221 3612 Deus
1239 3555 1336 3630 acqui-

127 3633 229 3692 siverit
243 3633 404 3691 Ecclesiam
418 3632 533 3710 proprio
548 3633 697 3710 sauguine,
714 3631 782 3690 Act.
798 3651 848 3688 xx.
865 3633 923 3708 28;
940 3632 1033 3690 omnis
1047 3632 1196 3710 plenitudo
1212 3633 1337 3694 Deitatis

128 3712 157 3770 in
171 3714 237 3790 ipso
248 3712 367 3788 habitet,
381 3713 443 3772 Col.
458 3713 487 3770 ii.
503 3714 520 3770 9
532 3734 539 3787 ;
552 3732 616 3788 quae
627 3712 663 3771 de
675 3732 709 3770 eo
719 3711 870 3789 praedicari
880 3731 938 3769 non
949 3719 1076 3790 possent,
1087 3713 1143 3771 nisi
1154 3713 1338 3773 dua-natura

127 3792 157 3850 in
171 3811 261 3852 unam
274 3811 427 3869 personam
441 3791 625 3851 coaluissent.

431 3871 523 3931 Vlll.
546 3869 606 3931 Ubi
620 3879 687 3931 sunt
701 3871 889 3931 duaenaturae
904 3872 1062 3949 completae,
1077 3880 1137 3931 tam
1150 3871 1181 3928 in
1195 3891 1258 3929 esse
1269 3872 1338 3930 snb·

127 3955 217 4003 Fonte·
260 3955 365 4001 solutio-
390 3953 513 4028 stantiae,
528 3971 616 4029 quarn
629 3951 831 4026 subsistentis,
847 3960 877 4011 et
896 3950 1190 4024 incommunicabiles,
1215 3950 1257 4008 ibi
1271 3960 1339 4010 suut

203 4029 271 4060 Μ·
389 4033 454 4092 duae
469 4051 607 4110 personas.
629 4031 672 4091 At
682 4032 713 4089 in
724 4031 838 4090 Christo
849 4051 907 4090 nou
916 4040 984 4091 sunt
994 4032 1058 4089 duae
1069 4038 1178 4089 naturae
1188 4029 1338 4106 completae

127 4113 225 4192 quoad
240 4113 465 4188 subsistentiam,
481 4121 510 4171 et
534 4110 827 4171 incommunicabiles.
870 4111 932 4170 Nec
943 4111 968 4169 si
982 4111 1012 4168 in
1027 4111 1113 4168 Petro
1124 4117 1153 4167 et
1168 4109 1259 4167 Paulo
1271 4109 1337 4169 duae

127 4205 240 4254 naturae
255 4192 417 4270 singulares
432 4193 505 4251 duas
518 4211 656 4270 personas
670 4191 867 4266 constituunt3
890 4191 1020 4267 sequitur
1029 4189 1106 4247 idem
1120 4188 1151 4245 in
1166 4188 1280 4246 Christo
1294 4189 1337 4248 lo·

127 4293 195 4334 cum
209 4274 334 4350 habere;
357 4273 425 4350 quia
439 4272 504 4331 duas
519 4281 629 4331 naturae
642 4271 674 4329 in
686 4270 852 4330 hominibus
863 4270 971 4328 habent
984 4267 1337 4327 incommunicabilitatem

126 4375 194 4413 curn
210 4353 427 4430 singrrlaritate;
451 4351 573 4411 sednon
588 4353 618 4410 in
633 4351 756 4426 Christo,
780 4351 849 4427 quia
863 4357 965 4408 natura
986 4349 1112 4407 humana
1125 4347 1286 4407 destinatur
1300 4349 1338 4408 ad

127 4433 357 4512 assumptionem
371 4432 471 4506 Verbi,
488 4431 535 4490 cui
549 4430 737 4508 personaliter
750 4439 795 4489 est
808 4430 897 4488 unita.
941 4428 1001 4487 Nec
1013 4427 1080 4486 inde
1092 4427 1221 4504 sequitur
1235 4447 1337 4487 vocem

125 4513 254 4572 bominis
267 4512 418 4590 praedicari
442 4511 590 4588 aequivoce
604 4511 640 4569 de
655 4511 768 4570 Christo
783 4518 812 4570 et
826 4509 862 4568 de
876 4508 968 4582 nobis,
981 4507 1032 4566 sed
1046 4516 1157 4566 tantum
1171 4526 1273 4564 vocem
1286 4509 1337 4567 ho-

127 4593 215 4653 minis
229 4592 316 4652 modo
331 4591 464 4670 specifice
479 4589 562 4665 sumi,
578 4611 630 4668 pro
650 4599 752 4650 natura
771 4591 905 4665 humana,
920 4587 1064 4666 quomodo
1079 4587 1116 4645 de
1137 4586 1251 4646 Christo
1265 4607 1337 4664 prae·

127 4673 250 4750 dicatur,
266 4672 353 4732 modo
368 4671 585 4750 suppositalitsr
598 4690 650 4748 pro
664 4690 794 4747 persona,
810 4668 955 4746 quomodo
969 4669 1052 4727 nobis
1067 4667 1210 4726 tribuitur.
