3186 5210
202 373 261 432 566
634 389 725 431 accus
739 387 869 430 aceruus
884 385 1004 429 ssxrus.
1248 365 1367 448 [eumer
1381 385 1415 429 rr.

203 531 285 607 Quia,
301 539 490 610 praeterquam
505 529 586 607 quod
600 531 690 608 gratis
705 522 877 608 supponitur*
886 529 1032 589 Christum
1040 529 1176 587 meritum
1187 547 1251 587 esse
1261 529 1346 588 nobis
1355 529 1416 586 vim

204 611 341 684 merendi,
355 619 389 670 ut
402 629 455 669 suo
468 610 533 670 loco
549 610 702 686 videbitur,
718 610 857 687 quicquid
870 613 957 668 homo
970 609 1039 668 boni
1050 607 1199 686 accipiata
1212 609 1277 667 Deo
1291 629 1344 686 per
1351 628 1416 685 gre-

205 693 282 766 tiam,
299 711 338 750 ex
351 709 451 750 eorum
461 691 625 768 hypothesi,
640 711 699 749 non
713 689 844 749 excludit
856 689 941 748 liberi
955 689 1065 748 arbitrii
1080 707 1259 764 concursum,
1276 690 1359 766 cujus
1373 690 1417 746 in-

205 779 340 830 terventu
353 770 394 846 fit,
409 778 442 830 ut
456 771 542 830 homo
557 771 683 846 aliquam
697 770 727 827 in
742 789 773 828 ss
784 769 929 846 gloriandi
942 769 1047 828 habeat
1061 769 1218 844 materiam,
1235 788 1299 827 cum
1313 770 1345 826 in
1357 769 1418 826 Do-

206 852 284 909 mino
299 851 361 910 solo
376 849 557 928 gloriandum
572 849 656 907 nobis
671 849 718 908 sit.
761 849 925 909 Pharisaeus
938 869 996 908 nou
1010 849 1105 908 minus
1120 848 1273 907 damnatur
1283 849 1338 907 etsi
1352 867 1418 924 gru·

208 932 263 990 tias
277 951 368 1009 agens
384 933 447 990 Deo
461 929 610 1006 profitetur
624 949 655 988 se
669 929 706 986 ab
721 948 763 1006 eo,
779 949 839 988 non
852 950 870 988 a
884 949 924 1005 se,
940 929 1037 988 omnia
1050 949 1103 988 sua
1117 929 1231 1004 habere,
1248 928 1319 987 Luc.
1335 928 1419 986 xviii.

511 1008 619 1067 XVII.
643 1008 780 1085 Septimo,
797 1009 872 1084 Quia
887 1009 1031 1068 Remissio
1057 1009 1177 1086 peccati,
1192 1008 1313 1086 requirit
1327 1008 1418 1067 aboli-

207 1076 229 1122 7·
245 1076 449 1179 Qffiffiffflst
468 1087 577 1148 tionem
591 1097 688 1148 reatris
702 1109 754 1166 per
768 1097 853 1162 adsero
860 1089 951 1148 debiti
966 1090 1147 1148 solutionem.
1191 1088 1232 1148 At
1241 1089 1364 1148 Justitia
1375 1088 1419 1145 in·

471 1167 592 1243 haerens,
607 1189 660 1228 neo
675 1176 771 1247 potest
784 1169 922 1228 offensam
939 1169 996 1228 Dei
1009 1186 1061 1228 seu
1074 1177 1185 1227 reatum
1199 1188 1237 1227 ex
1251 1187 1285 1227 ea
1298 1187 1419 1227 nascen-

211 1254 269 1304 tem
285 1245 396 1320 tollere,
412 1265 465 1306 nec
473 1247 623 1309 laesionem
633 1249 915 1327 DivinaeMajestatis
925 1269 1120 1327 compensare.
1143 1249 1217 1306 Nam
1228 1257 1420 1326 praeterquam

210 1325 288 1402 quod
301 1325 418 1402 respicit
432 1327 462 1384 in
473 1326 609 1405 futurum,
626 1337 659 1388 ut
672 1331 758 1389 horno
771 1329 909 1406 fungamur
924 1329 1017 1388 officio
1039 1349 1101 1403 suc,
1116 1349 1174 1386 non
1189 1329 1219 1386 in
1233 1329 1420 1406 praeteritum,

209 1415 242 1464 ut
257 1405 400 1466 defectum
414 1407 500 1467 officii
515 1409 709 1469 satisfactione
724 1409 792 1468 data
812 1419 986 1486 compenset,
1012 1409 1191 1486 impossibile
1205 1417 1250 1468 est
1263 1429 1314 1486 per
1327 1408 1420 1484 quali-

210 1493 300 1544 tatem
341 1486 429 1546 tinitae
457 1489 574 1548 virtutis
602 1499 631 1548 et
658 1489 818 1566 diguitatis,
847 1489 986 1548 offensam
1010 1489 1131 1549 infinitae
1158 1489 1339 1565 indignitatis
1368 1488 1419 1548 de-

211 1565 264 1625 leri
278 1575 330 1626 aut
343 1569 532 1646 compensari.

211 1686 234 1732 8.
249 1688 271 1732 A
295 1687 452 1733 mimum
513 1649 638 1708 XVIII.
661 1648 781 1724 Octavo,
799 1648 1423 1726 Nonpossumushicomittereeximiaduo·

242 1744 376 1790 donamur
419 1753 445 1791 ss
474 1749 538 1787 rum
554 1728 749 1788 cardinalium
764 1729 936 1805 testimonia,
953 1730 1003 1806 qui
1023 1730 1055 1788 ri
1076 1730 1207 1790 veritatis
1231 1729 1311 1805 vieti,
1336 1729 1425 1788 nobis

243 1804 393 1849 serrantur.
475 1809 695 1886 adstipulantur.
739 1803 854 1868 Primus
868 1817 912 1868 est
937 1809 1099 1868 Cardinalis
1124 1810 1310 1884 Centarenus,
1326 1809 1424 1884 quiin

214 1890 310 1948 Tract.
326 1889 362 1949 de
376 1891 398 1949 J
399 1890 520 1949 ustifica.
536 1891 577 1949 sic
590 1889 727 1968 loquitur.
744 1889 943 1964 “Quoniam”
959 1890 1061 1966 inquit,
1089 1891 1107 1923 “
1117 1889 1156 1948 ad
1170 1889 1313 1967 duplicem
1328 1889 1351 1947 J
1352 1889 1426 1948 usti-

214 1969 285 2028 tiam
293 1969 478 2046 pervenimus
492 1989 544 2048 per
556 1969 652 2039 fidem,
667 1971 690 2030 J
691 1969 819 2029 ustitiam
833 1969 1019 2028 inhaerentem
1033 1970 1126 2044 nobis,
1156 1977 1185 2028 et
1206 1968 1375 2027 charitatem
1390 1989 1427 2028 ac

215 2050 338 2126 gratiam
352 2069 410 2126 qua
423 2049 561 2109 efficimur
575 2058 722 2110 consortes
736 2049 843 2108 divinae
854 2057 981 2126 natura,
1004 2051 1044 2108 Et
1052 2049 1196 2128 justitiam
1211 2049 1319 2108 Christi
1339 2049 1428 2108 nobis

215 2129 351 2189 donatam
365 2138 395 2189 et
408 2130 587 2208 imputatam,
603 2130 739 2208 quoniam
752 2129 852 2190 inserti
866 2149 965 2189 sumus
987 2130 1110 2204 Christo,
1126 2139 1155 2189 et
1169 2130 1314 2189 Christum
1329 2129 1427 2188 indui-

215 2229 298 2268 mus:
321 2210 423 2270 Restat
437 2209 589 2287 inquirere,
605 2219 736 2270 amanam
751 2210 907 2270 debeamus
920 2209 982 2284 niti,
999 2219 1028 2270 et
1051 2210 1216 2270 existimare
1240 2229 1294 2268 nos
1316 2209 1427 2286 justifi-

217 2289 276 2346 cari
290 2307 385 2347 eoram
402 2289 473 2362 Deo,
489 2290 520 2348 id
543 2298 596 2365 est,
613 2299 727 2350 sanctos
742 2298 771 2349 et
789 2291 885 2368 justos
908 2291 1018 2349 haberi.
1061 2291 1126 2367 Ego
1149 2309 1267 2367 prorsus
1289 2289 1429 2349 existimo

217 2367 263 2445 pie
278 2375 307 2425 et
322 2367 483 2426 Christiane
498 2368 564 2442 dici,
581 2369 659 2444 quod
673 2370 830 2428 debeamus
843 2370 906 2444 niti,
921 2370 975 2430 niti
989 2370 1106 2448 inquam
1121 2379 1258 2447 tanquam
1272 2389 1303 2428 re
1318 2370 1428 2446 stabili,

217 2467 282 2524 quse
296 2453 373 2504 certo
388 2465 441 2504 nos
456 2455 606 2522 sustentat,
622 2449 643 2506 J
646 2449 744 2507 ustitia
759 2449 865 2508 Christi
881 2449 964 2508 nobis
989 2449 1103 2525 donata,
1126 2470 1185 2509 non
1209 2458 1305 2508 antem
1320 2450 1429 2508 saucti-

217 2534 276 2586 tate
291 2534 320 2585 et
334 2526 426 2602 gratia
440 2525 524 2586 nobis
538 2526 704 2585 inhaerente.
747 2527 821 2586 Hac
835 2529 912 2586 enim
925 2539 1026 2589 nostra
1045 2530 1161 2608 justitia
1182 2539 1226 2588 est
1248 2529 1384 2588 inchoata
1399 2539 1432 2590 et

216 2605 391 2685 imperfecta
407 2626 472 2684 quae
486 2605 560 2666 tueri
574 2626 627 2666 nos
641 2626 699 2666 non
713 2615 816 2684 potest,
832 2608 903 2684 quin
913 2609 944 2666 in
957 2610 1056 2670 multis
1068 2610 1254 2684 offendamus,
1270 2609 1339 2686 quin
1355 2611 1430 2668 assi-

218 2687 274 2748 due
289 2707 448 2765 peccemus.
492 2687 604 2747 Idcirco
619 2687 648 2745 in
663 2695 817 2765 conspectu
833 2689 890 2746 Dei
903 2708 962 2748 nou
975 2709 1129 2767 possumus
1143 2689 1180 2749 ob
1200 2691 1275 2748 hanc
1281 2689 1430 2766 justitiam

218 2777 345 2828 nostram
360 2768 459 2827 haberi
470 2767 543 2845 justi
558 2776 588 2828 ct
601 2768 678 2843 boni,
694 2767 937 2845 quemadmodum
955 2769 1073 2829 deceret
1085 2770 1161 2828 filios
1187 2769 1242 2828 Dei
1256 2789 1319 2828 esse
1335 2769 1431 2829 henos

218 2858 248 2907 et
262 2856 385 2908 sanctos.
430 2847 487 2908 Sed
501 2850 523 2908 J
525 2849 624 2908 ustitia
638 2849 745 2908 Christi
758 2848 842 2908 nobis
857 2848 963 2908 donata
976 2859 1021 2908 est
1034 2869 1103 2909 vera
1124 2860 1153 2909 et
1165 2849 1292 2927 perfecta
1302 2850 1430 2926 justitia,

219 2947 284 3006 quas
299 2929 415 2988 omnino
426 2929 521 3007 placet
535 2928 627 2988 oculis
641 2929 707 3004 Dei,
723 2929 753 2986 in
767 2949 824 3005 qua
837 2929 910 2987 nihil
924 2939 969 2989 est
987 2930 1065 3007 quod
1089 2931 1183 2988 Deum
1198 2929 1332 3000 offendat,
1349 2931 1430 3006 quod

221 3009 285 3068 Deo
299 3025 357 3068 non
369 3029 550 3086 summopere
562 3010 685 3086 placeat.
742 3009 807 3068 Hac
821 3029 891 3086 ergo
906 3009 968 3068 sola
981 3018 1060 3069 certa
1073 3018 1103 3069 et
1117 3011 1214 3069 stabili
1228 3009 1312 3069 nobis
1332 3010 1430 3068 niten-

220 3087 290 3147 dum
305 3097 334 3148 et
348 3089 385 3148 eb
400 3108 463 3148 eam
478 3089 569 3148 solam
584 3089 758 3149 credendum
773 3109 826 3148 nos
836 3089 990 3167 justificari
1012 3110 1109 3150 eoram
1134 3091 1207 3166 Deo,
1222 3089 1254 3149 id
1267 3098 1320 3164 est,
1331 3090 1433 3167 justos

220 3169 330 3244 haberi,
353 3178 382 3228 et
397 3169 452 3227 diei
475 3169 601 3246 justos.’'
644 3169 673 3227 A
688 3189 745 3247 quo
770 3189 828 3227 non
842 3169 929 3247 longe
943 3170 1005 3228 abit
1018 3172 1156 3229 Belhrrm.
1172 3170 1223 3230 lib.
1238 3189 1267 3228 v.
1283 3169 1319 3228 de
1333 3171 1431 3230 Justi·

221 3249 267 3322 fic.
283 3269 345 3326 cap.
361 3254 388 3324 7,
413 3249 463 3325 qui
486 3257 639 3326 postquam
658 3269 771 3309 omnern
786 3269 868 3309 suam
892 3250 1062 3309 industriam
1087 3249 1185 3328 posuit
1208 3250 1238 3308 iu
1262 3250 1432 3308 meritorum

220 3329 410 3387 humanorum
426 3328 600 3404 defensione,
616 3349 651 3389 co
675 3329 791 3389 tandem
816 3330 992 3390 conscientia
1015 3330 1145 3390 veritatis
1169 3330 1289 3389 adactus
1309 3329 1386 3388 redit
1399 3340 1434 3389 ut

221 3407 307 3480 dicat,
332 3408 481 3484 “Propter
495 3409 728 3468 incertitudinem
743 3410 1015 3488 propriaeJustitiae,
1031 3419 1060 3470 et
1083 3410 1242 3487 periculum
1258 3409 1352 3468 inanis
1366 3408 1431 3486 glo-

219 3487 277 3560 riae,
293 3485 469 3544 tutissimum
483 3507 546 3546 esso
560 3487 696 3548 fiduciam
709 3497 800 3548 totam
814 3490 845 3549 in
859 3491 920 3550 sola
935 3490 992 3550 Dei
1004 3489 1201 3550 misericordia
1213 3489 1434 3628 etfrhenignitatc

221 3563 464 3703 rursm
477 3567 930 3710 ..insimulaturus
941 3571 1009 3710 tu
1020 3570 1431 3710 terrenarum

224 3724 275 3786 sed
288 3663 428 3784 riveriis
442 3724 572 3802 largitor,
588 3725 750 3786 admittat.''
1009 3697 1017 3728 ’
1422 3695 1432 3726 ⁹

527 3805 622 3864 XIX.
652 3805 784 3867 Christus
798 3827 850 3886 per
863 3809 1057 3869 obedientiam
1071 3831 1152 3870 suam
1166 3818 1244 3870 recte
1258 3808 1365 3868 dieitur
1378 3829 1433 3868 nos

479 3888 571 3962 justos
593 3886 765 3963 constituere,
787 3908 846 3947 non
862 3909 914 3967 per
927 3890 1113 3950 inhmrentem
1132 3890 1285 3968 justitiam,
1307 3889 1360 3948 sed
1381 3909 1435 3968 per

486 3967 666 4046 imputatam,
681 3977 714 4028 ut
728 3967 813 4028 Rom.
824 3968 864 4028 iv.
877 3971 895 4029 6
907 3969 1034 4044 docetur,
1050 3979 1131 4030 etex
1145 3971 1326 4048 oppositione
1349 3979 1432 4030 ante·

225 4045 354 4106 cedentis
379 4046 635 4126 condemnationis,
651 4069 676 4108 c.
691 4069 720 4110 v.
735 4069 795 4110 ver.
813 4052 859 4126 19,
876 4050 1030 4129 colligitur.
1071 4051 1152 4111 Justi
1166 4052 1244 4110 enim
1258 4071 1316 4110 non
1334 4051 1433 4110 minus

225 4127 439 4186 constituuntur
453 4148 547 4188 coram
565 4130 636 4204 Deo,
652 4130 701 4207 qui
716 4139 833 4208 propter
846 4130 1039 4190 obedientiam
1054 4131 1161 4191 Christi
1175 4130 1246 4209 ipsis
1258 4131 1433 4207 imputatam

225 4206 417 4266 absolvuntur
429 4227 447 4265 a
461 4209 570 4268 meritis
592 4211 694 4288 poenis,
717 4230 803 4288 quam
824 4212 844 4270 ii
865 4211 915 4288 qui
931 4219 1049 4289 propter
1072 4211 1180 4270 Adami
1205 4211 1434 4271 inobedientiam

225 4286 325 4363 injusti
350 4288 571 4364 constituuntur,
586 4289 626 4348 id.
641 4289 682 4348 rei
697 4299 765 4350 sunt
777 4292 878 4350 mortis
893 4299 922 4350 et
936 4291 1191 4351 condemnationis.
1234 4293 1295 4350 Nec
1310 4291 1336 4348 si
1350 4290 1432 4349 Ada·

225 4385 290 4424 mus
304 4385 357 4424 nos
372 4366 458 4425 etiam
479 4367 604 4446 injustos
625 4370 775 4430 constituit
795 4369 927 4430 effective
940 4391 992 4448 per
1006 4373 1244 4450 propagationem
1264 4371 1434 4430 vitiositatis

225 4445 400 4520 inhaerentis,
422 4455 648 4525 propterquam
670 4450 756 4508 etiam
771 4450 812 4508 rei
834 4469 933 4509 sumus
955 4453 1055 4512 mortis
1078 4471 1173 4511 coram
1197 4453 1279 4526 Deo;
1302 4451 1434 4528 sequitur

225 4525 333 4600 pariter
343 4524 489 4583 Christum
504 4546 557 4586 nos
568 4529 664 4604 justos
675 4529 848 4588 constituere
861 4550 914 4608 per
922 4532 1158 4608 justificationem
1174 4531 1315 4590 sorensem
1327 4530 1433 4609 judieii

227 4603 283 4658 Dei
296 4621 348 4676 per
357 4603 500 4678 justitiam
515 4606 701 4666 inhaerentem
715 4607 800 4666 nobis
814 4609 851 4668 ab
866 4609 929 4688 ipso
943 4611 1049 4670 datam.
1079 4613 1155 4687 Quia
1168 4631 1273 4690 scopus
1286 4609 1431 4688 Apostoli,

225 4678 275 4750 qui
289 4679 373 4736 unice
394 4682 598 4760 respiciendus,
621 4705 679 4743 non
693 4705 727 4744 eo
742 4686 843 4764 tendit,
867 4690 919 4750 sed
932 4699 1043 4751 tantum
1058 4693 1123 4752 vult
1136 4693 1246 4772 aperire
1261 4691 1431 4754 fundamen·

223 3873 315 3920 Fontes
341 3871 447 3918 SolatIo·

312 3945 380 3976 num.
