3150 5206
244 433 300 490 198
674 443 764 484 cocus
779 444 979 485 nucuscrnus.
1254 423 1381 508 [11111.
1397 445 1447 486 sn.

243 587 411 648 missionem
426 585 511 646 istam
531 603 590 644 non
605 594 758 645 contentus
778 583 833 644 fuit
847 583 945 644 verbis
961 585 1131 662 exprimere,
1154 587 1205 647 sed
1219 587 1314 646 voluit
1334 588 1450 665 insuper

244 689 308 730 eam
329 667 515 728 multifariam
536 665 713 741 confirmare,
735 674 769 724 ut
789 667 853 744 ejus
874 665 1093 724 immutabilitas
1114 667 1309 742 denotaretur,
1327 667 1393 727 Gal.
1408 667 1446 725 iii.

247 751 358 822 15,17.
393 746 513 824 Triplex
527 754 622 805 autem
637 745 691 804 fuit
705 744 816 826 aigum.
853 745 951 803 PrIma
965 765 1017 823 per
1030 745 1164 806 solennes
1179 746 1273 806 foedus
1287 747 1448 806 ineuntium

245 830 327 902 ritus,
343 827 418 888 Gen.
433 845 493 901 xv,
509 827 539 884 in
548 825 721 884 dissectione
736 825 911 899 animalium,
927 833 956 883 11
970 825 1093 886 transitu
1107 846 1159 902 per
1169 827 1298 885 medium
1311 825 1447 904 ipsorum,

246 927 332 986 quem
347 925 455 966 morem
471 907 501 963 in
515 905 672 964 foederibus
685 905 847 982 pangendis
861 905 1000 964 usitatum
1014 923 1078 964 esse
1092 905 1185 980 docet,
1201 907 1265 966 Jer.
1279 907 1386 966 xxxiv.
1403 909 1450 964 18.

249 987 382 1048 Secunda
395 1005 447 1065 per
463 985 679 1044 Sacramentum
692 983 924 1044 circumcisionis
938 985 1121 1061 promissioni
1137 985 1276 1061 additum,
1290 987 1366 1046 Gen.
1379 985 1449 1043 xvii.

246 1069 345 1127 Tertia
365 1087 417 1145 per
434 1064 647 1143 jusjurandum,
671 1065 745 1124 Gen.
760 1065 833 1122 xxii.
848 1073 878 1123 et
899 1064 1031 1122 Hebri.
1048 1068 1095 1140 17,
1118 1069 1164 1140 18,
1199 1068 1215 1098 “
1232 1065 1267 1124 Iu
1288 1085 1348 1142 quo
1371 1066 1451 1123 Deus

246 1149 348 1207 volens
362 1147 484 1206 ulterius
498 1144 649 1204 ostendere
663 1144 826 1204 heredibus
846 1143 1045 1221 promissionis
1059 1145 1322 1204 immutabilitatem
1338 1145 1451 1204 consilii

247 1229 300 1302 sui,
314 1228 478 1305 juramento
492 1225 676 1298 intervenit,’'
692 1221 746 1284 811.

289 1307 402 1365 XXII.
425 1305 603 1365 Condiciones
617 1304 704 1362 etiam
717 1305 835 1362 ioederis
850 1313 1056 1382 proponuntur.
1092 1305 1199 1380 Primo,
1205 1307 1282 1384 fides
1295 1326 1348 1382 per
1362 1325 1449 1383 quam

248 1387 398 1445 credidisse
419 1387 482 1442 Deo
496 1383 610 1458 dicitur,
627 1383 810 1444 (11111116.
855 1384 996 1458 Secundo,
1019 1387 1160 1444 conversio
1174 1397 1203 1444 et
1223 1387 1453 1464 sancb'jicotionis

248 1466 378 1540 studium,
403 1465 477 1523 Gen.
503 1463 575 1522 xvii.
603 1467 629 1537 l,
650 1465 772 1522 Acidulo
793 1485 890 1522 coram
912 1483 956 1522 me
978 1473 1005 1522 et
1023 1475 1079 1522 esto
1100 1465 1225 1542 integrm
1245 1465 1325 1542 quod
1339 1475 1451 1524 utrum·

249 1563 306 1623 que
321 1545 352 1601 in
369 1546 554 1603 Sacramenta
566 1541 799 1602 Circumcisionis
813 1543 983 1620 obsignatur
994 1551 1023 1602 et
1037 1545 1209 1623 praecipitur,
1221 1555 1344 1622 utraque
1356 1555 1451 1604 autem

251 1645 313 1684 aesc
335 1625 365 1681 in
387 1625 473 1682 Patre
488 1622 666 1682 credentium
680 1623 799 1681 mirifice
814 1624 935 1682 exeruit.
970 1627 996 1682 1.
1020 1625 1115 1699 Fides,
1130 1645 1218 1701 quum
1234 1625 1387 1702 amplexus
1408 1633 1452 1682 est

249 1705 468 1784 promissionem
485 1703 521 1762 de
538 1703 661 1781 Semina,
683 1705 757 1763 Gen.
772 1705 824 1763 xii.
840 1709 868 1778 4,
884 1707 911 1778 5,
934 1704 962 1778 6,
978 1705 1144 1781 expectavit
1157 1704 1194 1763 ab
1208 1725 1242 1763 eo
1256 1705 1333 1762 bona
1347 1703 1451 1778 omnia,

249 1805 308 1844 non
321 1794 435 1844 tantum
458 1785 636 1860 temporalia,
653 1784 704 1842 sed
717 1785 860 1862 praecipue
876 1783 1036 1861 spiritualia
1050 1792 1079 1843 et
1093 1793 1207 1859 aeterue,
1224 1805 1288 1862 quae
1302 1783 1368 1842 ideo
1389 1785 1451 1861 jus-

249 1867 363 1924 tificans
377 1865 440 1926 fuit.
483 1865 585 1924 Virtus
606 1867 669 1942 ejus
691 1873 813 1942 augetur
827 1884 864 1922 ex
879 1863 1111 1940 circumstantiis,
1133 1863 1212 1940 quod
1232 1863 1387 1922 crediderit
1407 1883 1453 1920 res

249 1955 309 2004 tam
324 1945 428 2004 arduas
442 1951 471 2003 et
484 1944 569 2022 plane
584 1943 775 2018 incredibiles,
792 1952 874 2002 terrae
894 1943 1105 2020 possessionem
1124 1963 1265 2020 possessae
1279 1964 1297 2001 a
1315 1942 1454 2020 potentis·
1547 1971 1548 1974 ¹

250 2027 323 2084 sima
337 2035 432 2101 geute,
448 2043 513 2082 eum
528 2023 589 2100 ipse
604 2025 682 2082 solus
697 2031 789 2096 csset;
811 2022 930 2100 prolem,
945 2021 1008 2100 ipso
1022 2031 1052 2081 et
1068 2025 1138 2081 Sara
1147 2025 1210 2102 jam
1224 2023 1344 2099 effoetis;
1367 2024 1453 2082 bene·

251 2104 406 2163 dictionem
421 2103 548 2162 omnium
570 2103 700 2179 gentium
715 2101 744 2158 in
761 2103 875 2160 Semine
895 2122 956 2176 suo,
979 2111 1009 2161 at
1022 2122 1168 2179 nunquam
1182 2123 1200 2160 a
1214 2123 1245 2162 se
1265 2103 1350 2161 viso:
1371 2102 1454 2178 cujus

250 2183 318 2241 fidei
327 2183 491 2241 firmitatem
504 2181 613 2240 Paulus
623 2181 759 2259 graphice
771 2181 915 2256 describit,
929 2182 1013 2240 Rom.
1025 2183 1065 2240 iv.
1079 2185 1124 2258 18,
1139 2185 1185 2257 19,
1198 2187 1245 2259 20,
1257 2186 1305 2242 21.
1341 2187 1369 2240 2.
1384 2183 1452 2242 Obe-

251 2263 357 2320 1111111
370 2262 457 2320 etiam
471 2259 592 2319 illustris
614 2261 669 2319 fuit
689 2261 718 2318 in
740 2260 869 2336 dnobus3
894 2265 920 2318 1.
936 2262 1063 2320 1111111
1085 2281 1099 2320 1
1113 2265 1195 2322 111111
1215 2263 1306 2340 patris
1320 2269 1349 2321 et
1363 2262 1455 2340 patria

252 2361 304 2400 sua
319 2339 445 2398 incertus
459 2358 516 2416 quo
530 2339 593 2412 iret,
617 2341 695 2399 Heb.
709 2339 750 2398 xi.
766 2342 793 2414 8,
816 2361 881 2417 quae
903 2361 1014 2400 summa
1034 2341 1167 2420 obsequii
1187 2343 1280 2419 gloria
1300 2351 1344 2400 est
1360 2341 1454 2400 Deum

251 2428 405 2478 vocantem
419 2427 448 2478 et
472 2418 624 2478 ducentem
639 2419 730 2495 sequi,
753 2427 839 2497 atque
861 2421 902 2479 ire
924 2439 982 2497 quo
1003 2422 1125 2498 nescias,
1147 2430 1177 2481 et
1198 2422 1249 2481 ubi
1270 2423 1395 2499 ignores,
1417 2441 1455 2478 an

252 2499 334 2574 bene,
357 2519 394 2556 nn
415 2498 489 2556 mala
510 2498 563 2556 tibi
584 2499 711 2558 intumum
733 2500 780 2558 sit.
802 2501 882 2558 111
903 2502 1039 2560 oblatione
1055 2501 1122 2580 filii,
1145 2502 1221 2560 Heb.
1243 2502 1284 2560 xi.
1309 2505 1355 2576 17,
1378 2503 1453 2560 Gen.

252 2579 325 2638 xxii.
341 2583 368 2654 2,
383 2599 448 2656 quae
462 2577 588 2638 maxima
599 2580 726 2638 omnium
740 2588 770 2639 et
780 2579 933 2640 durissima
944 2580 998 2640 fuit
1012 2581 1143 2658 tentatio,
1159 2581 1251 2640 filium
1262 2581 1452 2654 innocentem,

253 2659 399 2736 dilectum,
421 2659 539 2719 unicum
553 2679 612 2718 non
627 2667 739 2719 tantum
760 2661 899 2736 amittere,
923 2661 974 2720 sed
988 2660 1118 2720 occidere
1132 2670 1162 2720 11
1181 2661 1305 2740 propriis
1320 2661 1455 2720 manibus

253 2748 388 2814 mactare,
411 2748 451 2815 ut,
467 2739 518 2816 qui
535 2749 623 2816 pater
643 2740 736 2800 111111
756 2739 794 2798 ad
812 2739 902 2798 vitam
917 2739 1050 2816 dandam,
1076 2749 1152 2800 esset
1172 2742 1311 2801 homicida
1332 2741 1370 2799 ad
1392 2760 1455 2799 eam

253 2819 457 2880 auferendam:
480 2821 518 2879 Et
532 2819 605 2878 illud
625 2829 756 2898 prompte
775 2829 805 2879 11
826 2821 887 2880 1111
907 2839 997 2894 mora,
1019 2819 1106 2879 ducto
1126 2841 1178 2898 per
1192 2821 1307 2898 singula
1327 2821 1456 2880 membra

253 2901 337 2976 ferro,
353 2899 486 2960 sacrificii
501 2901 530 2960 in
544 2919 651 2960 morem
664 2900 812 2974 dilaniare,
828 2901 897 2959 etin
911 2900 1112 2959 holocaustum
1126 2899 1237 2977 offerre,
1252 2909 1285 2960 ut
1294 2909 1374 2960 totus
1388 2920 1454 2958 con-

253 2989 422 3054 sumeretur,
438 2981 525 3058 idque
538 2981 745 3059 premeditato,
768 2988 829 3039 toto
843 2979 939 3040 triduo
958 2979 1033 3038 inter
1046 2980 1118 3039 istas
1132 2981 1322 3056 cogitationes
1336 2989 1457 3054 exaeto;

253 3061 333 3139 quod
344 3062 528 3139 saerilegium
541 3061 736 3139 potiusquam
751 3079 863 3118 sacrum
875 3059 1036 3134 videbatur,
1052 3068 1152 3119 eontra
1161 3061 1211 3136 jus
1226 3079 1310 3118 omne
1325 3060 1455 3119 divinum

254 3151 283 3200 et
297 3143 463 3218 humanum,
480 3149 580 3200 contra
593 3149 702 3200 11111111
723 3140 814 3218 ipsius
828 3139 925 3199 lumen
940 3147 969 3198 et
982 3148 1101 3214 motum,
1117 3149 1217 3198 eontra
1237 3141 1455 3219 promissionem

254 3222 351 3280 datam
365 3221 401 3279 de
418 3221 533 3279 Semina
553 3219 705 3279 benedicto
720 3228 749 3279 et
769 3219 967 3294 benedicente,
989 3219 1119 3296 adeoque
1139 3227 1239 3278 contra
1253 3219 1415 3278 Abrahami
1429 3229 1458 3277 11

255 3301 383 3358 omniurn
397 3298 600 3357 foederatorum
615 3308 750 3357 aeternam
771 3299 857 3356 fidem
873 3307 902 3357 11
923 3299 1055 3358 salutem.
1098 3300 1138 3358 Et
1150 3307 1247 3358 tamen
1268 3299 1407 3375 obedivit,
1429 3307 1458 3357 et

254 3377 441 3456 paretus‘fuit
454 3397 492 3435 ex
513 3376 569 3434 fide
590 3377 808 3436 resurrectionis
829 3387 1007 3437 mortuorum
1028 3379 1114 3438 etiam
1129 3379 1214 3438 talem
1237 3379 1326 3437 filium
1347 3379 1458 3454 offerre,

256 3457 385 3593 11111111.
403 3459 448 3530 19,
471 3473 535 3531 quoe
550 3455 706 3531 singularis
720 3455 884 3515 obedientia
906 3457 1069 3519 1111111111
1089 3459 1175 3518 amici
1187 3460 1247 3517 Dei
1258 3459 1393 3534 obtinuit,
1417 3459 1458 3516 Is.

254 3557 274 3594 x
287 3537 305 3593 i.
322 3538 349 3609 8,
366 3536 431 3594 Jao.
447 3534 476 3591 ii.
492 3537 540 3592 23.

296 3614 426 3672 XXIII.
448 3613 530 3672 Inter
543 3613 630 3692 hujus
645 3615 747 3690 aetatis,
763 3623 792 3674 et
812 3616 1001 3693 praecedentis
1022 3619 1211 3679 oeconomiam
1231 3619 1386 3697 multiplex
1407 3617 1462 3678 fuit

254 3693 418 3754 discrimen.
461 3693 518 3751 Illa
526 3696 728 3772 promissionis,
745 3697 934 3770 Istasoederis
946 3698 1062 3757 nomine
1082 3700 1175 3777 magis
1195 3699 1310 3778 proprie
1331 3699 1458 3777 appella-

253 3782 309 3851 tur,
325 3775 393 3853 quia
406 3774 454 3832 hio
467 3775 617 3853 perspicue
631 3785 661 3835 et
675 3795 811 3855 expresse
825 3777 994 3854 proponitur
1013 3779 1140 3838 conditio
1155 3779 1295 3858 obsequii,
1311 3799 1377 3856 qua
1398 3779 1459 3836 illic
1542 3839 1543 3858 ,

253 3855 369 3914 nonnisi
389 3853 527 3933 implicite
549 3857 758 3917 continebatur.
802 3856 859 3914 Illa
883 3857 1087 3917 sacrificiorum
1107 3858 1225 3936 quidem
1246 3860 1318 3918 ritus
1340 3859 1459 3933 hebuit,

254 3936 306 3995 sed
326 3937 383 3996 ista
397 3937 630 3996 Circumcisionis
650 3946 829 3996 sacramento
850 3945 986 4014 tanquam
1007 3939 1146 4016 peculiari
1169 3939 1266 4016 sigillo
1285 3938 1340 3999 suit
1361 3938 1459 4015 obsig-

253 4025 330 4076 nata.
374 4017 430 4075 Ille
450 4017 640 4077 communiter
658 4025 687 4076 11
705 4017 854 4077 indefinite
875 4019 974 4095 generi
995 4019 1121 4076 humano
1142 4018 1375 4097 proponebatur3
1399 4018 1461 4076 Ista

253 4096 438 4174 singulariter
452 4097 489 4155 ad
507 4097 668 4156 Abramum
692 4105 722 4156 et
745 4098 808 4175 ejus
832 4107 964 4176 posteros
985 4098 1223 4176 restringebatur.
1266 4099 1303 4156 In
1324 4097 1377 4158 illa
1401 4107 1459 4156 tam

253 4175 338 4234 111111
351 4196 410 4235 non
425 4185 525 4236 extent
538 4176 751 4254 promissiones,
763 4197 816 4237 nec
832 4179 873 4237 111
887 4179 1038 4257 perspicua
1051 4178 1212 4238 vocationis
1233 4177 1363 4256 gentium
1385 4177 1462 4236 facts
1541 4197 1542 4248 3

252 4257 369 4333 mentio,
384 4277 438 4316 nec
452 4255 616 4334 propositus
630 4255 735 4333 aliquis
749 4267 886 4336 tauquam
901 4257 1104 4317 foederatorum
1119 4258 1214 4334 Pater,
1236 4258 1287 4335 qui
1307 4267 1461 4336 propterea
1541 4255 1542 4272 ¹

251 4335 344 4396 haeres
358 4336 463 4397 dicitur
476 4336 585 4410 mundi,
602 4336 686 4394 Rom.
702 4335 742 4396 iv.
759 4341 805 4412 16,
824 4341 869 4412 17,
885 4336 953 4415 quia
965 4337 1115 4413 mundum,
1130 4337 1170 4396 id.
1182 4347 1284 4416 gentes
1298 4357 1408 4414 omnes,
1423 4337 1461 4396 ad

252 4435 325 4492 quas
338 4425 512 4494 perventura
526 4424 587 4474 erat
601 4415 772 4490 benedictio,
787 4425 924 4494 tanquam
938 4416 1014 4475 filios
1029 4437 1096 4476 suos
1110 4417 1219 4478 babuit.

254 4519 339 4566 nens,
373 4519 444 4566 AEtss
480 4537 496 4566 a
565 4495 689 4553 XXIV.
724 4497 821 4554 Tertia
844 4505 913 4554 neas
937 4496 1076 4556 Ecclesia
1099 4506 1128 4556 et
1152 4498 1320 4558 oeoouomiae
1343 4495 1461 4556 Veteris
1540 4521 1541 4534 *

281 4580 350 4624 Mose
367 4581 397 4624 ed
414 4579 497 4625 Chris·
517 4575 695 4635 Testamenti
709 4593 727 4634 1
741 4576 825 4634 Mose
840 4575 877 4634 ed
892 4575 1039 4636 Christum
1054 4597 1105 4636 seu
1119 4597 1137 4636 1
1157 4577 1390 4656 promulgatione
1405 4575 1459 4634 Le-

283 4641 344 4682 tum.
515 4655 561 4732 gis
575 4655 605 4712 in
619 4655 733 4714 deserto
747 4675 838 4734 usque
854 4655 891 4716 ad
914 4657 1031 4716 Moesia
1053 4657 1261 4717 exhibitionem
1284 4656 1459 4716 extenditur.

254 4731 468 4810 Quotemporis
491 4733 654 4812 intervallo,
680 4736 738 4796 alia
761 4737 848 4814 longe
872 4757 967 4797 rerum
991 4736 1081 4797 facies
1102 4736 1166 4797 fuit.
1208 4738 1290 4796 Tunc
1315 4737 1392 4796 iacta
1416 4745 1461 4796 est
1539 4759 1540 4762 ¹
