3108 5198
475 429 644 476 EPISTOLA
672 427 924 476 osmcu'ronln.

100 609 214 672 mtibus
238 607 401 689 quaeritur.
457 607 539 671 Hinc
564 607 799 688 promissionum
823 607 1065 670 lautissimerum
1088 608 1240 672 illecebrae
1260 612 1300 674 ad

100 707 277 772 inescandos
303 707 423 770 animos
449 706 562 786 possim
589 705 745 770 adhibitae.
806 704 888 769 Hinc
915 706 1135 784 praemeditatae
1160 715 1240 783 astu,
1266 716 1300 772 et

100 805 256 868 fraudibus
266 803 424 879 involutas,
441 810 521 866 natac
536 804 681 868 methodi.
733 802 816 868 Hinc
841 809 1012 884 σεσοφισμινω
1033 811 1119 886 λόγοι,
1133 812 1165 868 et
1178 805 1299 884 specio-

100 921 148 977 sae,
172 902 227 965 sed
253 921 365 981 perum
392 901 516 965 sineere
552 901 712 966 Doctrinae
739 900 1037 980 pseudo-Catholicae
1066 902 1297 982 Expositiones‚

100 1000 206 1078 quibus
233 1000 267 1062 id
292 1020 389 1062 unum
415 999 525 1079 agitur,
551 1007 588 1061 ut
611 999 698 1064 noris
722 999 874 1064 coloribus
898 1006 930 1062 et
953 999 1118 1080 pigmentis
1141 1000 1297 1081 ingeniose

98 1096 258 1162 incrustati
273 1097 435 1160 foedissimi
451 1117 571 1162 errores
584 1095 739 1162 Veritatis
758 1104 857 1180 σχῆμα
872 1097 1012 1172 induant,
1027 1103 1122 1177 atque
1138 1098 1184 1162 ita
1197 1098 1297 1178 impe-

98 1195 162 1258 ritas
176 1194 374 1258 multitudini
389 1194 534 1260 insidiose
551 1197 645 1258 verba
659 1196 781 1259 dentur.
831 1194 1092 1271 Quemadmodum
1108 1217 1182 1259 vero
1197 1197 1296 1276 pluri-

98 1313 172 1354 mum
184 1294 399 1356 refertiorem
414 1293 491 1356 clam
507 1300 540 1355 et
556 1293 683 1357 subdole
698 1300 898 1373 grassantem,
917 1298 949 1356 et
963 1293 1064 1356 noctis
1081 1294 1211 1374 caligine
1227 1314 1295 1358 sese

97 1390 308 1467 involventem,
322 1391 559 1471 deprehendere,
568 1397 602 1454 et
612 1395 652 1454 ἐπ’
664 1398 812 1472 αιιοφώρῳ
822 1391 1046 1470 deprehensum
1057 1391 1191 1455 omnium
1200 1392 1293 1456 oculis

97 1487 212 1569 sistere,
225 1509 267 1552 ne
277 1488 412 1552 ulterius
423 1495 533 1552 noceat
549 1510 556 1562 ;
585 1489 638 1552 Ιιιι
649 1489 724 1552 nihil
737 1489 776 1552 ad
788 1489 860 1552 fidei
873 1489 1134 1553 confirmationem
1149 1490 1292 1554 conduci-

98 1585 182 1648 bilius
193 1592 251 1662 est,
269 1586 402 1666 quamsi
418 1587 523 1650 sedulo
537 1607 631 1667 opera
646 1587 748 1666 detur,
765 1593 801 1649 ut
814 1587 940 1661 falsarii,
955 1594 988 1650 et
995 1586 1148 1651 Veritatis
1165 1608 1292 1669 corrup-

99 1689 185 1759 tores,
201 1683 373 1766 clarescis,
388 1684 420 1746 in
438 1705 513 1765 quas
528 1705 562 1748 se
575 1686 762 1750 abscondere
778 1685 888 1766 solent,
902 1685 935 1747 in
950 1685 1048 1748 lucem
1063 1687 1292 1766 protrahentur,

97 1787 125 1843 et
140 1783 344 1857 mendacium,
355 1783 438 1862 quod
450 1789 486 1844 sd
506 1791 613 1860 κρυπτὰ
629 1791 677 1854 τῆς
693 1786 833 1865 αἰσχύνης,
851 1785 908 1844 sub
924 1783 1035 1860 quibus
1049 1783 1156 1857 lateat,
1173 1783 1292 1860 quaerit,

97 1877 229 1943 detracta
244 1881 338 1944 larus
355 1887 388 1943 et
401 1881 470 1944 fuco
484 1881 668 1944 renudatum
690 1881 830 1942 omnibus
846 1885 1044 1959 proponetur.
1095 1879 1135 1942 In
1150 1898 1293 1959 quocum

97 1975 235 2040 hactenus
261 1977 400 2042 feliciter
423 1977 593 2042 laborarint
618 1977 871 2042 Praestentissimi
896 1976 987 2038 multi
1011 1974 1070 2040 Dei
1084 1976 1166 2052 Viri,
1191 1976 1292 2056 quiin

96 2074 254 2139 enodandis
282 2075 511 2140 Controversiis
537 2075 727 2158 Theologicis
753 2073 849 2138 solide
870 2074 984 2138 nemeti
1009 2081 1091 2151 sunt,
1117 2083 1150 2138 et
1177 2073 1293 2138 Ortho-

96 2171 198 2235 doxam
215 2173 398 2237 Veritatem
414 2173 599 2238 doctissimis
615 2172 747 2253 Scriptis
761 2178 871 2236 contre
884 2173 983 2236 omnis
998 2174 1119 2254 generis
1135 2173 1294 2237 Adversa-

96 2267 153 2332 rios
171 2271 344 2334 fortissime
369 2278 623 2352 propugnarunt:
676 2270 899 2350 AEquissimum
921 2271 1015 2333 etiam
1036 2277 1095 2352 est,
1126 2272 1290 2336 Sacrorum

96 2365 208 2446 Mystes
233 2369 267 2432 in
283 2369 346 2431 hec
356 2368 503 2448 palestre
517 2389 583 2434 sese
600 2389 720 2449 semper
735 2389 887 2443 exercere,
904 2369 943 2430 ad
962 2369 1088 2432 Erubris
1104 2369 1293 2433 destructio-

95 2484 168 2540 nem,
192 2473 226 2529 et
243 2465 404 2530 Veritatis
413 2465 623 2547 triumphum
651 2467 696 2530 Et
720 2487 772 2530 ecs
796 2465 843 2530 rel
868 2466 1018 2546 inprimis,
1045 2467 1107 2547 qni,
1133 2467 1293 2547 praepositi

96 2581 183 2626 sacrae
196 2562 264 2627 Deo
279 2563 305 2625 J
306 2564 460 2640 urentuti,
486 2565 562 2628 nibil
585 2564 753 2629 studiosius
771 2583 907 2644 quaerere
923 2565 1047 2645 debent,
1073 2585 1164 2644 quam
1178 2570 1215 2626 ut
1231 2585 1295 2628 coe-

95 2657 159 2722 lesti
175 2671 320 2742 τανισλίᾳ
328 2670 450 2725 mature
466 2662 627 2737 instructa,
645 2663 685 2726 ad
700 2662 814 2726 bellum
828 2663 887 2726 hoo
903 2681 1024 2725 sacrum
1038 2663 1170 2726 feliciter
1183 2683 1294 2744 geren-

95 2756 160 2819 dum
173 2767 383 2840 praeparetur.

139 2854 213 2920 llaec
239 2879 292 2920 me
319 2857 417 2919 morit
441 2858 532 2940 ratio,
557 2863 603 2934 ιιι,
620 2855 694 2921 licet
709 2863 798 2922 tanto
815 2859 901 2938 operi
918 2857 1065 2937 imparem
1083 2879 1131 2922 me
1147 2857 1225 2920 satis
1239 2878 1291 2939 ag-

95 2972 218 3030 noscam,
234 2955 357 3034 aliquid
374 2962 478 3018 tamen
489 2955 572 3042 ineo
582 2976 694 3037 genere
708 2961 873 3035 tentarem,
890 2955 1034 3018 studioses
1049 2962 1082 3018 et
1099 2955 1194 3018 sacris
1208 2955 1293 3017 initi-

95 3050 325 3116 ataeJurentuti
338 3052 370 3114 in
384 3051 513 3116 Munere
525 3073 612 3117 sacro
621 3053 696 3116 mibi
708 3053 869 3116 commisso
880 3052 1119 3132 gratificaturus.
1147 3050 1293 3125 Quemvis

95 3167 160 3211 rere
170 3151 226 3214 boc
241 3149 396 3231 quicquid
407 3158 456 3214 est
467 3151 592 3226 laboris,
605 3150 783 3214 Academiae
795 3155 908 3212 nostrae
926 3148 1056 3212 alumnis
1066 3147 1211 3228 privatim
1224 3154 1293 3210 tan-

96 3251 156 3308 tum
169 3248 386 3323 destinassem,
404 3267 460 3312 nec
476 3249 515 3312 de
531 3269 567 3312 oo
582 3249 752 3329 evulgando
769 3247 917 3329 cogitatio
932 3247 995 3310 nlla
1010 3253 1143 3311 mentem
1160 3245 1292 3320 subiret3

97 3341 161 3406 Non
177 3345 309 3427 ignarus
326 3365 417 3424 quam
433 3346 611 3425 periculose
624 3347 667 3409 sit
678 3348 802 3426 plenum
814 3365 891 3426 opus
904 3346 989 3427 alere,
1003 3346 1126 3425 publico
1138 3345 1293 3407 bominum

92 3439 200 3516 jndicio
212 3443 311 3506 rudes
324 3450 357 3506 et
368 3443 536 3524 indigestas
553 3444 780 3508 lucubrationes
793 3464 960 3524 exponere;
988 3445 1047 3507 hoe
1060 3443 1232 3524 praesertim
1245 3461 1292 3506 se·
1393 3463 1395 3467 ’

95 3539 166 3621 culo,
180 3547 216 3603 ut
228 3540 453 3616 oculatissimo,
468 3541 513 3604 ita
523 3542 849 3621 perquamfastidioso‚
867 3541 918 3604 cui
932 3541 983 3604 vix
996 3541 1158 3622 quicquum
1175 3540 1294 3603 arridet

96 3638 170 3714 quod
185 3637 339 3703 scutatis
355 3638 457 3718 gratis
474 3659 506 3702 se
521 3660 583 3702 non
601 3639 805 3704 commendet:
829 3639 941 3702 Victus
951 3645 1055 3702 tamen
1068 3639 1190 3702 iteratis
1202 3639 1292 3701 Ami-

95 3753 192 3800 corum
208 3735 450 3811 hortationibus,
466 3737 602 3817 ipsorum
615 3737 775 3800 desideriis
787 3755 900 3800 morem
915 3755 1032 3818 gerere,
1048 3737 1142 3800 etiam
1153 3757 1222 3800 cum
1235 3737 1294 3798 cli-

95 3851 151 3909 quo
165 3835 256 3898 famae
273 3833 445 3914 dispendio,
463 3855 525 3899 nou
542 3833 690 3898 recusavi.
708 3835 784 3898 Cum
800 3854 873 3897 vero
889 3833 990 3915 prime
1000 3834 1112 3914 Operis
1124 3833 1210 3908 Pers,
1225 3853 1292 3912 que

95 3936 160 3993 ante
176 3931 339 3996 biennium
357 3931 484 4012 prodiit,
500 3931 653 3996 faventius
670 3931 760 4012 longe
778 3952 870 4011 supra
886 3932 1131 4010 expectationem
1152 3938 1294 3993 meamet

95 4028 231 4093 meritum
248 4049 340 4094 suum
364 4037 456 4092 nacta
471 4029 513 4093 sit
539 4029 705 4094 Lectorum
725 4029 895 4109 judicium
931 4035 965 4091 et
980 4049 1000 4091 e
1017 4029 1159 4109 pluribus
1184 4035 1293 4107 coeptes

95 4125 266 4204 scriptionis
292 4126 486 4191 continuatio
512 4127 623 4191 exinde
638 4148 659 4190 a
674 4146 723 4191 me
740 4127 850 4207 saepius
868 4127 909 4190 sit
932 4127 1110 4208 efflagitata,
1137 4133 1170 4189 et
1195 4127 1292 4203 aride,

95 4233 126 4282 ut
143 4221 185 4285 illi
203 4224 301 4288 nimio
315 4225 422 4304 procul
439 4225 535 4288 dubio
545 4226 578 4288 in
591 4246 640 4289 me
658 4227 770 4288 affectu
787 4224 965 4304 loquuntur,
978 4231 1162 4306 expectetur
1171 4246 1179 4299 3
1195 4225 1292 4288 baud-

96 4337 238 4400 quaquam
253 4321 509 4386 committendum
527 4323 613 4403 duxi,
638 4310 675 4386 ιιι
689 4323 822 4402 aliquam
839 4323 879 4385 de
894 4344 943 4386 me
958 4322 1160 4403 conquerendi
1188 4342 1292 4384 ansam

96 4412 257 4494 heberent3
283 4420 339 4484 sed
367 4419 399 4483 id
425 4422 546 4484 domum
572 4421 688 4502 studui,
714 4428 750 4482 ut
773 4421 799 4484 si
823 4441 885 4484 non
905 4441 1025 4501 possem
1049 4420 1132 4483 rotis
1154 4420 1292 4498 ipsorum

97 4511 178 4676 {Lege
194 4518 384 4595 satisfacere,
406 4527 562 4599 utcunque
577 4519 686 4584 saltem
703 4519 839 4584 honestae
856 4519 991 4599 ipsorum
1006 4516 1150 4599 petitioni
1167 4533 1293 4592 respon-

173 4635 314 4679 conarer.
