3146 5210
122 369 236 432 o'usasr.
252 358 342 440 xum]
502 377 541 416 nu
556 377 671 419 osurcro
686 377 803 419 errarem
819 379 1013 420 nummorum
1278 365 1336 422 433

125 523 191 600 ejus
207 520 296 596 Patri,
314 523 329 578 1
347 517 411 579 Cor.
435 539 485 577 xv.
501 523 548 595 24,
564 519 695 578 bifariam
711 528 807 597 potest
831 521 925 598 sumi;
949 522 1006 581 Vel
1030 520 1217 580 materialiter
1232 529 1261 580 et
1274 523 1336 581 aad·

115 603 230 678 jectiue,
245 621 297 678 pro
312 601 374 678 ipsa
388 600 524 675 Ecclesia,
546 600 657 676 Corpus
682 600 789 659 Christi
811 601 967 678 mysticum
992 603 1193 677 constituente,
1218 621 1269 660 seu
1283 623 1335 679 pro

123 684 189 760 ejus
204 681 336 756 subditis,
353 679 496 757 quomodo
510 679 580 738 alibi
595 680 730 758 Regnum
752 680 858 740 Christi
872 702 924 758 pro
939 683 1002 760 ejus
1016 683 1123 760 populo
1137 702 1196 740 non
1208 701 1273 740 raro
1288 703 1335 740 su-

124 763 230 837 mitur;
241 771 273 820 ut
284 780 386 820 sensns
394 760 440 835 sit,
450 759 604 835 Christum,
616 769 813 818 consummato
823 781 908 838 opere
918 763 1029 837 salutis,
1040 762 1201 820 Ecclesiam
1210 761 1336 838 perfecte

125 849 355 901 consummatam
369 848 399 898 et
412 839 588 916 redemptam
603 839 640 898 ab
655 839 788 900 omnibus
802 841 936 900 hostibus
950 843 1010 901 suis
1024 841 1214 900 adducturum
1227 840 1265 900 ad
1280 842 1335 900 Pa·

122 931 206 996 trem,
219 921 303 998 plene
318 919 458 978 beandam
469 920 556 996 juxte
571 919 725 980 Oraculum
741 921 834 996 Isaiae,
850 921 928 998 quod
943 921 1057 980 Christo
1071 921 1244 996 vindicatur,
1257 921 1334 980 Heb.

123 1003 153 1060 ii.
181 1006 228 1076 13,
246 1003 321 1059 Ecce
334 1019 393 1076 epo,
409 1009 436 1058 et
445 1000 532 1076 pueri
544 1021 612 1076 quos
627 1001 703 1058 dedit
716 1001 785 1058 milri
797 1004 898 1074 Πρω,
920 1001 972 1060 sed
993 1002 1034 1061 ita
1047 1011 1143 1060 temen
1168 1010 1201 1060 ut
1223 1021 1336 1079 semper

122 1101 277 1140 mansurus
292 1081 330 1139 sit
350 1081 415 1158 ejus
437 1079 546 1156 Caput;
570 1080 626 1137 Vel
633 1078 810 1154 formaliter,
832 1101 890 1140 non
910 1081 1006 1158 quoad
1027 1082 1218 1140 substantiam
1243 1081 1336 1158 ipsam

122 1162 229 1238 Regni,
246 1159 299 1220 sed
311 1169 424 1219 tantum
438 1159 534 1236 quoad
548 1159 804 1218 administrationis
819 1161 945 1236 modum,
961 1162 1011 1238 qui
1034 1171 1166 1220 versatur
1188 1161 1218 1218 in
1233 1161 1334 1219 Eccle-

121 1243 165 1300 sia
179 1239 353 1318 colligende,
369 1239 504 1318 regenda,
519 1249 548 1298 et
561 1238 743 1298 defendenda
762 1240 799 1299 ab
813 1241 964 1317 hostibus;
980 1241 1038 1318 qui,
1055 1241 1177 1301 devictis
1202 1242 1336 1300 omnibus

121 1322 264 1396 hostibus,
280 1321 391 1378 nullum
406 1319 529 1396 amplius
542 1320 638 1378 locum
653 1320 692 1379 sit
704 1320 863 1379 habiturus.
907 1321 954 1379 Ita
977 1341 1100 1398 regnum
1114 1322 1272 1380 traditurus
1281 1331 1334 1398 est,

121 1422 180 1460 non
195 1422 247 1479 per
261 1402 324 1477 ejus
338 1399 546 1477 depositionem
562 1407 591 1458 et
604 1399 824 1474 abdicationem,
841 1400 892 1459 sed
906 1421 957 1478 per
971 1402 1034 1477 ejus
1048 1403 1237 1460 consummati
1252 1402 1332 1460 exhi-

122 1482 272 1556 bitionem,
290 1481 361 1554 Deo,
377 1480 426 1556 qui
441 1478 514 1538 illud
529 1480 643 1538 Christo
657 1479 823 1555 tradiderat,
845 1481 985 1539 rationem
1007 1480 1264 1540 administrationis
1279 1481 1334 1539 sibi

123 1563 285 1621 commissa
300 1560 473 1634 redditurus,
490 1558 570 1617 etad
584 1559 706 1636 gloriam
721 1561 785 1638 ejus
799 1560 938 1637 quicquid
952 1569 1067 1636 gestum
1081 1561 1167 1620 fuerit
1181 1561 1333 1619 relaturus.

124 1641 209 1718 Quod
223 1660 293 1699 vero
307 1640 338 1697 in
351 1639 434 1697 initio
449 1658 550 1698 versus
564 1639 717 1716 apponitur
728 1640 831 1718 define
849 1659 907 1698 non
929 1641 1053 1718 pertinet
1067 1641 1105 1700 ad
1128 1639 1215 1698 finem
1240 1641 1333 1717 regni,

123 1722 175 1780 sed
189 1721 327 1780 adfinem
342 1719 439 1795 seculi,
452 1718 538 1778 finem
553 1720 681 1778 omnium
696 1719 803 1778 Christi
817 1721 952 1795 hostium,
962 1721 1012 1797 qui
1022 1728 1091 1779 tnnc
1101 1721 1142 1778 ita
1152 1720 1333 1797 dejicientur,

123 1811 229 1860 utnon
244 1800 345 1858 sintin
359 1808 497 1857 actemum
512 1798 690 1875 restituendi,
705 1800 793 1857 finem
807 1799 962 1876 cujuslibet
975 1801 1135 1877 potestatis,
1158 1809 1187 1858 et
1211 1800 1332 1877 imperii,

125 1900 190 1957 ques
205 1879 346 1939 abolenda
359 1899 422 1938 esse
438 1878 546 1937 Paulus
567 1878 677 1953 asserit,
703 1882 787 1936 finem
808 1878 932 1956 denique
957 1879 1180 1939 ministeriorum
1195 1880 1331 1956 omniurn,

124 1981 190 2038 quae
204 1960 242 2018 ad
255 1961 346 2018 bonos
360 1959 505 2032 tutandos,
521 1967 550 2017 et
564 1957 727 2016 frenandos
741 1958 845 2036 impios
858 1960 938 2018 Deus
959 1959 1092 2036 instituit,
1109 1980 1173 2036 qua
1188 1968 1256 2018 tunc
1271 1980 1332 2019 ces·

126 2049 225 2100 satura
239 2047 314 2114 sunt,
329 2039 397 2116 quia
418 2039 499 2098 Deus
513 2037 626 2096 futurus
640 2046 685 2096 est
698 2039 795 2097 omnia
808 2039 838 2096 in
850 2039 992 2099 omnibns.

166 2121 225 2180 XI.
247 2121 392 2194 Sum'ectio,
409 2139 473 2196 qua
489 2117 602 2176 Christo
617 2118 753 2176 tribuitur
769 2123 784 2176 l
802 2118 866 2178 Cer.
882 2140 932 2178 xv.
948 2121 996 2194 28,
1012 2138 1069 2177 ηοη
1081 2119 1230 2178 referenda
1241 2127 1285 2177 est
1296 2118 1334 2176 ad

126 2203 281 2260 Personam
293 2199 370 2274 Filii,
383 2199 465 2276 quasi
476 2219 512 2256 ex
525 2197 666 2275 Regefiat
677 2198 819 2274 subditus,
829 2199 960 2276 quiahoc
972 2218 1059 2258 sensu
1065 2199 1145 2257 Patri
1157 2219 1269 2276 semper
1279 2198 1334 2257 fuit

124 2290 154 2341 et
167 2281 282 2342 futurus
296 2287 340 2338 est
354 2278 490 2356 aqualis;
521 2277 641 2337 sedvel
656 2277 693 2336 ad
710 2278 821 2355 Corpus
842 2280 983 2354 mysticum
998 2279 1071 2357 ejus,
1088 2298 1139 2337 seu
1162 2279 1332 2353 Ecclesiam,

123 2381 189 2438 quse
203 2379 262 2418 non
276 2379 340 2417 raro
355 2359 462 2418 Christi
473 2358 589 2416 nomine
604 2358 781 2434 designatur,
800 2362 814 2416 1
832 2359 897 2418 Cor.
912 2359 964 2417 xii.
982 2363 1028 2432 12,
1044 2378 1109 2435 quae
1123 2368 1193 2418 tune
1207 2359 1333 2436 perfecte

125 2441 296 2518 subjicietur
311 2441 383 2514 Deo,
395 2459 454 2496 non
468 2438 646 2515 subjectione
662 2437 864 2514 depressionis,
886 2438 939 2498 sed
961 2439 1061 2516 gloriae
1086 2447 1115 2497 et
1138 2439 1332 2516 perfectionis,

125 2530 158 2580 nt
171 2519 412 2598 quemadmodum
427 2518 523 2577 omnia
538 2518 669 2594 subjecta
682 2517 797 2578 fuerunt
814 2519 927 2578 Sanctis
936 2539 954 2576 a
965 2519 1029 2578 Deo
1038 2518 1068 2576 in
1080 2519 1190 2596 Capitis
1200 2539 1331 2596 persona,

125 2601 203 2660 Psal.
218 2600 289 2676 viii,
306 2599 382 2657 Heb.
398 2599 446 2674 ii.;
473 2597 519 2657 Ita
534 2598 627 2674 Caput
646 2597 676 2655 in
695 2618 818 2675 persona
832 2599 1026 2658 membrorum
1052 2599 1223 2675 subjiciatur
1249 2599 1330 2674 Deo;

124 2681 182 2740 Vel
196 2680 232 2740 ad
247 2680 447 2738 humanitatem
461 2677 576 2752 Christi,
592 2699 657 2754 quae
671 2687 704 2736 ut
718 2689 814 2738 creata
828 2688 880 2755 est,
898 2680 961 2738 Deo
974 2679 1006 2736 in
1020 2688 1158 2737 retemnm
1168 2677 1272 2753 subjici
1282 2677 1332 2737 de·

122 2762 189 2836 bet;
211 2760 269 2820 Vel
283 2759 321 2818 ad
335 2759 453 2831 officium
466 2759 538 2834 ejus,
554 2767 583 2816 et
597 2759 808 2833 Medialionem,
824 2759 982 2817 secundum
1002 2777 1088 2834 quam
1110 2758 1140 2814 in
1169 2757 1249 2815 coelis
1274 2777 1332 2815 non

123 2842 218 2901 minus
232 2860 266 2900 ac
281 2841 311 2898 in
325 2847 402 2898 terra
415 2839 520 2916 subjici
532 2838 620 2897 debet
635 2838 722 2913 Patri,
738 2849 771 2898 ut
783 2839 878 2898 minor
891 2859 926 2898 eo
940 2858 999 2896 non
1012 2857 1064 2915 per
1088 2836 1220 2895 Muneris
1243 2835 1331 2914 depo-

124 2922 265 2996 sitionem,
282 2920 334 2978 sed
347 2939 399 2997 per
412 2921 474 2997 ejus
489 2917 761 2977 subordinationem.

164 3001 242 3058 XII.
264 3003 344 3059 Deua
357 2999 471 3058 futurus
485 2998 590 3057 dicitur
603 2999 698 3057 omitia
719 2999 747 3057 in
768 2999 901 3074 machus,
919 3002 934 3057 1
955 2998 1019 3058 Cor.
1043 3017 1093 3056 xv.
1117 2999 1165 3072 28,
1181 2997 1338 3058 exclusivo

126 3080 163 3139 ad
176 3081 270 3140 media
284 3089 413 3153 externa,
428 3079 567 3153 Verbum,
586 3079 778 3154 Sacramenta,
794 3087 824 3137 et
838 3078 951 3151 similia,
967 3097 1018 3155 per
1032 3097 1097 3154 quae
1112 3077 1193 3136 Deus
1207 3095 1238 3134 se
1247 3077 1332 3136 nobis

123 3161 172 3219 hie
186 3161 385 3236 communicat,
402 3158 470 3236 quia
483 3166 553 3217 tunc
567 3158 745 3218 sinetalibns
758 3158 870 3233 mediis,
888 3158 968 3216 Deus
993 3177 1023 3216 se
1049 3157 1148 3216 Beatis
1173 3157 1331 3215 communi·

124 3241 210 3315 nabit,
235 3250 268 3300 ut
289 3261 347 3299 non
369 3239 492 3316 amplius
513 3238 544 3296 in
563 3239 680 3316 speculo
701 3248 731 3296 et
745 3237 897 3315 aenigmate
913 3257 963 3296 seu
984 3238 1105 3296 obscure
1130 3256 1229 3295 snmus
1243 3235 1331 3296 intui-

123 3321 188 3396 turi,
204 3321 255 3380 sed
269 3320 341 3380 facie
352 3319 502 3379 adfaciem
517 3318 674 3378 clarissime
689 3338 788 3378 sumus
802 3339 868 3377 eum
882 3318 1120 3394 contemplaturi5
1143 3315 1195 3376 sed
1209 3337 1266 3374 non
1280 3337 1333 3376 ex-

124 3401 233 3460 clusive
247 3401 285 3459 ad
300 3401 446 3460 Christum
461 3399 554 3475 Caput
579 3407 608 3457 et
634 3399 778 3475 Sponsum
804 3398 952 3472 Ecclesia,
968 3399 1018 3474 qui
1043 3417 1156 3474 semper
1180 3397 1331 3456 vinculum

122 3490 227 3540 nostrae
242 3501 308 3540 cum
324 3480 387 3539 Deo
402 3479 612 3538 communionis
633 3478 745 3538 futurus
769 3487 822 3538 est.
866 3479 956 3536 Porro
982 3479 1062 3537 Deus
1086 3477 1193 3536 dicitur
1217 3476 1331 3536 futurus

123 3563 218 3621 omnia
232 3563 260 3620 in
275 3562 409 3634 omnibus,
424 3579 482 3617 non
496 3558 628 3617 absolute
644 3568 673 3617 et
683 3559 858 3637 simpliciter,
875 3559 957 3634 quasi
972 3557 1027 3635 ipsi
1039 3557 1125 3617 etiam
1141 3557 1259 3615 Diaboli
1273 3558 1330 3616 sal·

123 3642 212 3700 randi
227 3643 302 3717 sint;
331 3640 388 3700 Sed
403 3659 454 3716 pro
469 3638 601 3714 subjecta
615 3639 742 3713 materia,
758 3639 869 3697 ratione
881 3637 1010 3696 fidelium
1024 3647 1053 3696 et
1067 3638 1232 3712 Beatorum,
1256 3657 1330 3713 quos

122 3721 288 3798 plenissime
309 3719 495 3780 beatitudinis
520 3739 580 3776 suae
608 3717 735 3777 facturus
749 3727 793 3776 est
807 3719 970 3795 participes,
985 3718 1116 3795 opposite
1141 3718 1177 3775 ad
1202 3717 1328 3790 modum,

123 3821 180 3877 quo
192 3821 223 3860 se
237 3801 320 3859 nobis
334 3799 535 3871 communicat,
551 3799 681 3857 restricte
702 3805 731 3856 et
748 3797 870 3858 limitata
884 3818 937 3875 pro
952 3799 1115 3856 conditione
1137 3797 1212 3855 vise:
1234 3797 1330 3872 quoad

125 3887 229 3954 partes,
246 3880 367 3938 sednon
381 3879 478 3956 quoad
492 3878 608 3955 padus,
623 3878 719 3954 quoad
734 3878 855 3955 gratiam
879 3878 930 3938 sed
941 3899 999 3936 non
1010 3877 1106 3954 quoad
1115 3875 1246 3952 gloriam.
1271 3874 1330 3933 Sed

125 3966 193 4014 tune
209 3957 288 4016 Deus
302 3959 414 4018 futums
428 3967 473 4016 est
484 3957 580 4016 omnia
590 3958 619 4018 in
630 3958 874 4031 omnibusbeatis,
896 3957 999 4031 Quoad
1018 3956 1220 4032 plenitudinem
1245 3955 1328 4011 bono·

124 4057 197 4110 runa,
212 4055 276 4114 qua
290 4037 328 4095 ad
341 4036 535 4096 omnimodam
549 4037 715 4097 felicitatem
729 4038 920 4115 requiruntur,
937 4057 1000 4096 cum
1018 4037 1098 4093 Deus
1113 4035 1174 4110 ipse
1190 4053 1220 4090 se
1235 4041 1329 4092 totum

126 4115 197 4193 ipsis
220 4115 338 4176 daturus
363 4117 408 4192 sit,
432 4116 533 4191 Quoad
546 4118 744 4193 plenitudinem
766 4121 918 4193 praduum,
937 4124 975 4173 ut
995 4115 1072 4173 bona
1094 4113 1144 4169 illa
1168 4111 1238 4170 talia
1261 4111 1327 4188 sint,

57 4235 63 4248 ·
125 4195 231 4273 quibus
245 4196 317 4254 nihil
330 4196 399 4254 addi
412 4196 504 4273 possit
517 4197 612 4273 quoad
623 4197 823 4272 intensionem,
846 4216 904 4254 non
928 4193 1021 4270 magis
1035 4211 1120 4269 qnam
1132 4190 1171 4250 ad
1184 4191 1329 4250 extensio-

123 4295 199 4350 nem,
215 4275 317 4349 Quoad
326 4277 527 4352 plenitudinem
537 4279 727 4354 anbjcctorum,
741 4286 775 4336 ut
796 4277 930 4334 omnibus
954 4274 1053 4331 Beatis
1076 4271 1172 4328 omnia
1184 4272 1241 4330 ista
1254 4271 1331 4328 bona

124 4365 154 4415 ct
168 4356 291 4432 singulis
311 4356 408 4414 omnia
422 4355 568 4414 indivisim
590 4357 844 4434 communicentur,
859 4363 888 4414 et
902 4354 932 4412 in
946 4353 1042 4412 anima
1055 4360 1084 4410 et
1106 4351 1137 4408 in
1151 4370 1277 4428 corpore,
1293 4350 1331 4414 ad

124 4435 281 4515 perfectam
295 4455 394 4495 eorum
408 4436 692 4496 consummationem.

165 4515 261 4576 XIII.
285 4516 407 4576 Peracto
418 4525 447 4574 et
461 4525 658 4575 consummato
674 4535 758 4594 opere
774 4514 883 4590 salutis,
905 4533 963 4572 non
984 4531 1057 4590 opus
1070 4519 1115 4570 est
1128 4509 1251 4587 amplius
1266 4509 1330 4568 Me-

126 4595 453 4736 diaptjppeuoeconomica,
469 4615 533 4672 qna
548 4595 663 4673 respicit
677 4596 906 4673 impetrationem
925 4602 955 4654 et
976 4591 1195 4730 applicatippcm
1211 4589 1330 4670 salutisj
