3146 5210
139 431 253 483 eumer.
268 409 338 489 xm]
491 424 529 465 us
544 423 659 465 errrore
673 423 790 465 cnursrr
805 423 999 466 usuraroaro.
1288 407 1345 466 389

141 582 186 633 est
195 581 224 633 et
231 568 410 650 gravissima,
422 567 497 644 legis
507 565 597 643 ipsius
606 565 728 646 miger,
740 565 805 625 Gal.
818 565 858 624 iii.
869 569 913 625 13.
927 566 1058 643 Denique
1070 565 1095 624 si
1107 565 1187 624 Deus
1205 565 1347 642 potuisset

140 663 290 730 acceptare
312 666 510 727 quamcunque
534 646 767 721 satisfactionem,
782 645 855 703 nihil
874 666 946 724 opus
961 646 1071 721 fuisset,
1087 653 1119 703 ut
1134 645 1189 703 Dei
1208 645 1301 704 Filius
1315 665 1346 703 se

139 751 308 810 sponsorem
320 731 441 801 sisteret,
452 735 481 784 et
490 726 578 784 tantis
588 726 763 784 cruciatibus
772 735 802 784 st
812 726 897 785 morti
911 725 1062 784 dirissimae
1077 724 1280 802 subjiceretur:
1295 745 1346 802 po·

139 813 244 872 tuisset
258 811 334 870 euim
350 809 412 866 Deo
425 825 477 883 per
487 806 619 882 quemvis
630 804 718 863 alium
732 805 878 864 hominem
889 805 1031 864 satisfieri.

443 884 550 942 XVII.
573 885 666 943 Aliud
680 893 724 943 est
732 886 800 960 pati
807 905 865 960 pro
875 886 1004 944 Ecclesia
1010 883 1177 943 redimenda
1187 904 1239 962 per
1263 885 1346 944 satis·

170 957 263 1060 F⁰¹gif⁰⁸
279 955 350 1000 ⁸⁰¹¹¹⁸
402 962 535 1024 factionis
548 965 691 1041 pretium;
714 965 806 1024 Aliud
819 984 871 1042 pro
886 985 920 1023 ea
934 964 1110 1040 aedifieanda,
1126 964 1309 1040 consolanda,
1320 974 1349 1024 et

232 1027 314 1059 onum.
402 1043 605 1118 confirmanda,
620 1044 1066 1121 perconstantiacetobedr'entiae
1077 1045 1250 1121 exemplum.
1273 1045 1348 1104 Pau-

137 1127 184 1187 lus
198 1127 269 1186 dicit
283 1146 314 1185 se
327 1125 389 1204 pati
402 1145 454 1202 pro
469 1123 609 1200 Ecclesia
624 1123 672 1182 vel
686 1145 737 1202 pro
752 1125 877 1201 Corpore
893 1125 1008 1200 Christi,
1024 1123 1085 1182 Col.
1100 1125 1119 1183 i.
1131 1129 1179 1199 24,
1190 1145 1247 1183 non
1256 1125 1349 1202 primo

137 1227 232 1282 sensu,
248 1226 306 1284 quo
320 1213 409 1283 negat
423 1204 493 1263 alibi
506 1223 670 1281 quenquam
684 1212 788 1281 praeter
802 1205 895 1263 solum
910 1204 1056 1263 Christum
1076 1224 1129 1282 pro
1153 1204 1236 1263 nobie
1260 1205 1349 1264 fuisse

137 1285 316 1360 crucifixum,
334 1289 348 1343 l
373 1285 437 1344 Cor.
453 1285 472 1342 i.
489 1287 535 1358 13,
561 1283 613 1342 sed
623 1283 782 1360 posteriori,
795 1292 827 1342 ut
851 1285 912 1361 ipse
935 1285 1147 1361 interpretatur,
1164 1289 1181 1343 2
1204 1285 1269 1343 Cor.
1284 1285 1302 1342 i.
1319 1287 1347 1360 6,

138 1373 198 1448 ὑπις
222 1374 263 1432 ris
286 1369 351 1442 ipsis
374 1365 561 1444 ragusinus,
585 1371 614 1422 et
638 1367 656 1421 2
678 1363 753 1422 Tim.
775 1363 803 1421 ii.
822 1366 859 1422 10
883 1363 955 1422 dicit
976 1383 1007 1422 se
1028 1364 1089 1440 pati
1113 1364 1208 1422 omnia
1227 1375 1350 1440 propter

137 1449 259 1522 Elector,
275 1465 333 1504 non
346 1445 385 1503 ad
399 1464 448 1502 eos
462 1442 645 1502 redimendos
659 1462 676 1500 e
689 1443 782 1520 poenis
796 1443 1010 1520 temporalibus,
1023 1444 1075 1502 sed
1084 1452 1117 1502 ut
1127 1443 1287 1503 confirmati
1297 1465 1349 1504 suo

138 1528 272 1603 exemplo
287 1525 436 1584 obtineant
450 1524 572 1582 salutem
586 1543 637 1600 per
652 1523 807 1598 Christum,
822 1523 901 1599 quod
915 1522 1041 1581 Thomas
1055 1523 1085 1580 in
1100 1526 1127 1582 3.
1143 1543 1171 1599 q.
1186 1525 1233 1598 48,
1250 1533 1302 1582 art.
1319 1529 1346 1601 5,

137 1607 183 1665 ad.
197 1609 222 1664 1.
233 1607 305 1664 bene
315 1605 459 1679 observat,
471 1603 652 1661 “Passiones
665 1603 835 1660 Sanctorum
846 1602 998 1680 proficiunt
1007 1601 1155 1677 Ecclesiae,
1164 1621 1222 1660 non
1231 1603 1348 1680 quidem

138 1707 190 1764 per
202 1684 321 1743 modum
334 1683 548 1760 redemptionis,
565 1681 617 1740 scd
629 1701 681 1760 per
694 1681 811 1739 modum
826 1682 951 1759 exempli
965 1689 995 1740 et
1009 1681 1247 1740 exhortationis.’'

179 1764 305 1823 XVIII.
327 1764 476 1822 Passiones
488 1763 601 1837 Christi,
617 1781 737 1839 quarum
752 1761 889 1838 reliquias
904 1761 1012 1820 Paulus
1023 1761 1123 1820 debuit
1136 1767 1347 1842 inararasgotr,

139 1845 258 1904 eleisum
268 1845 391 1921 implere,
408 1843 469 1902 Col.
485 1843 504 1900 i.
519 1845 567 1916 24,
578 1861 636 1899 ιιοιι
648 1850 715 1900 sunt
727 1841 881 1899 Passiones
889 1841 1055 1919 personales
1067 1840 1174 1899 Christi
1198 1844 1347 1918 naturalis,

139 1924 192 1983 sed
204 1924 356 1982 Passiones
373 1923 480 1983 Christi
492 1922 605 1998 mystici,
621 1920 659 1980 id.
676 1921 811 1998 Corporis
825 1922 888 1998 ejus
902 1941 953 1980 seu
968 1921 1115 1994 Ecclesiae,
1131 1941 1196 1998 quae
1207 1921 1243 1979 ad
1258 1923 1350 1981 instar

139 2003 247 2063 Christi
261 2004 447 2080 imponuntur
460 2001 586 2060 serendae
601 2001 724 2078 singulis
737 2000 874 2059 membris
889 2021 941 2078 pro
955 2008 1035 2077 parte
1050 2019 1110 2076 sua,
1127 2008 1230 2078 atquae
1257 2002 1348 2060 Paulo

137 2084 168 2141 in
182 2083 347 2161 particulari
361 2083 515 2159 assignata
530 2090 612 2140 erant
625 2101 643 2138 a
657 2080 729 2156 Deo,
745 2099 817 2156 quas
830 2080 896 2139 ideo
911 2100 941 2139 se
965 2079 1094 2138 vicissim
1119 2101 1170 2138 seu
1192 2101 1244 2158 pro
1268 2091 1349 2159 parte

138 2183 192 2223 sua
204 2164 324 2240 implere
336 2163 415 2236 dicit,
431 2162 563 2220 alaenter
577 2159 718 2237 gestando
732 2169 842 2236 partem
857 2161 959 2235 crucis,
975 2180 1039 2236 quae
1062 2159 1117 2236 ipsi
1141 2179 1158 2217 a
1183 2161 1297 2221 Christo
1312 2162 1349 2219 ad

137 2242 288 2302 ferendum
302 2249 363 2302 erat
376 2241 519 2319 imposita.
563 2241 611 2299 Sic
628 2241 754 2299 Christus
766 2260 841 2316 saepe
855 2260 907 2316 pro
919 2240 1044 2316 Corpore
1065 2259 1118 2298 suo
1139 2241 1263 2317 ponitur,
1280 2241 1349 2300 Act.

139 2322 180 2381 ix.
195 2325 223 2397 4,
239 2331 269 2380 et
285 2325 300 2379 l
317 2323 381 2380 Cor.
397 2321 448 2380 xii.
466 2324 512 2396 12,
538 2330 567 2379 et
589 2320 737 2378 Passiones
753 2319 866 2394 Christi,
892 2319 1060 2378 afflictiones
1084 2319 1212 2378 fidelium
1237 2330 1347 2396 notant,

140 2401 234 2460 2Cor.
249 2401 268 2460 i.
284 2401 580 2477 susannense
591 2399 677 2458 modo
687 2399 796 2457 ratione
806 2400 950 2476 principii,
966 2399 1035 2476 quia
1049 2399 1180 2458 Christus
1195 2419 1244 2458 ess
1258 2401 1348 2478 impo-

138 2481 190 2556 nit,
207 2488 236 2540 et
250 2480 287 2539 ad
301 2499 350 2539 eas
363 2500 416 2539 nos
427 2489 522 2556 vocat,
534 2488 566 2538 ut
580 2498 731 2556 supremus
756 2478 952 2555 Agouotheta,
969 2479 1028 2537 Aet
1043 2479 1083 2537 ix.
1100 2481 1147 2553 16,
1162 2488 1191 2537 et
1208 2484 1223 2538 1
1240 2479 1303 2540 Pet.
1319 2481 1349 2541 ii.

138 2563 187 2636 21,
204 2560 278 2619 Phil.
294 2560 314 2620 i.
329 2562 376 2636 29,
392 2580 450 2619 ιιοιι
464 2559 549 2617 modo
564 2560 673 2618 ratione
701 2558 804 2634 objecti,
830 2560 898 2635 quia
921 2567 1038 2636 propter
1062 2559 1208 2618 Christum
1233 2567 1262 2618 et
1286 2562 1349 2638 ejus

139 2640 334 2718 Evangelium
347 2641 541 2717 imponuntur,
558 2639 609 2697 sed
623 2647 652 2697 et
666 2639 776 2697 ratione
790 2640 995 2715 communionis,
1011 2659 1076 2714 quae
1100 2639 1184 2697 uobis
1198 2640 1350 2700 intercedit

138 2739 204 2779 eum
219 2721 342 2796 Christo,
355 2720 466 2796 quiaut
489 2739 579 2777 unum
594 2716 678 2776 fimus
699 2737 765 2775 oum
790 2719 912 2792 Christo,
936 2719 976 2776 ita
1000 2719 1077 2776 bona
1102 2726 1131 2776 et
1153 2718 1229 2776 mala
1251 2729 1349 2778 nostra

137 2808 206 2858 sunt
218 2800 303 2858 nobis
317 2800 499 2858 communia:
515 2798 646 2856 Christus
660 2796 744 2854 malis
758 2798 864 2855 nostris
879 2797 1009 2872 afficitur,
1031 2816 1089 2854 uon
1103 2797 1199 2854 minus
1220 2817 1255 2855 ae
1280 2801 1348 2874 suis,

137 2887 167 2938 et
180 2899 233 2938 nos
247 2899 385 2938 vocamur
406 2879 443 2936 ad
456 2877 686 2956 participandum
700 2877 883 2953 passionibus
903 2879 976 2955 ejus,
999 2884 1032 2935 ut
1056 2876 1099 2933 illi
1124 2875 1284 2936 conformes
1297 2879 1349 2935 fia-

141 2977 206 3017 mus
219 2958 249 3016 in
264 2979 348 3018 eruce
362 2959 530 3036 priusquam
544 2957 574 3014 in
589 2957 690 3033 gloria,
709 2957 792 3014 Rom.
807 2957 869 3015 viii.
886 2959 932 3014 18.

178 3037 274 3097 XIX.
295 3037 388 3096 Aliud
399 3047 443 3096 est
455 3045 574 3114 peecata
588 3057 640 3094 sua
653 3036 793 3094 redimere
807 3055 876 3093 vera
904 3035 1108 3109 satisfactione,
1133 3034 1225 3094 Aliud
1249 3057 1348 3095 eorum

137 3136 252 3176 cursum
267 3118 436 3195 abrumpere
450 3136 501 3193 per
521 3135 607 3193 opera
627 3115 803 3193 peanitentiae
827 3124 857 3174 et
881 3115 1036 3174 eharitatis.
1080 3115 1185 3174 Daniel
1206 3117 1349 3192 posterius

138 3197 192 3256 hoc
214 3198 316 3256 suadet
341 3196 605 3270 Nebuehadnezari,
619 3215 643 3253 e.
658 3195 697 3253 iv.
714 3199 761 3270 27,
787 3214 845 3252 non
867 3195 969 3274 prius:
991 3199 1018 3252 τι
1039 3211 1082 3268 prr
1109 3195 1202 3273 primo
1226 3206 1350 3256 nonest

135 3278 282 3352 redimere,
304 3276 357 3336 sed
380 3279 554 3351 abrumpere,
570 3277 740 3348 abstrahere,
767 3283 852 3351 atque
875 3273 942 3332 inde
967 3275 1104 3333 liberare:
1148 3273 1256 3334 Suadet
1279 3295 1348 3353 ergo

137 3357 212 3434 Regi
226 3357 295 3416 vitae
309 3356 537 3415 immutationem
552 3363 581 3414 et
595 3355 801 3432 poenitentiam,
817 3363 850 3412 ut
863 3354 984 3431 injurias
999 3363 1028 3413 et
1042 3355 1241 3431 oppressiones
1252 3355 1349 3415 illatas

136 3435 326 3495 beneficentia
339 3435 484 3509 resarciat,
500 3443 529 3493 et
542 3443 725 3513 peccatorum
740 3454 855 3492 cursum
869 3435 1029 3511 abrumpat,
1046 3443 1077 3493 ut
1088 3435 1192 3492 melius
1203 3435 1245 3492 illi
1257 3436 1302 3512 sit,
1319 3446 1348 3495 et

134 3515 262 3576 obtineat
273 3517 485 3594 exemptionem
500 3535 517 3572 a
532 3514 624 3590 poenis
638 3533 702 3589 quse
717 3514 760 3570 ilii
780 3523 897 3591 propter
912 3514 1020 3572 scelere
1034 3534 1087 3572 sua
1107 3514 1303 3588 imminebant,
1319 3526 1349 3575 et

134 3596 214 3672 pacis
227 3616 288 3654 suae
310 3594 562 3668 continuationem,
578 3595 688 3668 siforte
702 3594 942 3668 eritprolonpatio
954 3595 1165 3670 tranquillitatis
1175 3615 1241 3653 soce.
1284 3595 1348 3670 Quo

135 3675 284 3734 referenda
299 3685 366 3735 suut
380 3676 445 3733 loca
458 3674 546 3746 varia,
561 3673 590 3730 in
604 3672 710 3748 quibus
720 3673 889 3748 penitentiae
903 3673 1080 3749 promittitur
1102 3674 1233 3733 remissio
1247 3695 1349 3752 peeca-

134 3763 238 3830 torum,
253 3775 311 3814 non
326 3763 358 3814 ut
372 3773 466 3813 causae
481 3753 642 3827 meritoriae,
658 3752 706 3810 vel
720 3771 813 3829 poenae
834 3752 1040 3829 satisfactorias,
1066 3753 1118 3812 sed
1141 3762 1174 3813 ut
1198 3755 1349 3814 conditioni

137 3851 267 3892 annexae.

177 3911 254 3970 XX.
276 3912 367 3972 Aliud
381 3923 425 3973 est
439 3913 519 3991 loqui
534 3913 569 3971 de
584 3912 677 3990 poenis
691 3911 804 3988 proprie
819 3911 904 3971 dictis
919 3921 947 3972 et
962 3912 1168 3986 satisfactoriis,
1184 3932 1249 3988 quse
1260 3933 1278 3969 s
1291 3913 1314 3971 J
1315 3934 1347 3971 u-

136 3987 201 4046 dice
214 3989 383 4067 infliguntur
396 3994 565 4071 adjustitiae
581 3991 827 4066 satisfactionem,
857 3992 946 4050 Aliud
961 3993 997 4050 de
1022 3993 1115 4068 poenis
1140 3991 1303 4068 impropriis
1318 4002 1348 4051 et

135 4067 328 4144 castigatoriis
343 4091 393 4130 seu
406 4072 635 4131 medicinalibus.
679 4071 744 4128 Non
759 4091 898 4147 negamus
913 4072 1046 4129 fidelibus
1061 4089 1161 4147 poenas
1184 4070 1256 4128 istas
1271 4090 1346 4148 saepe

135 4148 253 4224 imponi,
263 4167 347 4207 noua
358 4151 420 4209 Deo
432 4151 452 4210 J
455 4152 546 4225 udiee,
558 4151 636 4209 seda
651 4150 714 4209 Deo
730 4151 823 4225 Patro,
840 4171 898 4208 non
913 4150 1034 4224 exodio,
1051 4148 1101 4208 sed
1116 4169 1153 4206 ex
1167 4168 1272 4224 amore,
1288 4170 1347 4208 non

133 4227 171 4286 ad
180 4226 346 4304 vindictam,
359 4229 410 4287 scd
424 4231 461 4288 ad
472 4231 652 4303 medicinam,
663 4249 721 4288 non
731 4230 768 4287 ad
780 4229 1011 4301 destructionem,
1024 4228 1075 4286 sed
1084 4227 1121 4286 ad
1132 4229 1345 4289 correctionem.

132 4305 363 4382 HineCyprian,
379 4309 819 4386 “AdhoccorripitDominusut
833 4308 973 4382 emendet,
986 4307 1024 4364 ad
1034 4308 1088 4365 hoe
1097 4307 1230 4367 emendat
1243 4318 1276 4367 ut
1287 4329 1347 4367 ser·

133 4387 212 4446 vet.''
223 4386 326 4445 Thom.
333 4386 372 4446 iii.
379 4407 408 4464 q.
420 4391 467 4464 69,
481 4389 584 4448 “Ante
596 4389 792 4447 remissionem
799 4395 866 4446 sunt
875 4387 1015 4465 supplicia
1023 4396 1214 4462 peecatorum,
1222 4396 1288 4463 post
1301 4409 1345 4446 re-

132 4465 300 4525 missionem
315 4467 471 4525 eertamina
491 4476 520 4526 et
534 4467 754 4528 exercitationes
775 4468 974 4527 Sanctorum.'’
998 4466 1037 4525 ltt
1052 4466 1166 4542 Augus.
1192 4466 1345 4525 discrimen

131 4547 208 4606 inter
223 4566 325 4622 poenas
339 4545 491 4622 impiorum
502 4553 530 4604 et
539 4548 743 4624 castigationes
756 4549 869 4625 piorum
884 4546 990 4622 optime
1002 4546 1128 4622 exponit,
1142 4545 1187 4602 De
1203 4546 1265 4603 Civ.
1280 4547 1344 4605 Dei.

130 4627 180 4685 lib.
197 4625 215 4684 i.
231 4647 294 4704 cap.
308 4625 380 4700 viii,
394 4625 587 4702 “Quicunque
601 4627 670 4685 boni
683 4627 808 4704 malique
823 4625 929 4702 pariter
942 4623 1039 4684 afflicti
1054 4633 1128 4698 sunt,
1145 4643 1202 4682 non
1214 4625 1278 4684 ideo
1290 4626 1346 4703 ipsi

131 4706 260 4766 distincti
274 4705 726 4782 nousuut,quiadistinctumnon
739 4705 870 4781 estquod
882 4705 995 4781 utrique
1006 4705 1134 4782 perpessi
1150 4711 1230 4764 aunt:
1249 4716 1345 4768 manet
