3202 5194
91 393 194 444 qussr.
211 371 300 454 risu]
595 391 635 430 ns
649 391 726 432 neon
740 390 802 434 um.
826 435 833 444 ,
1261 379 1299 435 79

92 555 140 593 nou
154 533 253 610 modo,
270 541 309 594 ut
322 533 411 592 bomo
425 531 520 591 Deum
538 531 615 591 colet
635 531 750 610 publice
765 533 845 592 cultu
867 533 965 611 sliquo
987 539 1118 610 externo,
1134 541 1164 596 et
1182 534 1301 612 quidem

93 614 339 674 incommunione
356 613 537 687 Sanctorum,
552 619 583 672 et
597 613 748 672 Conventu
762 611 888 690 publice,
904 613 956 673 sed
971 614 1059 673 etiam
1072 623 1106 674 ut
1119 624 1235 693 tempus
1248 616 1299 674 ali·

93 695 161 772 quod
180 695 254 753 huie
269 692 342 754 usui
361 701 530 770 separetur;
557 693 688 752 naturale
708 691 815 770 pariter
834 711 897 752 esse
916 693 1012 770 debet,
1036 703 1069 754 ut
1091 695 1143 755 fiat
1163 697 1302 773 temporis

94 776 167 835 istius
188 774 329 834 solennis
349 773 448 850 aliqffl
466 772 676 848 determinatio,
699 781 761 832 tum
780 773 877 849 quoad
899 773 1098 851 frequentiam,
1121 783 1184 834 turn
1205 775 1303 852 quoad

94 853 280 930 durationem,
298 873 366 932 quae
378 873 438 912 non
451 853 489 913 ab
503 851 561 912 alio
574 871 661 929 quem
676 872 694 911 a
708 853 771 911 Deo
785 853 998 930 sapientissimo
1012 855 1107 915 cultus
1121 863 1151 914 et
1165 855 1302 932 temporis

95 935 204 996 authore
218 935 290 994 fieri
304 943 412 1012 potest.
436 933 510 993 eun
523 952 594 1010 ergo
608 932 685 990 diem
698 933 781 992 illum
794 933 914 993 definire
927 935 1053 995 voluerit
1065 935 1097 994 in
1111 935 1199 1012 Lege,
1215 955 1302 1014 quem

95 1035 137 1092 pro
149 1015 301 1094 sepientis
315 1034 370 1073 sne
382 1014 466 1073 novit
480 1012 518 1072 sd
530 1013 609 1072 hunc
622 1012 710 1071 linem
723 1013 1028 1074 convenientissimum
1048 1035 1113 1074 esse
1126 1023 1156 1074 et
1175 1015 1303 1074 maxime

95 1095 321 1170 accommodum,
336 1113 390 1154 sex
404 1093 507 1154 diebus
521 1093 632 1151 homini
645 1092 762 1168 relictis,
778 1101 808 1152 et
818 1113 909 1154 unum
922 1103 1035 1154 tanum
1050 1095 1082 1153 iu
1095 1095 1179 1174 cyclo
1192 1094 1302 1154 hebdo-

96 1175 177 1232 madis
191 1175 251 1234 sibi
267 1174 433 1250 serraudo;
454 1173 505 1250 qui
518 1173 609 1232 vellet
618 1172 681 1250 jem
695 1172 772 1232 diem
786 1173 869 1233 illum
889 1174 1019 1252 refigere,
1034 1182 1064 1234 et
1078 1175 1167 1234 alium
1187 1175 1218 1233 in
1238 1176 1303 1253 ejus

96 1253 179 1312 locum
193 1255 389 1330 substituere,
405 1273 493 1331 supro.
507 1254 603 1313 Deum
623 1273 688 1312 sese
708 1252 921 1331 quodammodo
936 1255 1098 1330 extolleret,
1113 1262 1144 1314 et
1162 1275 1197 1314 eo
1212 1275 1242 1314 se
1257 1274 1303 1314 se-

96 1333 257 1410 pienticrem
268 1335 408 1412 jactaret,
423 1333 502 1412 quod
515 1353 574 1392 nou
587 1333 674 1393 modo
688 1333 823 1392 maxims
836 1335 1016 1413 temeritetis,
1032 1335 1127 1395 sedet
1146 1335 1303 1394 intoleran-

97 1412 134 1471 de
147 1414 306 1492 superbire,
322 1422 353 1474 et
365 1414 494 1492 profanae
506 1413 664 1492 impietatis
677 1421 755 1474 esset
767 1422 980 1492 argumentum·

131 1493 316 1555 XXXVII.
339 1493 494 1554 Secundo:
516 1493 592 1568 Quia
604 1494 630 1554 si
643 1513 682 1552 ex
695 1493 727 1553 vi
740 1501 771 1553 et
783 1493 918 1572 analogia
930 1496 1067 1573 precepti
1080 1515 1139 1554 non
1152 1502 1230 1554 recte
1244 1494 1304 1554 col·

101 1572 196 1651 ligitur,
212 1595 313 1636 uuum
326 1574 404 1635 diem
417 1595 435 1634 e
448 1582 559 1652 septem
572 1572 673 1632 divino
686 1573 779 1634 cultui
795 1593 858 1634 esse
873 1574 1109 1650 consecrandum,
1123 1575 1222 1634 nullus
1243 1594 1304 1634 cer-

101 1661 140 1712 sn
153 1655 267 1716 dierum
282 1675 426 1714 numerus
438 1664 489 1714 eut
503 1653 628 1714 circulum
642 1673 681 1712 ex
694 1654 755 1715 ullo
768 1661 912 1731 praecepto
926 1654 1026 1712 divino
1046 1653 1164 1714 limitari
1188 1653 1303 1731 poterit,

104 1753 157 1792 eum
170 1736 284 1798 nnllius
300 1733 421 1794 alterius
433 1734 546 1793 numeri
559 1733 644 1794 ullibi
657 1733 688 1793 in
701 1734 762 1794 ullo
776 1733 834 1792 elio
847 1741 992 1810 praecepto
1005 1733 1057 1793 fiat
1070 1733 1178 1792 mentio
1189 1755 1197 1809 3
1220 1732 1306 1808 Quod

103 1813 249 1875 abundum
272 1834 343 1875 esse
366 1834 454 1874 nemo
474 1833 535 1873 non
554 1813 645 1873 videt.
688 1813 750 1874 Nec
765 1815 852 1891 juvet
873 1811 953 1890 quod
974 1813 1127 1890 excipitur,
1150 1813 1221 1872 setis
1242 1831 1307 1872 esse

104 1895 243 1970 quoddies
258 1894 412 1956 sufficiens
426 1893 463 1954 ed
478 1895 541 1954 Deo
556 1892 763 1971 gratitudinem
778 1891 973 1952 exhibendum
987 1911 1025 1951 ex
1039 1893 1070 1952 vi
1090 1892 1226 1971 precepti
1247 1892 1306 1950 col·

103 1972 207 2050 ligatm.
249 1975 333 2050 Quis
345 1981 521 2052 preceptum
534 1993 594 2034 non
607 1974 669 2051 egit
685 1979 798 2066 tautum
819 1973 856 2032 de
878 1972 925 2031 die
946 1971 1108 2050 sufficienti,
1129 1972 1183 2033 sed
1202 1973 1239 2033 de
1259 1972 1307 2031 die
1359 2043 1362 2049 Ι

104 2053 950 2210 ¹²11(llellaliplefll.qlllliitili)itrlllmiliendlisoesstbliniIiurtdiildtioue
963 2132 1022 2192 diei
1046 2132 1162 2211 septimi
1181 2132 1308 2192 retinue-

106 2221 274 2278 runttamen
290 2214 408 2292 cyclum
422 2212 670 2289 hebdomadelem,
690 2221 723 2273 ut
743 2233 782 2273 ex
803 2221 913 2291 septem
934 2213 1037 2274 diebus
1057 2233 1147 2273 unum
1168 2214 1309 2291 eligerent

108 2291 140 2350 ad
152 2295 254 2356 cultum
271 2294 435 2374 publicum,
449 2294 529 2372 quod
542 2313 601 2354 non
614 2291 751 2354 fecissent
764 2301 870 2370 temen
885 2293 943 2352 nisi
963 2294 1020 2354 hoc
1033 2314 1086 2372 pro
1100 2293 1266 2353 invariabili
1279 2301 1309 2354 et

108 2375 198 2434 ncmli
210 2375 415 2455 agnovissent.
456 2375 497 2434 Et
509 2393 595 2434 nemo
611 2382 742 2451 repertus
756 2383 801 2434 est
813 2393 941 2452 unquam
961 2373 1037 2434 inter
1058 2374 1236 2434 Christianos
1258 2373 1310 2451 qui

111 2456 291 2517 mutationem
305 2455 434 2532 aliquam
447 2455 496 2514 hic
508 2453 604 2513 moliri
618 2473 706 2514 ausus
720 2455 767 2514 sit.
809 2455 871 2514 Nec
892 2453 951 2513 dici
971 2454 1065 2530 debet,
1087 2455 1143 2514 hoc
1164 2475 1202 2514 ex
1222 2454 1309 2513 liber·

111 2541 162 2592 stc
175 2535 341 2598 Chrisflana
355 2543 386 2596 et
399 2534 554 2613 prudentie
566 2534 674 2594 lectum
688 2553 770 2594 esse:
795 2534 930 2613 quemvis
944 2535 1020 2593 enim
1034 2535 1156 2594 mutatio
1171 2535 1229 2592 dici
1245 2553 1309 2611 sep-

111 2611 164 2670 timi
177 2615 205 2674 in
217 2618 347 2694 primum
360 2615 439 2675 fecte
451 2615 490 2674 sit
502 2635 541 2674 ex
554 2614 688 2676 libertate
703 2613 884 2690 christina
899 2615 966 2674 Nou
977 2613 1108 2692 sequitur
1120 2613 1310 2674 retentionem

113 2693 187 2754 unius
201 2696 257 2757 diei
272 2717 291 2757 e
306 2704 419 2774 septem
430 2695 540 2789 pariter
553 2693 642 2754 fuisse
656 2695 788 2756 absolute
800 2694 932 2772 liberam,
952 2703 982 2755 et
1001 2695 1165 2774 positivam,
1188 2713 1253 2772 quae
1273 2693 1311 2752 eb

114 2769 227 2848 ipserum
239 2797 324 2838 mero
339 2776 458 2836 arbitno
471 2774 650 2854 pependerit

291 2916 298 2929 ,
407 2855 573 2914 XXXIX.
589 2854 800 2916 Determinetio
812 2855 901 2916 unius
915 2853 973 2914 diei
983 2875 999 2914 e
1011 2861 1129 2931 septem,
1145 2872 1204 2912 non
1217 2851 1311 2930 magis

130 2907 326 3020 Mlfflm*
365 2943 512 3016 repugnet
537 2935 665 2994 libertati
689 2936 869 3013 Christianae,
895 2955 983 3015 quem
1010 2933 1165 2993 destinatio
1189 2931 1261 2991 certi
1282 2939 1313 2990 et

367 3016 437 3076 stati
457 3015 515 3076 diei
528 3015 567 3074 ad
580 3015 712 3076 divinum
726 3016 855 3076 cultum:
879 3015 948 3075 Sive
969 3014 1046 3074 enim
1066 3031 1171 3072 unuse
1191 3018 1311 3087 septem,

119 3085 176 3148 sive
196 3111 233 3152 ex
251 3103 317 3156 octo
341 3104 392 3157 aut
413 3096 514 3158 decem
535 3095 684 3173 seligstur,
710 3116 823 3174 semper
847 3094 966 3172 aliquod
986 3093 1141 3152 discrimen
1172 3098 1312 3150 servatur.

120 3167 194 3246 Ergo
206 3191 293 3250 quum
306 3175 466 3256 Apostolus
487 3176 642 3236 discrimen
662 3176 775 3236 dierum
796 3175 943 3235 subletum
964 3193 1028 3234 esse
1048 3172 1134 3232 docet
1154 3171 1208 3231 sub
1227 3171 1313 3230 Novo

120 3247 203 3326 Test,
217 3253 299 3316 lton.
312 3257 373 3317 xiv.
388 3259 416 3332 5,
433 3261 461 3334 6,
481 3257 579 3318 Galat.
593 3256 633 3318 iv.
650 3259 697 3333 10,
712 3265 743 3318 et
762 3255 876 3316 crimini
897 3255 948 3314 det
969 3253 1092 3328 Galatis,
1102 3251 1181 3330 quod
1201 3251 1263 3310 dies
1284 3259 1314 3310 et

121 3346 223 3393 menses
235 3335 398 3413 observent,
413 3339 469 3398 hoc
482 3336 706 3414 intelligendum
722 3343 770 3396 est
789 3336 825 3398 dc
840 3335 1025 3396 distinctione
1046 3333 1157 3394 dierum
1178 3351 1314 3392 caeremo-

120 3408 686 3570 ttfflwttte
699 3418 870 3558 stlte
883 3414 1317 3558 tetenstete

123 3573 203 3644 qualis
214 3578 367 3638 obtinebat
380 3519 615 3657 epulms'entilea,
630 3517 758 3655 qmpedies
771 3578 845 3638 elios
858 3517 925 3638 tiliis
946 3576 1103 3638 sanctiores
1122 3584 1152 3635 et
1172 3540 1316 3634 feliciores

124 3667 154 3741 ἓξ
166 3672 192 3712 te
204 3659 421 3734 existimabant,
442 3679 573 3737 quosque
594 3657 662 3718 ideo
681 3658 711 3716 in
732 3667 811 3720 etrus
831 3666 862 3718 et
881 3657 973 3734 albos,
994 3657 1104 3716 faustos
1125 3664 1155 3714 et
1174 3654 1316 3714 infaustos

123 3727 285 3820 distinguere
300 3739 455 3800 solebant:
475 3739 548 3798 alies
562 3739 588 3798 si
602 3738 696 3798 omnis
710 3739 876 3800 observatio
889 3737 1001 3799 dierum
1015 3736 1147 3798 obsolute
1161 3746 1191 3795 et
1205 3732 1316 3810 simpli-

123 3819 183 3871 nter
193 3815 354 3894 damnetur,
369 3819 482 3880 nullum
497 3818 614 3880 omnino
627 3819 727 3879 licebit
740 3839 818 3878 nunc
832 3819 909 3878 diem
930 3819 1077 3878 solennem
1099 3816 1138 3876 ed
1159 3815 1254 3874 Mum
1269 3833 1316 3870 co·

125 3885 224 3956 lendum
235 3899 412 3994 observare,
437 3900 499 3994 Neo
513 3899 626 3994 Paulus
636 3900 780 3978 potuisset
789 3897 960 3959 Christianis
972 3897 1168 3977 prestribere,
1179 3903 1216 3987 nt
1224 3891 1318 3970 primo

125 3987 221 4118 sqq,
233 3977 1200 4138 lfflttttlttttttlltffltptttttlllttll
1212 3979 1318 4130 ils,

126 4137 150 4188 et
168 4135 205 4196 sic
223 4148 286 4200 tota
305 4141 369 4202 rita
382 4149 482 4201 nostra
495 4140 663 4200 continuum
677 4140 795 4201 deberet
808 4159 872 4199 esse
889 4140 1087 4214 Sabbstbum3
1109 4136 1176 4195 Non
1190 4134 1322 4213 sequitur

127 4217 216 4277 ⁸lttttrm
239 4221 368 4299 aliquem
391 4219 424 4280 in
445 4222 606 4301 septimane
628 4219 706 4280 diem
727 4241 788 4280 non
810 4239 874 4280 esse
899 4220 963 4280 Deo
977 4215 1224 4279 consecrandum:
1246 4214 1322 4289 Quia

127 4305 223 4359 consus
245 4301 358 4362 cultum
381 4301 465 4362 illum
488 4301 637 4380 publicum
660 4301 791 4380 presteri
804 4301 934 4378 quotidie
948 4318 1007 4360 non
1020 4318 1115 4377 posse,
1129 4304 1191 4356 tum
1204 4300 1324 4383 propter

127 4377 207 4438 etreis
228 4381 436 4458 infirmitatem,
460 4390 523 4442 bun
545 4391 662 4460 propter
685 4381 753 4441 vitae
778 4381 911 4441 animalis
931 4380 1141 4451 necessitatem,
1162 4389 1324 4464 qnaeytrlss

129 4469 200 4528 tpere
219 4461 347 4521 hominis
373 4461 468 4540 exigit
491 4463 529 4522 ed
553 4463 599 4523 sui
621 4462 888 4524 conservationem:
910 4462 1009 4540 Atque
1033 4459 1076 4519 ite
1101 4452 1324 4544 Sobbethrsmpe

129 4527 200 4610 hujus
211 4542 281 4602 vitm
294 4541 487 4619 distingoimr
499 4563 517 4603 a
532 4543 652 4620 coelesti,
663 4542 715 4621 qni
724 4542 779 4604 erit
823 4551 943 4621 rpetuus
957 4550 988 4601 et
1001 4547 1145 4606 constans
1158 4549 1229 4624 ,qula
1241 4547 1324 4620 qure-

128 4613 176 4702 ltfi
187 4637 282 4683 summ
296 4623 335 4682 ab
349 4622 484 4683 omnibus
496 4623 646 4684 lebetibus
659 4623 774 4702 uostris,
803 4623 905 4684 ’bereti
918 4623 1024 4701 quippe
1038 4618 1075 4676 eb
1089 4610 1222 4672 omnibus
1236 4609 1326 4685 hujus

130 4699 185 4754 *lle
197 4701 320 4762 miseriis
334 4711 366 4763 et
379 4703 610 4766 necessitetibus.
