3108 5198
216 369 235 424 4
675 384 768 425 cocus
783 383 967 424 usnrcrucs.
1261 359 1390 443 [11111.
1406 383 1427 422 1.

218 527 299 585 Deus
323 547 372 586 ess
390 525 492 604 jubet3
515 525 592 585 unde
605 525 729 586 libemm
753 525 808 585 fuit
832 525 896 585 Deo
920 525 1008 584 talem
1031 523 1127 601 legem
1142 523 1191 582 vel
1205 541 1264 581 non
1277 522 1356 600 dare,
1382 523 1431 582 vel

218 606 302 666 aliter
322 607 481 682 instituere,
501 606 595 684 qualis
609 606 663 665 tuit
677 609 742 666 Les
755 607 864 664 cibaria
878 613 907 664 et
919 605 1070 682 1111111111
1083 603 1153 663 data
1166 601 1291 677 Adamo,
1308 604 1384 663 Gen.
1399 604 1430 667 ii.

221 689 331 761 16,17,
354 696 383 746 11
397 687 493 764 Leges
512 686 725 745 caeremoniales
739 686 777 745 V.
793 685 882 760 Test,
901 685 929 743 in
944 685 1050 764 quibus
1070 683 1152 743 nulla
1173 690 1234 742 erat
1254 703 1306 760 per
1326 703 1357 742 se
1378 683 1428 742 bo-

219 767 295 826 nitas
309 767 357 825 vel
371 767 481 826 malitia
494 767 620 842 moralis,
637 766 688 826 sed
701 775 812 826 tantum
828 785 866 824 ex
881 765 937 824 Dei
951 765 1108 840 mandato,
1130 762 1200 822 Alia
1218 783 1288 822 vero
1310 773 1430 823 natura-

220 848 262 921 lis,
286 867 350 924 quae
369 848 399 905 in
420 847 493 907 Jure
516 847 573 905 Dei
596 845 721 906 naturali
744 845 890 922 fundatur,
912 845 995 923 cujus
1016 851 1149 922 respectu
1161 863 1209 902 res
1222 863 1281 902 non
1295 843 1432 905 dicuntur

216 929 305 1001 juste
320 928 388 1004 quis
402 935 469 986 sunt
486 929 585 1005 jussee,
602 927 654 985 sed
671 927 762 1003 jussae
777 934 844 984 sunt
868 926 936 1002 quis
953 927 1042 1002 justes
1066 931 1148 982 erent
1168 931 1197 982 et
1217 922 1301 982 bonae
1315 933 1430 984 autece-

221 1006 322 1066 denter
330 1007 430 1066 cdDei
440 1015 625 1084 praeceptum,
637 1007 667 1064 in
679 1006 830 1065 sanctitate
839 1006 945 1084 quippe
957 1006 1020 1084 ipsa
1030 1013 1060 1064 et
1070 1003 1211 1082 sapientia
1223 1003 1278 1062 Dei
1288 1003 1431 1064 fundstae:

222 1088 261 1146 Et
271 1089 338 1146 telis
352 1097 396 1147 est
410 1089 472 1166 ejus
486 1096 598 1160 natura,
620 1095 654 1147 ut
678 1087 826 1165 supposita
849 1086 975 1144 hominis
996 1085 1193 1162 productione,
1218 1103 1277 1142 non
1305 1085 1433 1161 potuerit

221 1187 280 1226 non
294 1168 337 1226 illi
348 1168 423 1243 ferri,
439 1176 539 1246 utpote
554 1184 618 1244 quae
633 1165 726 1226 officia
740 1166 783 1224 illi
797 1165 965 1243 praescribat
978 1163 1223 1242 indispensabilia,
1239 1183 1304 1240 quse
1318 1164 1355 1222 sb
1370 1183 1433 1223 om-

221 1247 307 1307 nibus
320 1268 432 1325 semper
445 1259 475 1308 et
489 1247 595 1324 ubique
609 1247 772 1340 prestanda
787 1255 862 1305 sunt.
1103 1325 1109 1338 Ι
1157 1323 1164 1337 ι
1294 1322 1300 1337 ι

222 1366 459 1472 111111
480 1323 1368 1484 elottettttttttttbffitmlttttttttt
1381 1324 1432 1464 {tf

253 1484 339 1528 mnur.
482 1486 619 1562 tenditur,
645 1494 675 1545 et
699 1487 772 1544 nihil
796 1486 875 1544 eliud
889 1493 978 1561 notat,
1004 1503 1090 1562 quam
1106 1483 1300 1543 Providentiae
1315 1483 1373 1542 Dei
1387 1504 1432 1542 sa-

222 1569 431 1646 pientissimam
455 1567 693 1645 gubernationem
717 1576 920 1641 ereaturarum,
947 1575 976 1624 et
999 1564 1037 1623 sd
1060 1564 1132 1623 fines
1156 1583 1225 1624 suos
1245 1563 1433 1622 directionem

223 1649 457 1722 efficacissimam,
481 1667 539 1724 quo
564 1667 662 1721 sensu,
685 1645 793 1706 Psslm.
808 1645 888 1706 cxix.
903 1647 951 1721 91,
974 1645 1025 1704 ubi
1047 1645 1144 1721 agitur
1167 1643 1204 1702 de
1228 1643 1294 1702 coeli
1307 1651 1389 1704 motu
1403 1652 1433 1704 et

223 1737 306 1788 terrae
330 1728 496 1802 stabilitate,
521 1729 538 1759 “
554 1727 677 1786 Omnia''
703 1725 837 1785 dicuntur
859 1728 877 1759 “
891 1733 1019 1802 perstare
1040 1725 1128 1802 juxta
1152 1732 1259 1783 statuta
1284 1723 1349 1798 Dei,
1365 1725 1435 1802 quie

223 1809 319 1868 omnia
339 1809 395 1886 ipsi
416 1808 575 1882 serviunt,”
591 1815 620 1865 et
642 1805 719 1864 Psel.
738 1806 847 1864 cxlviii.
864 1808 891 1881 6,
915 1807 936 1839 “
949 1805 1076 1865 Omnia’'
1095 1803 1201 1863 dieitur
1222 1803 1432 1864 “stabilivisse

222 1890 253 1946 in
267 1897 413 1963 aeternum,
429 1897 459 1947 11
472 1888 603 1965 posuisse
619 1887 728 1964 Legem
742 1906 807 1963 quae
821 1905 971 1962 nunquam
985 1883 1166 1960 intercidet,'’
1181 1883 1232 1943 ubi
1246 1882 1282 1941 de
1297 1884 1433 1961 operibus

223 1969 376 2028 creationis
397 1987 490 2027 sermo
512 1975 573 2026 est:
595 1967 652 2024 Per
672 1967 747 2025 hanc
763 1966 871 2043 Legem
892 1965 999 2042 plantae
1013 1973 1153 2040 crescunt,
1167 1963 1269 2023 bestise
1283 1973 1432 2040 generant,

223 2057 252 2107 et
272 2048 498 2125 unumquodque
519 2046 626 2104 animal
647 2065 713 2104 sues
731 2049 809 2126 ipsis
830 2055 859 2104 et
879 2046 1033 2104 instinctus
1054 2053 1228 2122 spontaneos
1247 2043 1353 2103 hebet:
1375 2044 1433 2103 Vel

488 2126 582 2184 111111
596 2133 625 2184 11
634 2127 755 2201 proprie
769 2146 820 2202 pro
836 2123 951 2202 Regula
963 2124 1090 2203 practice
1103 2123 1260 2183 officiomm
1270 2123 1431 2200 morelium,

254 2192 434 2299 Smffiss*
490 2205 628 2282 adquam
643 2212 746 2264 natura
758 2205 892 2264 homines
915 2205 1090 2282 obligentur.
1134 2205 1178 2263 De
1203 2224 1261 2281 qus
1286 2203 1364 2280 Lege
1384 2204 1433 2262 hic

490 2285 638 2361 queritur,
660 2284 710 2342 An
724 2284 808 2344 detur
822 2285 889 2344 talis
902 2283 1035 2362 quadem
1049 2285 1113 2343 Lex
1128 2283 1184 2343 Dei
1198 2283 1344 2358 naturalis,
1366 2301 1433 2360 quea

224 2363 302 2443 spud
317 2383 416 2423 omnes
440 2364 578 2438 obtineat,
601 2373 634 2423 ut
652 2364 726 2441 justi
748 2374 777 2424 11
801 2364 902 2442 injusti
924 2365 1033 2442 regula,
1059 2363 1262 2423 antecedenter
1286 2363 1323 2423 ad
1338 2363 1434 2441 Leges

223 2444 373 2504 hominum
393 2443 550 2521 positivam
574 2443 624 2502 An
644 2464 714 2503 vero
735 2445 850 2522 justitie
871 2453 900 2504 et
919 2445 1057 2506 honestas
1070 2465 1088 2503 1
1102 2445 1164 2503 sola
1177 2445 1326 2503 voluntate
1340 2444 1433 2502 homi-

224 2545 294 2584 num
324 2523 457 2602 pendeat,
487 2533 516 2583 11
543 2544 580 2583 ex
608 2544 750 2583 consensu
777 2525 910 2583 humanm
939 2524 1084 2584 societatis
1114 2525 1230 2598 oriatur,
1261 2531 1290 2582 et
1317 2524 1435 2601 propris

225 2606 366 2682 cujusque
380 2605 505 2664 utilitate
517 2603 663 2665 metienda
677 2605 723 2668 sit.
751 2605 837 2666 Prius
851 2613 984 2665 asserunt
998 2604 1178 2682 Orthcdoxi3
1201 2603 1350 2663 Posterius
1364 2623 1436 2666 vero

226 2685 377 2746 Libertini.

265 2765 321 2824 VI.
344 2765 427 2840 Nem,
443 2773 476 2825 ut
485 2766 548 2843 jem
562 2767 631 2826 olim
648 2767 813 2828 0111111111
827 2775 856 2828 11
870 2765 1023 2843 Cyrenaici
1037 2765 1220 2843 Aristippum
1234 2763 1335 2838 secuti,
1346 2763 1435 2841 justi-

225 2844 294 2903 tiam
309 2865 422 2903 omnem
443 2847 603 2906 naturalem
622 2848 810 2924 abnegarunt,
832 2842 1439 2924 1111111111111111111111111111ωόιό
1551 2835 1552 2876 ³

224 2930 336 3006 αἰσχςὶι,
351 2925 427 2986 aisse
444 2925 505 3003 cipp
519 2932 564 2986 111
577 2925 626 3002 i'tu,
642 2929 712 2986 11111
724 2936 830 2986 nemra
843 2930 953 3002 justum
967 2935 994 2984 et
1006 2935 1088 3002 mrpe
1105 2947 1171 3002 1111,
1186 2929 1237 2985 aed
1255 2929 1432 3002 1191111111·

224 3007 375 3083 suetudine,
389 3015 421 3065 ut
434 3007 562 3086 loquitur
572 3008 714 3082 Laertius,
730 3007 766 3065 de
777 3007 829 3064 vit.
842 3005 934 3065 Phil:
956 3005 1026 3080 Quae
1041 3007 1096 3066 fuit
1109 3006 1195 3065 etiam
1209 3025 1291 3066 mens
1303 3005 1433 3082 Epicuri,

223 3105 276 3164 pro
290 3106 348 3164 quo
361 3087 454 3146 multa
467 3087 538 3147 dicit
554 3088 724 3162 Gessendus,
740 3087 774 3146 Τ.
790 3089 818 3145 3.
834 3086 911 3144 Phil.
922 3105 993 3145 mor.
1008 3106 1037 3163 p.
1051 3089 1137 3162 1526,
1153 3083 1224 3145 &cz
1246 3086 1293 3145 Ita
1306 3105 1366 3144 non
1380 3085 1432 3144 de-

225 3174 293 3225 sunt
307 3167 393 3225 etiem
413 3167 501 3225 hodie
515 3167 599 3241 varii,
613 3167 665 3244 qui
678 3165 812 3243 vestigiis
832 3185 931 3225 eorum
945 3165 1119 3242 insistentes,
1135 3167 1245 3226 nullam
1255 3166 1329 3244 justi
1342 3173 1373 3224 et
1386 3165 1431 3224 in-

221 3245 296 3321 justi
309 3245 441 3321 regalem
455 3245 518 3303 dari
538 3265 555 3302 1
576 3253 679 3306 natura
700 3253 827 3319 censent,
850 3244 901 3303 sed
922 3265 985 3304 esm
999 3246 1115 3306 demum
1136 3247 1260 3305 elibera
1279 3245 1431 3304 bominum

224 3323 462 3383 determinatione
476 3323 610 3401 pendere,
626 3332 656 3382 11
676 3344 713 3382 ex
727 3323 844 3401 propria
864 3324 1004 3402 cujusque
1021 3327 1146 3386 utilitate
1166 3325 1341 3386 metiendam
1355 3343 1431 3399 esse,

165 3477 166 3480 Ἴ
224 3410 257 3464 ut
270 3404 356 3462 homo
371 3411 474 3464 natura
488 3403 526 3461 sit
546 3402 624 3461 omnl
645 3404 757 3463 solutus
771 3404 845 3480 lege,
861 3405 998 3483 ntrlleque
1012 3407 1070 3466 alis
1090 3405 1146 3484 ipsi
1167 3406 1205 3465 sit
1218 3406 1289 3464 recti
1302 3405 1431 3483 bonique

224 3503 333 3559 norme,
362 3502 451 3559 quem
479 3482 617 3558 suiipsius
641 3483 832 3557 conservatio,
860 3493 889 3544 et
917 3485 1046 3546 defensio
1073 3485 1142 3545 vitae
1170 3493 1200 3544 et
1226 3486 1432 3544 membromm.

226 3563 318 3638 Quem
345 3562 466 3639 impium
493 3563 703 3621 Libertinorum
731 3583 856 3622 errorem
882 3585 946 3624 esse
974 3586 1040 3624 cum
1063 3566 1128 3625 eliis
1151 3565 1283 3644 pluribus
1307 3573 1433 3624 testetur

226 3641 338 3782 Galvgn.
364 3641 505 3702 adversus
520 3641 705 3704 Libertinos:
727 3643 779 3704 Ad
792 3663 866 3721 quos
886 3645 918 3706 in
930 3647 985 3704 hae
1006 3653 1089 3723 parta
1105 3645 1217 3705 secedit
1230 3645 1385 3704 Hobbesics
1399 3645 1431 3703 in

225 3741 278 3782 suo
317 3742 373 3782 ive.

265 3801 338 3860 VII.
362 3801 420 3863 Sed
436 3801 524 3879 longe
546 3803 629 3863 elitsr
647 3804 806 3882 loquuntur
820 3805 991 3880 Orthodoxi,
1006 3805 1055 3883 qni
1078 3805 1221 3865 affirmant
1241 3805 1304 3864 dari
1319 3805 1430 3882 Legem

224 3881 350 3958 aliquem
364 3881 534 3957 naturalem,
549 3902 608 3941 non
622 3893 715 3943 ortam
729 3905 767 3943 ex
781 3895 930 3945 contractu
944 3886 993 3944 vel
1013 3885 1080 3962 lege
1094 3885 1258 3946 voluntarie
1272 3885 1429 3961 societatis,

224 3961 277 4020 sed
290 3981 327 4020 ex
342 3961 442 4020 divine
456 3961 641 4040 obligatione,
651 3984 669 4022 1
681 3965 743 4023 Deo
753 3966 859 4043 quippe
870 3965 1004 4042 primitus
1017 3965 1048 4023 in
1062 3966 1208 4025 creatione
1220 3965 1346 4024 hominis
1360 3983 1431 4024 oon·

224 4039 352 4100 scientiae
373 4041 550 4118 impressam,
566 4043 597 4100 in
618 4063 675 4120 qna
689 4044 826 4106 fundetur
847 4043 1002 4108 discrimen
1022 4045 1137 4105 honesti
1153 4053 1184 4104 et
1204 4046 1305 4123 turpis,
1321 4053 1351 4104 et
1364 4064 1433 4123 quse

222 4121 364 4198 principia
383 4121 510 4198 practica
531 4122 656 4184 immotae
676 4125 808 4184 veritatis
829 4125 983 4201 contineat,
1004 4125 1103 4203 quelis
1116 4134 1184 4185 sunt
1197 4127 1293 4184 Deum
1306 4145 1363 4184 1111
1384 4145 1432 4184 oo-

223 4203 343 4275 leadum,
359 4202 496 4260 Parentes
509 4203 698 4278 honorandos,
720 4205 830 4263 honeste
850 4205 1005 4280 1111111111,
1027 4205 1163 4265 neminem
1184 4207 1350 4281 1111111111,
1373 4225 1433 4266 111

213 4280 381 4354 faciendum
401 4282 486 4340 elteri
505 4286 581 4359 quod
599 4285 649 4342 eti
658 4284 730 4363 fieri
748 4285 879 4360 11111111,
901 4293 931 4344 11
951 4285 1075 4362 11111111,
1098 4285 1198 4363 Atque
1218 4285 1307 4364 hujus
1328 4285 1431 4364 Legis,

220 4359 289 4420 licet
307 4381 359 4437 per
371 4369 521 4438 peccatum
535 4363 728 4424 diversimode
743 4373 877 4441 corrupta
890 4363 977 4424 fuerit
990 4374 1020 4425 et
1034 4365 1195 4442 obscurata,
1212 4385 1363 4442 superesse
1378 4365 1431 4425 ad-

220 4441 278 4500 huc
292 4441 322 4498 in
338 4451 439 4500 natura
452 4451 497 4500 tot
510 4443 686 4520 reliquisset
701 4443 881 4519 documento,
897 4452 930 4503 ut
944 4465 1028 4504 nemo
1050 4445 1088 4504 sit
1108 4445 1282 4522 mortalium,
1299 4446 1349 4522 qui
1364 4447 1431 4523 ejus

220 4521 280 4578 viru
294 4521 343 4580 vel
361 4521 454 4600 magis
469 4522 516 4581 vel
530 4523 626 4584 minus
640 4541 697 4582 non
712 4523 826 4582 sentiet.
850 4523 959 4601 Legem
974 4535 1070 4585 autem
1084 4525 1170 4584 istam
1184 4525 1289 4585 volunt
1302 4525 1361 4584 dici
1375 4547 1430 4585 11·

220 4603 347 4676 teretem,
363 4620 420 4660 non
435 4601 513 4678 quod
527 4622 545 4659 a
558 4621 637 4662 mere
650 4609 753 4662 natura
766 4612 861 4664 ortum
873 4623 956 4664 suum
971 4605 1085 4681 hebeat,
1101 4625 1167 4664 cum
1181 4625 1200 4664 a
1212 4605 1276 4666 Deo
1291 4623 1431 4683 supremo

220 4679 400 4758 Legislstorc
413 4680 545 4757 pendeat,
558 4681 609 4740 sed
623 4682 691 4758 quia
704 4682 858 4744 innotescit
873 4684 1020 4761 objective
1030 4705 1068 4745 ex
1083 4693 1280 4747 creaturamm
1295 4693 1428 4763 aspectu,
