<?xml version="1.0" encoding="UTF-8"?>
<!DOCTYPE html PUBLIC "-//W3C//DTD XHTML 1.0 Transitional//EN"
    "http://www.w3.org/TR/xhtml1/DTD/xhtml1-transitional.dtd">
<html xmlns="http://www.w3.org/1999/xhtml" xml:lang="en" lang="en">
 <head>
  <title>
</title>
<meta http-equiv="Content-Type" content="text/html;charset=utf-8" />
  <meta name='ocr-system' content='tesseract 3.04.00' />
  <meta name='ocr-capabilities' content='ocr_page ocr_carea ocr_par ocr_line ocrx_word'/>
</head>
<body>
  <div class='ocr_page' id='page_1' title='image "./francisciturret00pictgoog_0479.png"; bbox 0 0 3146 5210; ppageno 0'>
   <div class='ocr_carea' id='block_1_1' title="bbox 272 335 1478 416">
    <p class='ocr_par' dir='ltr' id='par_1_1' title="bbox 272 335 1478 416">
     <span class='ocr_line' id='line_1_1' title="bbox 272 335 1478 416; baseline -0.01 -14"><span class='ocrx_word' id='word_1_1' title='bbox 272 345 330 402; x_wconf 71' lang='lat'><strong>448</strong></span> <span class='ocrx_word' id='word_1_2' title='bbox 658 355 749 398; x_wconf 75' lang='lat' dir='ltr'><strong>rocus</strong></span> <span class='ocrx_word' id='word_1_3' title='bbox 764 353 893 395; x_wconf 79' lang='lat' dir='ltr'><strong>oremus</strong></span> <span class='ocrx_word' id='word_1_4' title='bbox 907 353 1043 402; x_wconf 75' lang='lat' dir='ltr'><strong>ausurus.</strong></span> <span class='ocrx_word' id='word_1_5' title='bbox 1313 335 1440 416; x_wconf 55' lang='lat' dir='ltr'><strong>[cesar.</strong></span> <span class='ocrx_word' id='word_1_6' title='bbox 1454 359 1478 396; x_wconf 84' lang='lat'><strong>;1,</strong></span> 
     </span>
    </p>
   </div>
   <div class='ocr_carea' id='block_1_2' title="bbox 234 495 1552 4728">
    <p class='ocr_par' dir='ltr' id='par_1_2' title="bbox 272 495 1549 737">
     <span class='ocr_line' id='line_1_2' title="bbox 275 495 1549 576; baseline -0.005 -13"><span class='ocrx_word' id='word_1_7' title='bbox 275 505 399 564; x_wconf 86' lang='lat' dir='ltr'><strong>Sanctus</strong></span> <span class='ocrx_word' id='word_1_8' title='bbox 419 500 465 558; x_wconf 90' lang='lat' dir='ltr'><strong>bis</strong></span> <span class='ocrx_word' id='word_1_9' title='bbox 489 500 580 560; x_wconf 87' lang='lat' dir='ltr'><strong>utitur</strong></span> <span class='ocrx_word' id='word_1_10' title='bbox 600 518 670 576; x_wconf 90' lang='lat' dir='ltr'><strong>erga</strong></span> <span class='ocrx_word' id='word_1_11' title='bbox 691 498 809 556; x_wconf 87' lang='lat' dir='ltr'><strong>Electus</strong></span> <span class='ocrx_word' id='word_1_12' title='bbox 829 507 965 573; x_wconf 85' lang='lat' dir='ltr'><strong>tanquam</strong></span> <span class='ocrx_word' id='word_1_13' title='bbox 994 495 1110 554; x_wconf 86' lang='lat' dir='ltr'><strong>motivis</strong></span> <span class='ocrx_word' id='word_1_14' title='bbox 1133 497 1384 558; x_wconf 86' lang='lat' dir='ltr'><strong>convenientibus</strong></span> <span class='ocrx_word' id='word_1_15' title='bbox 1412 501 1476 575; x_wconf 75' lang='lat' dir='ltr'><strong>inge-</strong></span> <span class='ocrx_word' id='word_1_16' title='bbox 1548 507 1549 548; x_wconf 58' lang='grc' dir='ltr'><strong>ὲ</strong></span> 
     </span>
     <span class='ocr_line' id='line_1_3' title="bbox 272 575 1477 652; baseline -0.003 -12"><span class='ocrx_word' id='word_1_17' title='bbox 272 584 322 640; x_wconf 93' lang='lat' dir='ltr'><strong>nio</strong></span> <span class='ocrx_word' id='word_1_18' title='bbox 348 583 475 639; x_wconf 89' lang='lat' dir='ltr'><strong>humano</strong></span> <span class='ocrx_word' id='word_1_19' title='bbox 496 580 533 637; x_wconf 90' lang='lat' dir='ltr'><strong>ad</strong></span> <span class='ocrx_word' id='word_1_20' title='bbox 561 598 659 638; x_wconf 84' lang='lat' dir='ltr'><strong>carum</strong></span> <span class='ocrx_word' id='word_1_21' title='bbox 687 577 904 636; x_wconf 83' lang='lat' dir='ltr'><strong>conversionem</strong></span> <span class='ocrx_word' id='word_1_22' title='bbox 931 575 1143 652; x_wconf 79' lang='lat' dir='ltr'><strong>peragendam:</strong></span> <span class='ocrx_word' id='word_1_23' title='bbox 1180 577 1229 634; x_wconf 86' lang='lat' dir='ltr'><strong>Ite</strong></span> <span class='ocrx_word' id='word_1_24' title='bbox 1249 597 1312 636; x_wconf 90' lang='lat' dir='ltr'><strong>non</strong></span> <span class='ocrx_word' id='word_1_25' title='bbox 1341 579 1402 637; x_wconf 83' lang='lat' dir='ltr'><strong>alio</strong></span> <span class='ocrx_word' id='word_1_26' title='bbox 1428 581 1477 637; x_wconf 80' lang='lat' dir='ltr'><strong>ruli</strong></span> 
     </span>
     <span class='ocr_line' id='line_1_4' title="bbox 272 655 1475 737; baseline -0.002 -18"><span class='ocrx_word' id='word_1_27' title='bbox 272 662 411 720; x_wconf 83' lang='lat' dir='ltr'><strong>inservire</strong></span> <span class='ocrx_word' id='word_1_28' title='bbox 436 660 514 737; x_wconf 90' lang='lat' dir='ltr'><strong>apud</strong></span> <span class='ocrx_word' id='word_1_29' title='bbox 538 679 596 733; x_wconf 89' lang='lat' dir='ltr'><strong>eos,</strong></span> <span class='ocrx_word' id='word_1_30' title='bbox 622 679 695 736; x_wconf 88' lang='lat' dir='ltr'><strong>quos</strong></span> <span class='ocrx_word' id='word_1_31' title='bbox 711 658 791 716; x_wconf 90' lang='lat' dir='ltr'><strong>Deus</strong></span> <span class='ocrx_word' id='word_1_32' title='bbox 814 677 871 714; x_wconf 92' lang='lat' dir='ltr'><strong>non</strong></span> <span class='ocrx_word' id='word_1_33' title='bbox 889 655 1013 714; x_wconf 84' lang='lat' dir='ltr'><strong>intendit</strong></span> <span class='ocrx_word' id='word_1_34' title='bbox 1027 665 1195 715; x_wconf 84' lang='lat' dir='ltr'><strong>convertere</strong></span> <span class='ocrx_word' id='word_1_35' title='bbox 1209 667 1241 716; x_wconf 87' lang='lat' dir='ltr'><strong>et</strong></span> <span class='ocrx_word' id='word_1_36' title='bbox 1254 667 1327 716; x_wconf 85' lang='lat' dir='ltr'><strong>ectu</strong></span> <span class='ocrx_word' id='word_1_37' title='bbox 1348 659 1475 718; x_wconf 60' lang='lat' dir='ltr'><strong>deduces</strong></span> 
     </span>
    </p>

    <p class='ocr_par' dir='ltr' id='par_1_3' title="bbox 274 735 1478 818">
     <span class='ocr_line' id='line_1_5' title="bbox 274 735 1478 818; baseline -0.003 -18"><span class='ocrx_word' id='word_1_38' title='bbox 274 741 311 800; x_wconf 90' lang='lat' dir='ltr'><strong>ad</strong></span> <span class='ocrx_word' id='word_1_39' title='bbox 326 742 456 816; x_wconf 88' lang='lat' dir='ltr'><strong>salutern,</strong></span> <span class='ocrx_word' id='word_1_40' title='bbox 473 760 560 818; x_wconf 86' lang='lat' dir='ltr'><strong>quam</strong></span> <span class='ocrx_word' id='word_1_41' title='bbox 574 739 678 816; x_wconf 88' lang='lat' dir='ltr'><strong>partim</strong></span> <span class='ocrx_word' id='word_1_42' title='bbox 692 739 729 795; x_wconf 88' lang='lat' dir='ltr'><strong>ad</strong></span> <span class='ocrx_word' id='word_1_43' title='bbox 743 735 950 796; x_wconf 80' lang='lat' dir='ltr'><strong>ostendendam</strong></span> <span class='ocrx_word' id='word_1_44' title='bbox 965 736 1155 794; x_wconf 87' lang='lat' dir='ltr'><strong>necessariam</strong></span> <span class='ocrx_word' id='word_1_45' title='bbox 1181 738 1404 798; x_wconf 79' lang='lat' dir='ltr'><strong>connexionem</strong></span> <span class='ocrx_word' id='word_1_46' title='bbox 1425 741 1478 797; x_wconf 74' lang='lat' dir='ltr'><strong>licei</strong></span> 
     </span>
    </p>

    <p class='ocr_par' dir='ltr' id='par_1_4' title="bbox 274 815 1104 898">
     <span class='ocr_line' id='line_1_6' title="bbox 274 815 1104 898; baseline -0.007 -18"><span class='ocrx_word' id='word_1_47' title='bbox 274 832 303 880; x_wconf 88' lang='lat' dir='ltr'><strong>et</strong></span> <span class='ocrx_word' id='word_1_48' title='bbox 315 823 424 898; x_wconf 89' lang='lat' dir='ltr'><strong>salutis,</strong></span> <span class='ocrx_word' id='word_1_49' title='bbox 441 820 545 898; x_wconf 87' lang='lat' dir='ltr'><strong>partim</strong></span> <span class='ocrx_word' id='word_1_50' title='bbox 560 819 596 876; x_wconf 90' lang='lat' dir='ltr'><strong>ad</strong></span> <span class='ocrx_word' id='word_1_51' title='bbox 611 819 677 876; x_wconf 92' lang='lat' dir='ltr'><strong>illos</strong></span> <span class='ocrx_word' id='word_1_52' title='bbox 691 817 903 876; x_wconf 82' lang='lat' dir='ltr'><strong>inexcusabiles</strong></span> <span class='ocrx_word' id='word_1_53' title='bbox 916 815 1104 893; x_wconf 75' lang='lat' dir='ltr'><strong>praestandos.</strong></span> 
     </span>
    </p>

    <p class='ocr_par' dir='ltr' id='par_1_5' title="bbox 273 895 1547 1860">
     <span class='ocr_line' id='line_1_7' title="bbox 315 895 1475 974; baseline -0.004 -14"><span class='ocrx_word' id='word_1_54' title='bbox 315 902 409 960; x_wconf 86' lang='lat' dir='ltr'>XXI.</span> <span class='ocrx_word' id='word_1_55' title='bbox 432 901 571 958; x_wconf 88' lang='lat' dir='ltr'><strong>Invitatio</strong></span> <span class='ocrx_word' id='word_1_56' title='bbox 586 899 622 956; x_wconf 89' lang='lat' dir='ltr'><strong>ad</strong></span> <span class='ocrx_word' id='word_1_57' title='bbox 637 899 760 974; x_wconf 88' lang='lat' dir='ltr'><strong>nuptias,</strong></span> <span class='ocrx_word' id='word_1_58' title='bbox 777 917 842 974; x_wconf 82' lang='lat' dir='ltr'><strong>quae</strong></span> <span class='ocrx_word' id='word_1_59' title='bbox 866 895 1036 973; x_wconf 85' lang='lat' dir='ltr'><strong>proponitur</strong></span> <span class='ocrx_word' id='word_1_60' title='bbox 1059 897 1089 953; x_wconf 92' lang='lat' dir='ltr'><strong>in</strong></span> <span class='ocrx_word' id='word_1_61' title='bbox 1103 897 1252 973; x_wconf 62' lang='lat' dir='ltr'><strong>parabola</strong></span> <span class='ocrx_word' id='word_1_62' title='bbox 1269 899 1384 958; x_wconf 84' lang='lat' dir='ltr'><strong>Mattb.</strong></span> <span class='ocrx_word' id='word_1_63' title='bbox 1406 901 1475 964; x_wconf 70' lang='lat' dir='ltr'><strong>xxii,</strong></span> 
     </span>
     <span class='ocr_line' id='line_1_8' title="bbox 274 976 1478 1059; baseline -0.005 -19"><span class='ocrx_word' id='word_1_64' title='bbox 274 983 359 1042; x_wconf 89' lang='lat' dir='ltr'><strong>docet</strong></span> <span class='ocrx_word' id='word_1_65' title='bbox 381 982 497 1059; x_wconf 90' lang='lat' dir='ltr'><strong>quidem</strong></span> <span class='ocrx_word' id='word_1_66' title='bbox 514 981 624 1056; x_wconf 85' lang='lat' dir='ltr'><strong>Regem</strong></span> <span class='ocrx_word' id='word_1_67' title='bbox 647 978 732 1053; x_wconf 87' lang='lat' dir='ltr'><strong>velle,</strong></span> <span class='ocrx_word' id='word_1_68' title='bbox 753 977 792 1035; x_wconf 90' lang='lat' dir='ltr'><strong>id.</strong></span> <span class='ocrx_word' id='word_1_69' title='bbox 813 976 968 1054; x_wconf 84' lang='lat' dir='ltr'><strong>praeciperc</strong></span> <span class='ocrx_word' id='word_1_70' title='bbox 993 984 1023 1034; x_wconf 90' lang='lat' dir='ltr'><strong>et</strong></span> <span class='ocrx_word' id='word_1_71' title='bbox 1043 985 1157 1052; x_wconf 84' lang='lat' dir='ltr'><strong>gratum</strong></span> <span class='ocrx_word' id='word_1_72' title='bbox 1181 977 1301 1051; x_wconf 88' lang='lat' dir='ltr'><strong>habere,</strong></span> <span class='ocrx_word' id='word_1_73' title='bbox 1318 987 1353 1036; x_wconf 92' lang='lat' dir='ltr'><strong>ut</strong></span> <span class='ocrx_word' id='word_1_74' title='bbox 1376 979 1478 1036; x_wconf 75' lang='lat' dir='ltr'><strong>inritas¹</strong></span> 
     </span>
     <span class='ocr_line' id='line_1_9' title="bbox 275 1054 1480 1135; baseline -0.003 -16"><span class='ocrx_word' id='word_1_75' title='bbox 275 1063 401 1133; x_wconf 88' lang='lat' dir='ltr'><strong>veniant,</strong></span> <span class='ocrx_word' id='word_1_76' title='bbox 418 1070 447 1120; x_wconf 91' lang='lat' dir='ltr'><strong>et</strong></span> <span class='ocrx_word' id='word_1_77' title='bbox 469 1062 524 1119; x_wconf 92' lang='lat' dir='ltr'><strong>hoc</strong></span> <span class='ocrx_word' id='word_1_78' title='bbox 549 1079 611 1117; x_wconf 88' lang='lat' dir='ltr'><strong>esse</strong></span> <span class='ocrx_word' id='word_1_79' title='bbox 636 1059 763 1135; x_wconf 89' lang='lat' dir='ltr'><strong>ipsorum</strong></span> <span class='ocrx_word' id='word_1_80' title='bbox 778 1057 920 1130; x_wconf 88' lang='lat' dir='ltr'><strong>officium;</strong></span> <span class='ocrx_word' id='word_1_81' title='bbox 947 1054 1005 1113; x_wconf 85' lang='lat' dir='ltr'><strong>Sed</strong></span> <span class='ocrx_word' id='word_1_82' title='bbox 1027 1076 1085 1114; x_wconf 92' lang='lat' dir='ltr'><strong>non</strong></span> <span class='ocrx_word' id='word_1_83' title='bbox 1108 1057 1221 1132; x_wconf 82' lang='lat' dir='ltr'><strong>Regem</strong></span> <span class='ocrx_word' id='word_1_84' title='bbox 1252 1058 1420 1132; x_wconf 83' lang='lat' dir='ltr'><strong>intendere,</strong></span> <span class='ocrx_word' id='word_1_85' title='bbox 1443 1061 1480 1115; x_wconf 67' lang='lat' dir='ltr'><strong>rel</strong></span> 
     </span>
     <span class='ocr_line' id='line_1_10' title="bbox 276 1136 1480 1216; baseline -0.003 -16"><span class='ocrx_word' id='word_1_86' title='bbox 276 1142 448 1214; x_wconf 84' lang='lat' dir='ltr'><strong>decrevisse,</strong></span> <span class='ocrx_word' id='word_1_87' title='bbox 464 1149 496 1199; x_wconf 91' lang='lat' dir='ltr'><strong>ut</strong></span> <span class='ocrx_word' id='word_1_88' title='bbox 510 1141 605 1216; x_wconf 85' lang='lat' dir='ltr'><strong>reipsa</strong></span> <span class='ocrx_word' id='word_1_89' title='bbox 618 1139 754 1214; x_wconf 81' lang='lat' dir='ltr'><strong>veniant;</strong></span> <span class='ocrx_word' id='word_1_90' title='bbox 778 1138 849 1194; x_wconf 87' lang='lat' dir='ltr'><strong>alias</strong></span> <span class='ocrx_word' id='word_1_91' title='bbox 864 1136 991 1194; x_wconf 87' lang='lat' dir='ltr'><strong>dedisset</strong></span> <span class='ocrx_word' id='word_1_92' title='bbox 1011 1136 1082 1212; x_wconf 91' lang='lat' dir='ltr'><strong>ipsis</strong></span> <span class='ocrx_word' id='word_1_93' title='bbox 1106 1136 1185 1194; x_wconf 88' lang='lat' dir='ltr'><strong>vires</strong></span> <span class='ocrx_word' id='word_1_94' title='bbox 1199 1136 1238 1194; x_wconf 87' lang='lat' dir='ltr'><strong>ad</strong></span> <span class='ocrx_word' id='word_1_95' title='bbox 1253 1139 1444 1212; x_wconf 72' lang='lat' dir='ltr'><strong>veniendum,</strong></span> <span class='ocrx_word' id='word_1_96' title='bbox 1458 1153 1480 1196; x_wconf 81' lang='lat' dir='ltr'><strong>et</strong></span> 
     </span>
     <span class='ocr_line' id='line_1_11' title="bbox 276 1216 1482 1295; baseline -0.002 -16"><span class='ocrx_word' id='word_1_97' title='bbox 276 1242 325 1279; x_wconf 90' lang='lat' dir='ltr'><strong>cor</strong></span> <span class='ocrx_word' id='word_1_98' title='bbox 343 1220 491 1295; x_wconf 85' lang='lat' dir='ltr'><strong>flexisset;</strong></span> <span class='ocrx_word' id='word_1_99' title='bbox 513 1219 592 1295; x_wconf 89' lang='lat' dir='ltr'><strong>quod</strong></span> <span class='ocrx_word' id='word_1_100' title='bbox 606 1239 671 1277; x_wconf 91' lang='lat' dir='ltr'><strong>cum</strong></span> <span class='ocrx_word' id='word_1_101' title='bbox 683 1238 740 1276; x_wconf 91' lang='lat' dir='ltr'><strong>non</strong></span> <span class='ocrx_word' id='word_1_102' title='bbox 754 1218 862 1290; x_wconf 88' lang='lat' dir='ltr'><strong>fecerit,</strong></span> <span class='ocrx_word' id='word_1_103' title='bbox 885 1217 907 1272; x_wconf 88' lang='lat' dir='ltr'><strong>si</strong></span> <span class='ocrx_word' id='word_1_104' title='bbox 911 1235 1001 1292; x_wconf 88' lang='lat' dir='ltr'><strong>gnum</strong></span> <span class='ocrx_word' id='word_1_105' title='bbox 1012 1224 1056 1274; x_wconf 89' lang='lat' dir='ltr'><strong>est</strong></span> <span class='ocrx_word' id='word_1_106' title='bbox 1070 1216 1263 1275; x_wconf 88' lang='lat' dir='ltr'><strong>certissimum</strong></span> <span class='ocrx_word' id='word_1_107' title='bbox 1289 1218 1425 1276; x_wconf 87' lang='lat' dir='ltr'><strong>noluisse</strong></span> <span class='ocrx_word' id='word_1_108' title='bbox 1442 1240 1482 1276; x_wconf 72' lang='lat' dir='ltr'><strong>ers</strong></span> 
     </span>
     <span class='ocr_line' id='line_1_12' title="bbox 276 1296 1481 1377; baseline -0.003 -19"><span class='ocrx_word' id='word_1_109' title='bbox 276 1301 331 1358; x_wconf 87' lang='lat' dir='ltr'><strong>hoc</strong></span> <span class='ocrx_word' id='word_1_110' title='bbox 346 1310 429 1377; x_wconf 90' lang='lat' dir='ltr'><strong>pacto</strong></span> <span class='ocrx_word' id='word_1_111' title='bbox 456 1300 565 1358; x_wconf 86' lang='lat' dir='ltr'><strong>venire.</strong></span> <span class='ocrx_word' id='word_1_112' title='bbox 608 1299 669 1357; x_wconf 91' lang='lat' dir='ltr'><strong>Nec</strong></span> <span class='ocrx_word' id='word_1_113' title='bbox 692 1297 807 1375; x_wconf 87' lang='lat' dir='ltr'><strong>quando</strong></span> <span class='ocrx_word' id='word_1_114' title='bbox 829 1296 965 1354; x_wconf 90' lang='lat' dir='ltr'><strong>dicuntur</strong></span> <span class='ocrx_word' id='word_1_115' title='bbox 992 1297 1086 1354; x_wconf 81' lang='lat' dir='ltr'><strong>omnio</strong></span> <span class='ocrx_word' id='word_1_116' title='bbox 1105 1305 1226 1372; x_wconf 84' lang='lat' dir='ltr'><strong>parata,</strong></span> <span class='ocrx_word' id='word_1_117' title='bbox 1255 1297 1330 1356; x_wconf 92' lang='lat' dir='ltr'><strong>Luc.</strong></span> <span class='ocrx_word' id='word_1_118' title='bbox 1349 1299 1413 1356; x_wconf 85' lang='lat' dir='ltr'><strong>xiv.</strong></span> <span class='ocrx_word' id='word_1_119' title='bbox 1443 1304 1481 1363; x_wconf 72' lang='lat' dir='ltr'><strong>lt.</strong></span> 
     </span>
     <span class='ocr_line' id='line_1_13' title="bbox 276 1376 1484 1453; baseline 0 -16"><span class='ocrx_word' id='word_1_120' title='bbox 276 1381 373 1438; x_wconf 90' lang='lat' dir='ltr'><strong>statim</strong></span> <span class='ocrx_word' id='word_1_121' title='bbox 389 1380 517 1438; x_wconf 89' lang='lat' dir='ltr'><strong>innuitur</strong></span> <span class='ocrx_word' id='word_1_122' title='bbox 530 1380 651 1438; x_wconf 89' lang='lat' dir='ltr'><strong>intentio</strong></span> <span class='ocrx_word' id='word_1_123' title='bbox 668 1379 722 1435; x_wconf 89' lang='lat' dir='ltr'><strong>Dei</strong></span> <span class='ocrx_word' id='word_1_124' title='bbox 737 1378 772 1436; x_wconf 91' lang='lat' dir='ltr'><strong>de</strong></span> <span class='ocrx_word' id='word_1_125' title='bbox 787 1377 882 1434; x_wconf 89' lang='lat' dir='ltr'><strong>danda</strong></span> <span class='ocrx_word' id='word_1_126' title='bbox 896 1377 966 1453; x_wconf 90' lang='lat' dir='ltr'><strong>ipsis</strong></span> <span class='ocrx_word' id='word_1_127' title='bbox 987 1376 1088 1450; x_wconf 88' lang='lat' dir='ltr'><strong>salute,</strong></span> <span class='ocrx_word' id='word_1_128' title='bbox 1112 1376 1164 1433; x_wconf 86' lang='lat' dir='ltr'><strong>sed</strong></span> <span class='ocrx_word' id='word_1_129' title='bbox 1177 1385 1291 1435; x_wconf 85' lang='lat' dir='ltr'><strong>tantum</strong></span> <span class='ocrx_word' id='word_1_130' title='bbox 1316 1378 1484 1437; x_wconf 72' lang='lat' dir='ltr'><strong>sufficientis</strong></span> 
     </span>
     <span class='ocr_line' id='line_1_14' title="bbox 278 1456 1484 1536; baseline -0.002 -17"><span class='ocrx_word' id='word_1_131' title='bbox 278 1461 416 1519; x_wconf 78' lang='lat' dir='ltr'><strong>Sacrificii</strong></span> <span class='ocrx_word' id='word_1_132' title='bbox 438 1460 554 1534; x_wconf 83' lang='lat' dir='ltr'><strong>Christi,</strong></span> <span class='ocrx_word' id='word_1_133' title='bbox 570 1460 668 1536; x_wconf 88' lang='lat' dir='ltr'><strong>quiea</strong></span> <span class='ocrx_word' id='word_1_134' title='bbox 685 1459 747 1516; x_wconf 90' lang='lat' dir='ltr'><strong>Deo</strong></span> <span class='ocrx_word' id='word_1_135' title='bbox 761 1464 938 1535; x_wconf 80' lang='lat' dir='ltr'><strong>praeparatus</strong></span> <span class='ocrx_word' id='word_1_136' title='bbox 952 1465 1004 1530; x_wconf 87' lang='lat' dir='ltr'><strong>est,</strong></span> <span class='ocrx_word' id='word_1_137' title='bbox 1020 1465 1049 1514; x_wconf 89' lang='lat' dir='ltr'><strong>et</strong></span> <span class='ocrx_word' id='word_1_138' title='bbox 1064 1456 1178 1515; x_wconf 90' lang='lat' dir='ltr'><strong>oblatus</strong></span> <span class='ocrx_word' id='word_1_139' title='bbox 1192 1457 1222 1515; x_wconf 89' lang='lat' dir='ltr'><strong>in</strong></span> <span class='ocrx_word' id='word_1_140' title='bbox 1238 1457 1337 1516; x_wconf 89' lang='lat' dir='ltr'><strong>Cruce</strong></span> <span class='ocrx_word' id='word_1_141' title='bbox 1351 1467 1484 1536; x_wconf 85' lang='lat' dir='ltr'><strong>tanquan</strong></span> 
     </span>
     <span class='ocr_line' id='line_1_15' title="bbox 277 1536 1485 1616; baseline -0.002 -17"><span class='ocrx_word' id='word_1_142' title='bbox 277 1541 404 1599; x_wconf 80' lang='lat' dir='ltr'><strong>Victima</strong></span> <span class='ocrx_word' id='word_1_143' title='bbox 417 1541 512 1598; x_wconf 91' lang='lat' dir='ltr'><strong>meriti</strong></span> <span class='ocrx_word' id='word_1_144' title='bbox 523 1539 627 1598; x_wconf 90' lang='lat' dir='ltr'><strong>infiniti</strong></span> <span class='ocrx_word' id='word_1_145' title='bbox 648 1537 685 1596; x_wconf 86' lang='lat' dir='ltr'><strong>ad</strong></span> <span class='ocrx_word' id='word_1_146' title='bbox 699 1538 843 1616; x_wconf 86' lang='lat' dir='ltr'><strong>expianda</strong></span> <span class='ocrx_word' id='word_1_147' title='bbox 857 1545 975 1614; x_wconf 90' lang='lat' dir='ltr'><strong>peccata</strong></span> <span class='ocrx_word' id='word_1_148' title='bbox 998 1536 1155 1609; x_wconf 90' lang='lat' dir='ltr'><strong>hominum,</strong></span> <span class='ocrx_word' id='word_1_149' title='bbox 1172 1545 1201 1595; x_wconf 91' lang='lat' dir='ltr'><strong>et</strong></span> <span class='ocrx_word' id='word_1_150' title='bbox 1215 1536 1255 1595; x_wconf 88' lang='lat' dir='ltr'><strong>ad</strong></span> <span class='ocrx_word' id='word_1_151' title='bbox 1278 1539 1485 1613; x_wconf 79' lang='lat' dir='ltr'><strong>acquirendam</strong></span> 
     </span>
     <span class='ocr_line' id='line_1_16' title="bbox 276 1596 1547 1695; baseline -0.002 -16"><span class='ocrx_word' id='word_1_152' title='bbox 276 1621 397 1680; x_wconf 88' lang='lat' dir='ltr'><strong>salutem</strong></span> <span class='ocrx_word' id='word_1_153' title='bbox 412 1621 546 1680; x_wconf 88' lang='lat' dir='ltr'><strong>omnibus</strong></span> <span class='ocrx_word' id='word_1_154' title='bbox 554 1639 619 1678; x_wconf 89' lang='lat' dir='ltr'><strong>eum</strong></span> <span class='ocrx_word' id='word_1_155' title='bbox 630 1627 711 1677; x_wconf 87' lang='lat' dir='ltr'><strong>veste</strong></span> <span class='ocrx_word' id='word_1_156' title='bbox 720 1617 842 1694; x_wconf 77' lang='lat' dir='ltr'><strong>nuptiali</strong></span> <span class='ocrx_word' id='word_1_157' title='bbox 851 1616 1034 1675; x_wconf 87' lang='lat' dir='ltr'><strong>venientibus</strong></span> <span class='ocrx_word' id='word_1_158' title='bbox 1045 1625 1073 1675; x_wconf 89' lang='lat' dir='ltr'><strong>ct</strong></span> <span class='ocrx_word' id='word_1_159' title='bbox 1084 1615 1324 1693; x_wconf 83' lang='lat' dir='ltr'><strong>confugientibus</strong></span> <span class='ocrx_word' id='word_1_160' title='bbox 1335 1618 1377 1676; x_wconf 83' lang='lat' dir='ltr'><strong>ad</strong></span> <span class='ocrx_word' id='word_1_161' title='bbox 1389 1619 1485 1695; x_wconf 83' lang='lat' dir='ltr'><strong>ipsum,</strong></span> <span class='ocrx_word' id='word_1_162' title='bbox 1541 1596 1547 1683; x_wconf 71' lang='lat' dir='ltr'><strong>i</strong></span> 
     </span>
     <span class='ocr_line' id='line_1_17' title="bbox 275 1695 1486 1776; baseline -0.002 -17"><span class='ocrx_word' id='word_1_163' title='bbox 275 1702 314 1760; x_wconf 93' lang='lat' dir='ltr'><strong>id.</strong></span> <span class='ocrx_word' id='word_1_164' title='bbox 330 1722 398 1760; x_wconf 85' lang='lat' dir='ltr'><strong>vere</strong></span> <span class='ocrx_word' id='word_1_165' title='bbox 421 1701 604 1760; x_wconf 88' lang='lat' dir='ltr'><strong>credentibus</strong></span> <span class='ocrx_word' id='word_1_166' title='bbox 629 1708 658 1756; x_wconf 88' lang='lat' dir='ltr'><strong>et</strong></span> <span class='ocrx_word' id='word_1_167' title='bbox 683 1697 899 1776; x_wconf 69' lang='lat' dir='ltr'><strong>poenitentibus</strong></span> <span class='ocrx_word' id='word_1_168' title='bbox 923 1717 958 1754; x_wconf 92' lang='lat' dir='ltr'><strong>ne</strong></span> <span class='ocrx_word' id='word_1_169' title='bbox 973 1696 1050 1755; x_wconf 87' lang='lat' dir='ltr'><strong>ullus</strong></span> <span class='ocrx_word' id='word_1_170' title='bbox 1072 1695 1224 1755; x_wconf 83' lang='lat' dir='ltr'><strong>dubitandi</strong></span> <span class='ocrx_word' id='word_1_171' title='bbox 1248 1696 1285 1756; x_wconf 90' lang='lat' dir='ltr'><strong>de</strong></span> <span class='ocrx_word' id='word_1_172' title='bbox 1311 1699 1486 1758; x_wconf 75' lang='lat' dir='ltr'><strong>veritatem</strong></span> 
     </span>
     <span class='ocr_line' id='line_1_18' title="bbox 273 1777 983 1860; baseline -0.008 -20"><span class='ocrx_word' id='word_1_173' title='bbox 273 1781 448 1860; x_wconf 80' lang='lat' dir='ltr'><strong>perfectione</strong></span> <span class='ocrx_word' id='word_1_174' title='bbox 461 1783 525 1858; x_wconf 88' lang='lat' dir='ltr'><strong>ejus</strong></span> <span class='ocrx_word' id='word_1_175' title='bbox 541 1778 746 1837; x_wconf 81' lang='lat' dir='ltr'><strong>satisfactionis</strong></span> <span class='ocrx_word' id='word_1_176' title='bbox 759 1779 841 1835; x_wconf 90' lang='lat' dir='ltr'><strong>Iocus</strong></span> <span class='ocrx_word' id='word_1_177' title='bbox 851 1777 983 1855; x_wconf 85' lang='lat' dir='ltr'><strong>supersit.</strong></span> 
     </span>
    </p>

    <p class='ocr_par' dir='ltr' id='par_1_6' title="bbox 272 1782 1551 3134">
     <span class='ocr_line' id='line_1_19' title="bbox 316 1782 1543 1937; baseline -0.003 -18"><span class='ocrx_word' id='word_1_178' title='bbox 316 1861 429 1919; x_wconf 85' lang='lat' dir='ltr'>XXII.</span> <span class='ocrx_word' id='word_1_179' title='bbox 452 1861 591 1934; x_wconf 83' lang='lat' dir='ltr'><strong>Quamvis</strong></span> <span class='ocrx_word' id='word_1_180' title='bbox 606 1859 726 1917; x_wconf 85' lang='lat' dir='ltr'><strong>intentio</strong></span> <span class='ocrx_word' id='word_1_181' title='bbox 752 1858 904 1915; x_wconf 83' lang='lat' dir='ltr'><strong>Pastorum</strong></span> <span class='ocrx_word' id='word_1_182' title='bbox 930 1855 1094 1914; x_wconf 87' lang='lat' dir='ltr'><strong>vocantium</strong></span> <span class='ocrx_word' id='word_1_183' title='bbox 1121 1854 1279 1914; x_wconf 88' lang='lat' dir='ltr'><strong>conformis</strong></span> <span class='ocrx_word' id='word_1_184' title='bbox 1293 1877 1364 1916; x_wconf 87' lang='lat' dir='ltr'><strong>esse</strong></span> <span class='ocrx_word' id='word_1_185' title='bbox 1390 1859 1489 1918; x_wconf 79' lang='lat' dir='ltr'><strong>debeat</strong></span> <span class='ocrx_word' id='word_1_186' title='bbox 1534 1782 1543 1937; x_wconf 59' lang='lat'><strong><em>⁴</em></strong></span> 
     </span>
     <span class='ocr_line' id='line_1_20' title="bbox 273 1936 1487 2017; baseline -0.002 -19"><span class='ocrx_word' id='word_1_187' title='bbox 273 1943 426 2000; x_wconf 89' lang='lat' dir='ltr'><strong>intentioni</strong></span> <span class='ocrx_word' id='word_1_188' title='bbox 441 1941 504 2013; x_wconf 88' lang='lat' dir='ltr'><strong>Dei,</strong></span> <span class='ocrx_word' id='word_1_189' title='bbox 521 1960 609 2017; x_wconf 85' lang='lat' dir='ltr'><strong>aquo</strong></span> <span class='ocrx_word' id='word_1_190' title='bbox 634 1940 787 1998; x_wconf 86' lang='lat' dir='ltr'><strong>mittuntur</strong></span> <span class='ocrx_word' id='word_1_191' title='bbox 810 1937 847 1994; x_wconf 90' lang='lat' dir='ltr'><strong>ad</strong></span> <span class='ocrx_word' id='word_1_192' title='bbox 869 1937 1000 1994; x_wconf 89' lang='lat' dir='ltr'><strong>homines</strong></span> <span class='ocrx_word' id='word_1_193' title='bbox 1022 1936 1186 2011; x_wconf 85' lang='lat' dir='ltr'><strong>vocandos;</strong></span> <span class='ocrx_word' id='word_1_194' title='bbox 1218 1936 1254 1993; x_wconf 94' lang='lat' dir='ltr'><strong>In</strong></span> <span class='ocrx_word' id='word_1_195' title='bbox 1277 1956 1314 1995; x_wconf 89' lang='lat' dir='ltr'><strong>eo</strong></span> <span class='ocrx_word' id='word_1_196' title='bbox 1341 1939 1429 2016; x_wconf 92' lang='lat' dir='ltr'><strong>quod</strong></span> <span class='ocrx_word' id='word_1_197' title='bbox 1453 1951 1487 1997; x_wconf 82' lang='lat' dir='ltr'><strong>te·</strong></span> 
     </span>
     <span class='ocr_line' id='line_1_21' title="bbox 273 2015 1487 2096; baseline -0.004 -16"><span class='ocrx_word' id='word_1_198' title='bbox 273 2033 378 2081; x_wconf 88' lang='lat' dir='ltr'><strong>nentur</strong></span> <span class='ocrx_word' id='word_1_199' title='bbox 398 2021 548 2080; x_wconf 84' lang='lat' dir='ltr'><strong>exordiae</strong></span> <span class='ocrx_word' id='word_1_200' title='bbox 566 2020 621 2077; x_wconf 88' lang='lat' dir='ltr'><strong>Dei</strong></span> <span class='ocrx_word' id='word_1_201' title='bbox 642 2037 740 2078; x_wconf 91' lang='lat' dir='ltr'><strong>omnes</strong></span> <span class='ocrx_word' id='word_1_202' title='bbox 755 2017 900 2076; x_wconf 83' lang='lat' dir='ltr'><strong>auditores</strong></span> <span class='ocrx_word' id='word_1_203' title='bbox 922 2037 989 2074; x_wconf 88' lang='lat' dir='ltr'><strong>suos</strong></span> <span class='ocrx_word' id='word_1_204' title='bbox 1002 2016 1164 2093; x_wconf 88' lang='lat' dir='ltr'><strong>promiscue</strong></span> <span class='ocrx_word' id='word_1_205' title='bbox 1188 2015 1315 2076; x_wconf 85' lang='lat' dir='ltr'><strong>invitare</strong></span> <span class='ocrx_word' id='word_1_206' title='bbox 1332 2019 1375 2076; x_wconf 84' lang='lat' dir='ltr'><strong>ad</strong></span> <span class='ocrx_word' id='word_1_207' title='bbox 1390 2021 1487 2096; x_wconf 84' lang='lat' dir='ltr'><strong>resipi-</strong></span> 
     </span>
     <span class='ocr_line' id='line_1_22' title="bbox 274 2095 1488 2176; baseline -0.002 -17"><span class='ocrx_word' id='word_1_208' title='bbox 274 2103 412 2159; x_wconf 84' lang='lat' dir='ltr'><strong>scentiam</strong></span> <span class='ocrx_word' id='word_1_209' title='bbox 436 2110 466 2159; x_wconf 90' lang='lat' dir='ltr'><strong>et</strong></span> <span class='ocrx_word' id='word_1_210' title='bbox 489 2101 527 2158; x_wconf 87' lang='lat' dir='ltr'><strong>ad</strong></span> <span class='ocrx_word' id='word_1_211' title='bbox 547 2100 642 2174; x_wconf 87' lang='lat' dir='ltr'><strong>fidem,</strong></span> <span class='ocrx_word' id='word_1_212' title='bbox 666 2108 803 2174; x_wconf 87' lang='lat' dir='ltr'><strong>tanquam</strong></span> <span class='ocrx_word' id='word_1_213' title='bbox 827 2098 942 2154; x_wconf 87' lang='lat' dir='ltr'><strong>unicam</strong></span> <span class='ocrx_word' id='word_1_214' title='bbox 967 2096 1068 2154; x_wconf 88' lang='lat' dir='ltr'><strong>salutis</strong></span> <span class='ocrx_word' id='word_1_215' title='bbox 1090 2096 1177 2172; x_wconf 84' lang='lat' dir='ltr'><strong>viam,</strong></span> <span class='ocrx_word' id='word_1_216' title='bbox 1198 2105 1228 2153; x_wconf 89' lang='lat' dir='ltr'><strong>et</strong></span> <span class='ocrx_word' id='word_1_217' title='bbox 1252 2095 1299 2156; x_wconf 90' lang='lat' dir='ltr'><strong>bis</strong></span> <span class='ocrx_word' id='word_1_218' title='bbox 1322 2100 1436 2176; x_wconf 84' lang='lat' dir='ltr'><strong>positis</strong></span> <span class='ocrx_word' id='word_1_219' title='bbox 1456 2101 1488 2157; x_wconf 79' lang='lat' dir='ltr'><strong>ad</strong></span> 
     </span>
     <span class='ocr_line' id='line_1_23' title="bbox 275 2175 1551 2257; baseline -0.001 -17"><span class='ocrx_word' id='word_1_220' title='bbox 275 2182 419 2256; x_wconf 88' lang='lat' dir='ltr'><strong>salutem;</strong></span> <span class='ocrx_word' id='word_1_221' title='bbox 443 2188 472 2238; x_wconf 90' lang='lat' dir='ltr'><strong>ct</strong></span> <span class='ocrx_word' id='word_1_222' title='bbox 496 2179 574 2257; x_wconf 90' lang='lat' dir='ltr'><strong>quod</strong></span> <span class='ocrx_word' id='word_1_223' title='bbox 598 2199 656 2237; x_wconf 93' lang='lat' dir='ltr'><strong>non</strong></span> <span class='ocrx_word' id='word_1_224' title='bbox 676 2178 755 2236; x_wconf 89' lang='lat' dir='ltr'><strong>aliud</strong></span> <span class='ocrx_word' id='word_1_225' title='bbox 774 2177 924 2235; x_wconf 90' lang='lat' dir='ltr'><strong>intendere</strong></span> <span class='ocrx_word' id='word_1_226' title='bbox 947 2176 1062 2252; x_wconf 87' lang='lat' dir='ltr'><strong>debent,</strong></span> <span class='ocrx_word' id='word_1_227' title='bbox 1088 2195 1174 2252; x_wconf 89' lang='lat' dir='ltr'><strong>quam</strong></span> <span class='ocrx_word' id='word_1_228' title='bbox 1195 2175 1409 2238; x_wconf 88' lang='lat' dir='ltr'><strong>collectionem</strong></span> <span class='ocrx_word' id='word_1_229' title='bbox 1436 2182 1488 2238; x_wconf 83' lang='lat' dir='ltr'><strong>Ee-</strong></span> <span class='ocrx_word' id='word_1_230' title='bbox 1550 2219 1551 2222; x_wconf 59' lang='lat'><em>=</em></span> 
     </span>
     <span class='ocr_line' id='line_1_24' title="bbox 272 2255 1488 2334; baseline 0.001 -16"><span class='ocrx_word' id='word_1_231' title='bbox 272 2261 376 2334; x_wconf 83' lang='lat' dir='ltr'><strong>elesiae,</strong></span> <span class='ocrx_word' id='word_1_232' title='bbox 394 2279 444 2317; x_wconf 86' lang='lat' dir='ltr'><strong>seu</strong></span> <span class='ocrx_word' id='word_1_233' title='bbox 459 2259 580 2318; x_wconf 90' lang='lat' dir='ltr'><strong>salutem</strong></span> <span class='ocrx_word' id='word_1_234' title='bbox 603 2260 779 2334; x_wconf 88' lang='lat' dir='ltr'><strong>Electorurn,</strong></span> <span class='ocrx_word' id='word_1_235' title='bbox 795 2258 832 2314; x_wconf 89' lang='lat' dir='ltr'><strong>ad</strong></span> <span class='ocrx_word' id='word_1_236' title='bbox 853 2276 940 2333; x_wconf 90' lang='lat' dir='ltr'><strong>quam</strong></span> <span class='ocrx_word' id='word_1_237' title='bbox 960 2255 1166 2315; x_wconf 84' lang='lat' dir='ltr'><strong>conficiendam</strong></span> <span class='ocrx_word' id='word_1_238' title='bbox 1188 2263 1256 2314; x_wconf 89' lang='lat' dir='ltr'><strong>sunt</strong></span> <span class='ocrx_word' id='word_1_239' title='bbox 1285 2255 1347 2316; x_wconf 88' lang='lat' dir='ltr'><strong>Dei</strong></span> <span class='ocrx_word' id='word_1_240' title='bbox 1369 2271 1488 2331; x_wconf 50' lang='lat' dir='ltr'><strong>emina:</strong></span> 
     </span>
     <span class='ocr_line' id='line_1_25' title="bbox 274 2335 1489 2415; baseline 0 -19"><span class='ocrx_word' id='word_1_241' title='bbox 274 2339 383 2396; x_wconf 85' lang='lat' dir='ltr'><strong>Tamen</strong></span> <span class='ocrx_word' id='word_1_242' title='bbox 398 2339 427 2395; x_wconf 92' lang='lat' dir='ltr'><strong>in</strong></span> <span class='ocrx_word' id='word_1_243' title='bbox 442 2358 476 2396; x_wconf 91' lang='lat' dir='ltr'><strong>eo</strong></span> <span class='ocrx_word' id='word_1_244' title='bbox 501 2339 587 2396; x_wconf 90' lang='lat' dir='ltr'><strong>etiam</strong></span> <span class='ocrx_word' id='word_1_245' title='bbox 603 2338 746 2412; x_wconf 84' lang='lat' dir='ltr'><strong>differunt,</strong></span> <span class='ocrx_word' id='word_1_246' title='bbox 762 2336 840 2415; x_wconf 94' lang='lat' dir='ltr'><strong>quod</strong></span> <span class='ocrx_word' id='word_1_247' title='bbox 865 2337 944 2394; x_wconf 87' lang='lat' dir='ltr'><strong>Deus</strong></span> <span class='ocrx_word' id='word_1_248' title='bbox 969 2336 1125 2394; x_wconf 90' lang='lat' dir='ltr'><strong>omniscius</strong></span> <span class='ocrx_word' id='word_1_249' title='bbox 1145 2335 1280 2395; x_wconf 90' lang='lat' dir='ltr'><strong>distincte</strong></span> <span class='ocrx_word' id='word_1_250' title='bbox 1301 2339 1395 2396; x_wconf 86' lang='lat' dir='ltr'><strong>novit</strong></span> <span class='ocrx_word' id='word_1_251' title='bbox 1420 2339 1489 2398; x_wconf 84' lang='lat' dir='ltr'><strong>inter</strong></span> 
     </span>
     <span class='ocr_line' id='line_1_26' title="bbox 273 2416 1547 2493; baseline 0.001 -18"><span class='ocrx_word' id='word_1_252' title='bbox 273 2417 419 2476; x_wconf 87' lang='lat' dir='ltr'><strong>auditores</strong></span> <span class='ocrx_word' id='word_1_253' title='bbox 435 2417 598 2492; x_wconf 82' lang='lat' dir='ltr'><strong>Evangelii,</strong></span> <span class='ocrx_word' id='word_1_254' title='bbox 614 2417 731 2493; x_wconf 87' lang='lat' dir='ltr'><strong>quinam</strong></span> <span class='ocrx_word' id='word_1_255' title='bbox 746 2418 804 2476; x_wconf 89' lang='lat' dir='ltr'><strong>sint</strong></span> <span class='ocrx_word' id='word_1_256' title='bbox 827 2417 929 2491; x_wconf 80' lang='lat' dir='ltr'><strong>ElectI,</strong></span> <span class='ocrx_word' id='word_1_257' title='bbox 954 2425 983 2474; x_wconf 91' lang='lat' dir='ltr'><strong>et</strong></span> <span class='ocrx_word' id='word_1_258' title='bbox 1003 2417 1120 2492; x_wconf 85' lang='lat' dir='ltr'><strong>quinam</strong></span> <span class='ocrx_word' id='word_1_259' title='bbox 1142 2416 1280 2492; x_wconf 87' lang='lat' dir='ltr'><strong>Reprobi.</strong></span> <span class='ocrx_word' id='word_1_260' title='bbox 1326 2417 1409 2477; x_wconf 89' lang='lat' dir='ltr'><strong>Illos</strong></span> <span class='ocrx_word' id='word_1_261' title='bbox 1424 2441 1488 2476; x_wconf 78' lang='lat' dir='ltr'><strong>vero</strong></span> <span class='ocrx_word' id='word_1_262' title='bbox 1542 2484 1547 2493; x_wconf 44' lang='grc' dir='ltr'>Ι</span> 
     </span>
     <span class='ocr_line' id='line_1_27' title="bbox 274 2495 1547 2572; baseline -0.002 -15"><span class='ocrx_word' id='word_1_263' title='bbox 274 2499 351 2557; x_wconf 88' lang='lat' dir='ltr'><strong>solos</strong></span> <span class='ocrx_word' id='word_1_264' title='bbox 359 2497 507 2572; x_wconf 87' lang='lat' dir='ltr'><strong>sigillatim</strong></span> <span class='ocrx_word' id='word_1_265' title='bbox 514 2497 585 2554; x_wconf 88' lang='lat' dir='ltr'><strong>velit</strong></span> <span class='ocrx_word' id='word_1_266' title='bbox 595 2517 718 2570; x_wconf 90' lang='lat' dir='ltr'><strong>servare,</strong></span> <span class='ocrx_word' id='word_1_267' title='bbox 726 2497 797 2555; x_wconf 89' lang='lat' dir='ltr'><strong>istos</strong></span> <span class='ocrx_word' id='word_1_268' title='bbox 808 2517 876 2555; x_wconf 92' lang='lat' dir='ltr'><strong>vero</strong></span> <span class='ocrx_word' id='word_1_269' title='bbox 886 2515 952 2555; x_wconf 92' lang='lat' dir='ltr'><strong>non.</strong></span> <span class='ocrx_word' id='word_1_270' title='bbox 969 2496 1097 2554; x_wconf 88' lang='lat' dir='ltr'><strong>Ministri</strong></span> <span class='ocrx_word' id='word_1_271' title='bbox 1106 2515 1174 2554; x_wconf 89' lang='lat' dir='ltr'><strong>vero</strong></span> <span class='ocrx_word' id='word_1_272' title='bbox 1186 2495 1320 2555; x_wconf 88' lang='lat' dir='ltr'><strong>destituti</strong></span> <span class='ocrx_word' id='word_1_273' title='bbox 1333 2498 1389 2556; x_wconf 84' lang='lat' dir='ltr'><strong>illa</strong></span> <span class='ocrx_word' id='word_1_274' title='bbox 1399 2501 1489 2557; x_wconf 86' lang='lat' dir='ltr'><strong>scien·</strong></span> <span class='ocrx_word' id='word_1_275' title='bbox 1541 2522 1547 2555; x_wconf 94' lang='grc' dir='ltr'>ι</span> 
     </span>
     <span class='ocr_line' id='line_1_28' title="bbox 273 2576 1550 2653; baseline -0.002 -15"><span class='ocrx_word' id='word_1_276' title='bbox 273 2579 314 2638; x_wconf 88' lang='lat' dir='ltr'><strong>tia</strong></span> <span class='ocrx_word' id='word_1_277' title='bbox 328 2577 460 2636; x_wconf 88' lang='lat' dir='ltr'><strong>nesciunt</strong></span> <span class='ocrx_word' id='word_1_278' title='bbox 484 2595 607 2653; x_wconf 90' lang='lat' dir='ltr'><strong>qnorum</strong></span> <span class='ocrx_word' id='word_1_279' title='bbox 629 2577 715 2635; x_wconf 89' lang='lat' dir='ltr'><strong>saluti</strong></span> <span class='ocrx_word' id='word_1_280' title='bbox 737 2597 886 2636; x_wconf 88' lang='lat' dir='ltr'><strong>cessurum</strong></span> <span class='ocrx_word' id='word_1_281' title='bbox 901 2577 938 2634; x_wconf 91' lang='lat' dir='ltr'><strong>sit</strong></span> <span class='ocrx_word' id='word_1_282' title='bbox 962 2576 1152 2634; x_wconf 87' lang='lat' dir='ltr'><strong>ministerium</strong></span> <span class='ocrx_word' id='word_1_283' title='bbox 1167 2595 1260 2650; x_wconf 90' lang='lat' dir='ltr'><strong>sunm,</strong></span> <span class='ocrx_word' id='word_1_284' title='bbox 1276 2597 1339 2634; x_wconf 90' lang='lat' dir='ltr'><strong>non</strong></span> <span class='ocrx_word' id='word_1_285' title='bbox 1356 2579 1489 2638; x_wconf 79' lang='lat' dir='ltr'><strong>valentes</strong></span> <span class='ocrx_word' id='word_1_286' title='bbox 1549 2579 1550 2630; x_wconf 68' lang='lat' dir='ltr'><strong>l</strong></span> 
     </span>
     <span class='ocr_line' id='line_1_29' title="bbox 273 2657 1490 2735; baseline -0.001 -18"><span class='ocrx_word' id='word_1_287' title='bbox 273 2659 451 2735; x_wconf 83' lang='lat' dir='ltr'><strong>distinguere</strong></span> <span class='ocrx_word' id='word_1_288' title='bbox 474 2657 548 2716; x_wconf 90' lang='lat' dir='ltr'><strong>inter</strong></span> <span class='ocrx_word' id='word_1_289' title='bbox 573 2657 690 2716; x_wconf 89' lang='lat' dir='ltr'><strong>Electos</strong></span> <span class='ocrx_word' id='word_1_290' title='bbox 712 2666 741 2716; x_wconf 90' lang='lat' dir='ltr'><strong>et</strong></span> <span class='ocrx_word' id='word_1_291' title='bbox 764 2658 923 2733; x_wconf 81' lang='lat' dir='ltr'><strong>Reprobas,</strong></span> <span class='ocrx_word' id='word_1_292' title='bbox 950 2658 1022 2715; x_wconf 90' lang='lat' dir='ltr'><strong>bene</strong></span> <span class='ocrx_word' id='word_1_293' title='bbox 1043 2658 1204 2714; x_wconf 87' lang='lat' dir='ltr'><strong>ominantes</strong></span> <span class='ocrx_word' id='word_1_294' title='bbox 1225 2677 1261 2714; x_wconf 85' lang='lat' dir='ltr'><strong>ex</strong></span> <span class='ocrx_word' id='word_1_295' title='bbox 1284 2658 1437 2718; x_wconf 84' lang='lat' dir='ltr'><strong>charitate</strong></span> <span class='ocrx_word' id='word_1_296' title='bbox 1457 2661 1490 2717; x_wconf 83' lang='lat' dir='ltr'><strong>de</strong></span> 
     </span>
     <span class='ocr_line' id='line_1_30' title="bbox 273 2736 1489 2815; baseline -0.002 -16"><span class='ocrx_word' id='word_1_297' title='bbox 273 2739 415 2804; x_wconf 87' lang='lat' dir='ltr'><strong>omnibus,</strong></span> <span class='ocrx_word' id='word_1_298' title='bbox 431 2759 483 2796; x_wconf 90' lang='lat' dir='ltr'><strong>nec</strong></span> <span class='ocrx_word' id='word_1_299' title='bbox 493 2737 632 2796; x_wconf 88' lang='lat' dir='ltr'><strong>audentes</strong></span> <span class='ocrx_word' id='word_1_300' title='bbox 643 2737 774 2815; x_wconf 88' lang='lat' dir='ltr'><strong>judicare</strong></span> <span class='ocrx_word' id='word_1_301' title='bbox 789 2737 825 2796; x_wconf 90' lang='lat' dir='ltr'><strong>de</strong></span> <span class='ocrx_word' id='word_1_302' title='bbox 840 2737 1010 2814; x_wconf 87' lang='lat' dir='ltr'><strong>cujusquam</strong></span> <span class='ocrx_word' id='word_1_303' title='bbox 1022 2736 1230 2814; x_wconf 87' lang='lat' dir='ltr'><strong>reprobatione.</strong></span> <span class='ocrx_word' id='word_1_304' title='bbox 1273 2736 1350 2796; x_wconf 90' lang='lat' dir='ltr'><strong>Ideo</strong></span> <span class='ocrx_word' id='word_1_305' title='bbox 1366 2742 1489 2815; x_wconf 64' lang='lat' dir='ltr'><strong>promis</strong></span> 
     </span>
     <span class='ocr_line' id='line_1_31' title="bbox 273 2816 1488 2893; baseline -0.003 -13"><span class='ocrx_word' id='word_1_306' title='bbox 273 2842 326 2880; x_wconf 89' lang='lat' dir='ltr'><strong>cue</strong></span> <span class='ocrx_word' id='word_1_307' title='bbox 347 2831 377 2879; x_wconf 89' lang='lat' dir='ltr'><strong>et</strong></span> <span class='ocrx_word' id='word_1_308' title='bbox 400 2819 649 2878; x_wconf 87' lang='lat' dir='ltr'><strong>indiscriminatim</strong></span> <span class='ocrx_word' id='word_1_309' title='bbox 675 2837 773 2876; x_wconf 90' lang='lat' dir='ltr'><strong>omnes</strong></span> <span class='ocrx_word' id='word_1_310' title='bbox 795 2817 923 2875; x_wconf 88' lang='lat' dir='ltr'><strong>Vocatos</strong></span> <span class='ocrx_word' id='word_1_311' title='bbox 945 2818 1130 2893; x_wconf 87' lang='lat' dir='ltr'><strong>alloquuntur</strong></span> <span class='ocrx_word' id='word_1_312' title='bbox 1144 2816 1231 2874; x_wconf 87' lang='lat' dir='ltr'><strong>etiarn</strong></span> <span class='ocrx_word' id='word_1_313' title='bbox 1246 2837 1284 2873; x_wconf 80' lang='lat' dir='ltr'><strong>ex</strong></span> <span class='ocrx_word' id='word_1_314' title='bbox 1300 2818 1409 2878; x_wconf 88' lang='lat' dir='ltr'><strong>ordine</strong></span> <span class='ocrx_word' id='word_1_315' title='bbox 1428 2821 1488 2892; x_wconf 79' lang='lat' dir='ltr'><strong>Ilei,</strong></span> 
     </span>
     <span class='ocr_line' id='line_1_32' title="bbox 273 2895 1492 2974; baseline -0.002 -15"><span class='ocrx_word' id='word_1_316' title='bbox 273 2921 331 2959; x_wconf 89' lang='lat' dir='ltr'><strong>non</strong></span> <span class='ocrx_word' id='word_1_317' title='bbox 343 2901 463 2959; x_wconf 84' lang='lat' dir='ltr'><strong>aliorum</strong></span> <span class='ocrx_word' id='word_1_318' title='bbox 472 2910 568 2958; x_wconf 90' lang='lat' dir='ltr'><strong>tamen</strong></span> <span class='ocrx_word' id='word_1_319' title='bbox 579 2898 700 2956; x_wconf 87' lang='lat' dir='ltr'><strong>salutern</strong></span> <span class='ocrx_word' id='word_1_320' title='bbox 710 2897 894 2971; x_wconf 64' lang='lat' dir='ltr'><strong>intendenda</strong></span> <span class='ocrx_word' id='word_1_321' title='bbox 907 2917 992 2974; x_wconf 86' lang='lat' dir='ltr'><strong>quam</strong></span> <span class='ocrx_word' id='word_1_322' title='bbox 1010 2897 1175 2955; x_wconf 87' lang='lat' dir='ltr'><strong>Electorum</strong></span> <span class='ocrx_word' id='word_1_323' title='bbox 1190 2895 1336 2955; x_wconf 85' lang='lat' dir='ltr'><strong>adinstar</strong></span> <span class='ocrx_word' id='word_1_324' title='bbox 1354 2899 1424 2957; x_wconf 84' lang='lat' dir='ltr'><strong>Uei.</strong></span> <span class='ocrx_word' id='word_1_325' title='bbox 1450 2901 1492 2958; x_wconf 82' lang='lat' dir='ltr'><strong>Ira</strong></span> 
     </span>
     <span class='ocr_line' id='line_1_33' title="bbox 273 2975 1489 3055; baseline -0.002 -16"><span class='ocrx_word' id='word_1_326' title='bbox 273 2982 346 3039; x_wconf 90' lang='lat' dir='ltr'><strong>nihil</strong></span> <span class='ocrx_word' id='word_1_327' title='bbox 361 2981 391 3038; x_wconf 94' lang='lat' dir='ltr'><strong>in</strong></span> <span class='ocrx_word' id='word_1_328' title='bbox 405 2981 460 3037; x_wconf 92' lang='lat' dir='ltr'><strong>hoc</strong></span> <span class='ocrx_word' id='word_1_329' title='bbox 475 2979 633 3038; x_wconf 84' lang='lat' dir='ltr'><strong>ministerio</strong></span> <span class='ocrx_word' id='word_1_330' title='bbox 648 2987 795 3054; x_wconf 79' lang='lat' dir='ltr'><strong>praestant,</strong></span> <span class='ocrx_word' id='word_1_331' title='bbox 811 2976 890 3054; x_wconf 93' lang='lat' dir='ltr'><strong>quod</strong></span> <span class='ocrx_word' id='word_1_332' title='bbox 910 2997 967 3035; x_wconf 92' lang='lat' dir='ltr'><strong>non</strong></span> <span class='ocrx_word' id='word_1_333' title='bbox 982 2976 1162 3055; x_wconf 85' lang='lat' dir='ltr'><strong>respondeat,</strong></span> <span class='ocrx_word' id='word_1_334' title='bbox 1179 2985 1208 3033; x_wconf 88' lang='lat' dir='ltr'><strong>et</strong></span> <span class='ocrx_word' id='word_1_335' title='bbox 1232 2975 1385 3049; x_wconf 87' lang='lat' dir='ltr'><strong>mandato,</strong></span> <span class='ocrx_word' id='word_1_336' title='bbox 1404 2991 1436 3038; x_wconf 86' lang='lat' dir='ltr'><strong>et</strong></span> <span class='ocrx_word' id='word_1_337' title='bbox 1450 2981 1489 3037; x_wconf 93' lang='lat' dir='ltr'><strong>in·</strong></span> 
     </span>
     <span class='ocr_line' id='line_1_34' title="bbox 275 3056 1489 3134; baseline 0.002 -15"><span class='ocrx_word' id='word_1_338' title='bbox 275 3061 394 3120; x_wconf 90' lang='lat' dir='ltr'><strong>tentioni</strong></span> <span class='ocrx_word' id='word_1_339' title='bbox 409 3060 482 3134; x_wconf 89' lang='lat' dir='ltr'><strong>Dci;</strong></span> <span class='ocrx_word' id='word_1_340' title='bbox 504 3060 572 3118; x_wconf 92' lang='lat' dir='ltr'><strong>licet</strong></span> <span class='ocrx_word' id='word_1_341' title='bbox 595 3059 674 3116; x_wconf 89' lang='lat' dir='ltr'><strong>Deus</strong></span> <span class='ocrx_word' id='word_1_342' title='bbox 690 3058 806 3116; x_wconf 90' lang='lat' dir='ltr'><strong>Decreti</strong></span> <span class='ocrx_word' id='word_1_343' title='bbox 828 3057 872 3115; x_wconf 89' lang='lat' dir='ltr'><strong>sui</strong></span> <span class='ocrx_word' id='word_1_344' title='bbox 887 3057 1027 3132; x_wconf 88' lang='lat' dir='ltr'><strong>conscius,</strong></span> <span class='ocrx_word' id='word_1_345' title='bbox 1052 3056 1172 3115; x_wconf 88' lang='lat' dir='ltr'><strong>ulterius</strong></span> <span class='ocrx_word' id='word_1_346' title='bbox 1186 3056 1257 3132; x_wconf 89' lang='lat' dir='ltr'><strong>ipsis</strong></span> <span class='ocrx_word' id='word_1_347' title='bbox 1271 3060 1489 3134; x_wconf 83' lang='lat' dir='ltr'><strong>progrediatur.</strong></span> 
     </span>
    </p>

    <p class='ocr_par' dir='ltr' id='par_1_7' title="bbox 234 3137 1489 3293">
     <span class='ocr_line' id='line_1_35' title="bbox 234 3137 1489 3212; baseline -0.005 -10"><span class='ocrx_word' id='word_1_348' title='bbox 234 3191 247 3202; x_wconf 83' lang='grc'>.</span> <span class='ocrx_word' id='word_1_349' title='bbox 275 3152 304 3200; x_wconf 88' lang='lat' dir='ltr'><strong>et</strong></span> <span class='ocrx_word' id='word_1_350' title='bbox 318 3141 452 3198; x_wconf 89' lang='lat' dir='ltr'><strong>distincte</strong></span> <span class='ocrx_word' id='word_1_351' title='bbox 467 3141 570 3197; x_wconf 89' lang='lat' dir='ltr'><strong>horum</strong></span> <span class='ocrx_word' id='word_1_352' title='bbox 584 3139 633 3197; x_wconf 90' lang='lat' dir='ltr'><strong>vel</strong></span> <span class='ocrx_word' id='word_1_353' title='bbox 657 3139 772 3197; x_wconf 89' lang='lat' dir='ltr'><strong>illorum</strong></span> <span class='ocrx_word' id='word_1_354' title='bbox 787 3138 1005 3196; x_wconf 83' lang='lat' dir='ltr'><strong>conversionem</strong></span> <span class='ocrx_word' id='word_1_355' title='bbox 1020 3145 1048 3196; x_wconf 90' lang='lat' dir='ltr'><strong>et</strong></span> <span class='ocrx_word' id='word_1_356' title='bbox 1070 3137 1200 3212; x_wconf 86' lang='lat' dir='ltr'><strong>salutem,</strong></span> <span class='ocrx_word' id='word_1_357' title='bbox 1216 3137 1264 3194; x_wconf 89' lang='lat' dir='ltr'><strong>vel</strong></span> <span class='ocrx_word' id='word_1_358' title='bbox 1276 3137 1489 3198; x_wconf 85' lang='lat' dir='ltr'><strong>inexcusabili-</strong></span> 
     </span>
     <span class='ocr_line' id='line_1_36' title="bbox 274 3219 527 3293; baseline -0.008 -13"><span class='ocrx_word' id='word_1_359' title='bbox 274 3229 371 3293; x_wconf 89' lang='lat' dir='ltr'><strong>tatem,</strong></span> <span class='ocrx_word' id='word_1_360' title='bbox 388 3219 527 3278; x_wconf 88' lang='lat' dir='ltr'><strong>intendat.</strong></span> 
     </span>
    </p>

    <p class='ocr_par' dir='ltr' id='par_1_8' title="bbox 278 3296 1552 4412">
     <span class='ocr_line' id='line_1_37' title="bbox 318 3296 1490 3375; baseline 0.001 -20"><span class='ocrx_word' id='word_1_361' title='bbox 318 3300 447 3356; x_wconf 85' lang='lat' dir='ltr'>XXIII.</span> <span class='ocrx_word' id='word_1_362' title='bbox 471 3299 683 3358; x_wconf 87' lang='lat' dir='ltr'><strong>Consolationis</strong></span> <span class='ocrx_word' id='word_1_363' title='bbox 711 3297 929 3356; x_wconf 79' lang='lat' dir='ltr'><strong>fundamentum</strong></span> <span class='ocrx_word' id='word_1_364' title='bbox 963 3317 1021 3355; x_wconf 92' lang='lat' dir='ltr'><strong>non</strong></span> <span class='ocrx_word' id='word_1_365' title='bbox 1055 3296 1246 3355; x_wconf 86' lang='lat' dir='ltr'><strong>labefactatur</strong></span> <span class='ocrx_word' id='word_1_366' title='bbox 1279 3297 1311 3354; x_wconf 90' lang='lat' dir='ltr'><strong>in</strong></span> <span class='ocrx_word' id='word_1_367' title='bbox 1340 3302 1490 3375; x_wconf 79' lang='lat' dir='ltr'><strong>praeconio</strong></span> 
     </span>
     <span class='ocr_line' id='line_1_38' title="bbox 278 3376 1490 3456; baseline 0 -20"><span class='ocrx_word' id='word_1_368' title='bbox 278 3379 440 3454; x_wconf 86' lang='lat' dir='ltr'><strong>Evangelii,</strong></span> <span class='ocrx_word' id='word_1_369' title='bbox 467 3379 521 3436; x_wconf 89' lang='lat' dir='ltr'><strong>ctsi</strong></span> <span class='ocrx_word' id='word_1_370' title='bbox 536 3380 667 3456; x_wconf 84' lang='lat' dir='ltr'><strong>quaedam</strong></span> <span class='ocrx_word' id='word_1_371' title='bbox 683 3380 720 3437; x_wconf 88' lang='lat' dir='ltr'><strong>sit</strong></span> <span class='ocrx_word' id='word_1_372' title='bbox 740 3379 893 3436; x_wconf 88' lang='lat' dir='ltr'><strong>diversitas</strong></span> <span class='ocrx_word' id='word_1_373' title='bbox 918 3378 993 3435; x_wconf 89' lang='lat' dir='ltr'><strong>inter</strong></span> <span class='ocrx_word' id='word_1_374' title='bbox 1007 3377 1194 3435; x_wconf 88' lang='lat' dir='ltr'><strong>intentionem</strong></span> <span class='ocrx_word' id='word_1_375' title='bbox 1222 3376 1277 3434; x_wconf 88' lang='lat' dir='ltr'><strong>Dei</strong></span> <span class='ocrx_word' id='word_1_376' title='bbox 1302 3387 1332 3436; x_wconf 91' lang='lat' dir='ltr'><strong>et</strong></span> <span class='ocrx_word' id='word_1_377' title='bbox 1350 3379 1490 3438; x_wconf 84' lang='lat' dir='ltr'><strong>blinistri.</strong></span> 
     </span>
     <span class='ocr_line' id='line_1_39' title="bbox 279 3449 1552 3534; baseline 0.002 -20"><span class='ocrx_word' id='word_1_378' title='bbox 279 3457 353 3531; x_wconf 87' lang='lat' dir='ltr'><strong>Quia</strong></span> <span class='ocrx_word' id='word_1_379' title='bbox 368 3456 472 3516; x_wconf 88' lang='lat' dir='ltr'><strong>sufficit</strong></span> <span class='ocrx_word' id='word_1_380' title='bbox 485 3459 523 3515; x_wconf 91' lang='lat' dir='ltr'><strong>ad</strong></span> <span class='ocrx_word' id='word_1_381' title='bbox 537 3479 600 3517; x_wconf 89' lang='lat' dir='ltr'><strong>earn</strong></span> <span class='ocrx_word' id='word_1_382' title='bbox 616 3458 801 3530; x_wconf 86' lang='lat' dir='ltr'><strong>fundendam,</strong></span> <span class='ocrx_word' id='word_1_383' title='bbox 817 3457 895 3534; x_wconf 92' lang='lat' dir='ltr'><strong>quod</strong></span> <span class='ocrx_word' id='word_1_384' title='bbox 906 3458 1080 3515; x_wconf 87' lang='lat' dir='ltr'><strong>conveniant</strong></span> <span class='ocrx_word' id='word_1_385' title='bbox 1095 3457 1123 3514; x_wconf 92' lang='lat' dir='ltr'><strong>in</strong></span> <span class='ocrx_word' id='word_1_386' title='bbox 1139 3457 1267 3532; x_wconf 80' lang='lat' dir='ltr'><strong>generali</strong></span> <span class='ocrx_word' id='word_1_387' title='bbox 1281 3456 1450 3519; x_wconf 86' lang='lat' dir='ltr'><strong>intentione</strong></span> <span class='ocrx_word' id='word_1_388' title='bbox 1465 3473 1491 3518; x_wconf 87' lang='lat' dir='ltr'><strong>ct</strong></span> <span class='ocrx_word' id='word_1_389' title='bbox 1550 3449 1552 3472; x_wconf 87' lang='lat'>&#39;</span> 
     </span>
     <span class='ocr_line' id='line_1_40' title="bbox 278 3537 1490 3613; baseline 0.005 -21"><span class='ocrx_word' id='word_1_390' title='bbox 278 3537 413 3613; x_wconf 88' lang='lat' dir='ltr'><strong>primario</strong></span> <span class='ocrx_word' id='word_1_391' title='bbox 428 3557 514 3612; x_wconf 87' lang='lat' dir='ltr'><strong>scopo</strong></span> <span class='ocrx_word' id='word_1_392' title='bbox 529 3537 685 3613; x_wconf 85' lang='lat' dir='ltr'><strong>colligendi</strong></span> <span class='ocrx_word' id='word_1_393' title='bbox 703 3538 765 3595; x_wconf 89' lang='lat' dir='ltr'><strong>Deo</strong></span> <span class='ocrx_word' id='word_1_394' title='bbox 781 3538 950 3610; x_wconf 87' lang='lat' dir='ltr'><strong>Ecclesiam,</strong></span> <span class='ocrx_word' id='word_1_395' title='bbox 966 3557 1051 3613; x_wconf 89' lang='lat' dir='ltr'><strong>quam</strong></span> <span class='ocrx_word' id='word_1_396' title='bbox 1068 3537 1228 3594; x_wconf 86' lang='lat' dir='ltr'><strong>sanctificet</strong></span> <span class='ocrx_word' id='word_1_397' title='bbox 1243 3546 1272 3594; x_wconf 88' lang='lat' dir='ltr'><strong>et</strong></span> <span class='ocrx_word' id='word_1_398' title='bbox 1286 3538 1447 3612; x_wconf 85' lang='lat' dir='ltr'><strong>glorificet,</strong></span> <span class='ocrx_word' id='word_1_399' title='bbox 1463 3553 1490 3598; x_wconf 85' lang='lat' dir='ltr'><strong>et</strong></span> 
     </span>
     <span class='ocr_line' id='line_1_41' title="bbox 280 3614 1491 3692; baseline 0.005 -20"><span class='ocrx_word' id='word_1_400' title='bbox 280 3614 403 3672; x_wconf 87' lang='lat' dir='ltr'><strong>vocandi</strong></span> <span class='ocrx_word' id='word_1_401' title='bbox 417 3615 446 3671; x_wconf 92' lang='lat' dir='ltr'><strong>in</strong></span> <span class='ocrx_word' id='word_1_402' title='bbox 462 3635 526 3672; x_wconf 90' lang='lat' dir='ltr'><strong>eum</strong></span> <span class='ocrx_word' id='word_1_403' title='bbox 541 3617 628 3674; x_wconf 88' lang='lat' dir='ltr'><strong>finem</strong></span> <span class='ocrx_word' id='word_1_404' title='bbox 650 3617 686 3672; x_wconf 89' lang='lat' dir='ltr'><strong>ad</strong></span> <span class='ocrx_word' id='word_1_405' title='bbox 702 3617 823 3675; x_wconf 87' lang='lat' dir='ltr'><strong>salutern</strong></span> <span class='ocrx_word' id='word_1_406' title='bbox 838 3637 938 3675; x_wconf 90' lang='lat' dir='ltr'><strong>omues</strong></span> <span class='ocrx_word' id='word_1_407' title='bbox 954 3617 1153 3692; x_wconf 87' lang='lat' dir='ltr'><strong>resipiscentes</strong></span> <span class='ocrx_word' id='word_1_408' title='bbox 1178 3625 1207 3675; x_wconf 89' lang='lat' dir='ltr'><strong>et</strong></span> <span class='ocrx_word' id='word_1_409' title='bbox 1228 3615 1392 3677; x_wconf 86' lang='lat' dir='ltr'><strong>credentes.</strong></span> <span class='ocrx_word' id='word_1_410' title='bbox 1442 3621 1491 3677; x_wconf 76' lang='lat' dir='ltr'><strong>Ili-</strong></span> 
     </span>
     <span class='ocr_line' id='line_1_42' title="bbox 279 3695 1490 3774; baseline 0.002 -22"><span class='ocrx_word' id='word_1_411' title='bbox 279 3695 402 3753; x_wconf 89' lang='lat' dir='ltr'><strong>versites</strong></span> <span class='ocrx_word' id='word_1_412' title='bbox 413 3713 491 3768; x_wconf 89' lang='lat' dir='ltr'><strong>vero,</strong></span> <span class='ocrx_word' id='word_1_413' title='bbox 504 3715 568 3770; x_wconf 77' lang='lat' dir='ltr'><strong>quse</strong></span> <span class='ocrx_word' id='word_1_414' title='bbox 580 3696 703 3753; x_wconf 91' lang='lat' dir='ltr'><strong>occurrit</strong></span> <span class='ocrx_word' id='word_1_415' title='bbox 713 3697 790 3754; x_wconf 87' lang='lat' dir='ltr'><strong>circa</strong></span> <span class='ocrx_word' id='word_1_416' title='bbox 800 3697 993 3774; x_wconf 88' lang='lat' dir='ltr'><strong>cognitionem</strong></span> <span class='ocrx_word' id='word_1_417' title='bbox 1001 3696 1215 3754; x_wconf 90' lang='lat' dir='ltr'><strong>individuorum</strong></span> <span class='ocrx_word' id='word_1_418' title='bbox 1228 3695 1438 3773; x_wconf 84' lang='lat' dir='ltr'><strong>Reproborunr</strong></span> <span class='ocrx_word' id='word_1_419' title='bbox 1447 3701 1490 3756; x_wconf 76' lang='lat' dir='ltr'><strong>rel</strong></span> 
     </span>
     <span class='ocr_line' id='line_1_43' title="bbox 281 3775 1491 3852; baseline 0.001 -17"><span class='ocrx_word' id='word_1_420' title='bbox 281 3777 456 3848; x_wconf 87' lang='lat' dir='ltr'><strong>Electorum,</strong></span> <span class='ocrx_word' id='word_1_421' title='bbox 472 3793 544 3851; x_wconf 91' lang='lat' dir='ltr'><strong>quos</strong></span> <span class='ocrx_word' id='word_1_422' title='bbox 561 3775 640 3832; x_wconf 88' lang='lat' dir='ltr'><strong>Deus</strong></span> <span class='ocrx_word' id='word_1_423' title='bbox 662 3775 740 3832; x_wconf 88' lang='lat' dir='ltr'><strong>solus</strong></span> <span class='ocrx_word' id='word_1_424' title='bbox 754 3777 845 3851; x_wconf 82' lang='lat' dir='ltr'><strong>novit,</strong></span> <span class='ocrx_word' id='word_1_425' title='bbox 861 3785 889 3835; x_wconf 87' lang='lat' dir='ltr'><strong>et</strong></span> <span class='ocrx_word' id='word_1_426' title='bbox 903 3797 960 3834; x_wconf 91' lang='lat' dir='ltr'><strong>non</strong></span> <span class='ocrx_word' id='word_1_427' title='bbox 972 3775 1104 3852; x_wconf 86' lang='lat' dir='ltr'><strong>ministri,</strong></span> <span class='ocrx_word' id='word_1_428' title='bbox 1115 3775 1341 3834; x_wconf 87' lang='lat' dir='ltr'><strong>consolationem</strong></span> <span class='ocrx_word' id='word_1_429' title='bbox 1358 3791 1491 3837; x_wconf 84' lang='lat' dir='ltr'><strong>evertere</strong></span> 
     </span>
     <span class='ocr_line' id='line_1_44' title="bbox 280 3854 1489 3935; baseline -0.002 -19"><span class='ocrx_word' id='word_1_430' title='bbox 280 3877 337 3916; x_wconf 92' lang='lat' dir='ltr'><strong>non</strong></span> <span class='ocrx_word' id='word_1_431' title='bbox 361 3863 465 3933; x_wconf 80' lang='lat' dir='ltr'><strong>potest,</strong></span> <span class='ocrx_word' id='word_1_432' title='bbox 488 3855 537 3913; x_wconf 92' lang='lat' dir='ltr'><strong>vel</strong></span> <span class='ocrx_word' id='word_1_433' title='bbox 550 3854 757 3932; x_wconf 88' lang='lat' dir='ltr'><strong>desperationis</strong></span> <span class='ocrx_word' id='word_1_434' title='bbox 772 3859 882 3934; x_wconf 86' lang='lat' dir='ltr'><strong>justam</strong></span> <span class='ocrx_word' id='word_1_435' title='bbox 908 3876 1023 3914; x_wconf 87' lang='lat' dir='ltr'><strong>causam</strong></span> <span class='ocrx_word' id='word_1_436' title='bbox 1042 3856 1179 3933; x_wconf 80' lang='lat' dir='ltr'><strong>praebere,</strong></span> <span class='ocrx_word' id='word_1_437' title='bbox 1207 3875 1267 3913; x_wconf 93' lang='lat' dir='ltr'><strong>non</strong></span> <span class='ocrx_word' id='word_1_438' title='bbox 1290 3859 1388 3932; x_wconf 89' lang='lat' dir='ltr'><strong>magis</strong></span> <span class='ocrx_word' id='word_1_439' title='bbox 1403 3880 1489 3935; x_wconf 84' lang='lat' dir='ltr'><strong>quarn</strong></span> 
     </span>
     <span class='ocr_line' id='line_1_45' title="bbox 279 3935 1489 4014; baseline -0.002 -17"><span class='ocrx_word' id='word_1_440' title='bbox 279 3937 428 3997; x_wconf 84' lang='lat' dir='ltr'><strong>electionis</strong></span> <span class='ocrx_word' id='word_1_441' title='bbox 443 3935 661 4013; x_wconf 85' lang='lat' dir='ltr'><strong>particularitas,</strong></span> <span class='ocrx_word' id='word_1_442' title='bbox 677 3945 705 3995; x_wconf 89' lang='lat' dir='ltr'><strong>et</strong></span> <span class='ocrx_word' id='word_1_443' title='bbox 719 3937 897 3995; x_wconf 88' lang='lat' dir='ltr'><strong>immutabile</strong></span> <span class='ocrx_word' id='word_1_444' title='bbox 907 3936 1129 4014; x_wconf 87' lang='lat' dir='ltr'><strong>Reprobationis</strong></span> <span class='ocrx_word' id='word_1_445' title='bbox 1145 3936 1310 3994; x_wconf 88' lang='lat' dir='ltr'><strong>Decretum.</strong></span> <span class='ocrx_word' id='word_1_446' title='bbox 1346 3937 1390 3996; x_wconf 76' lang='lat' dir='ltr'><strong>Ut</strong></span> <span class='ocrx_word' id='word_1_447' title='bbox 1413 3943 1489 3996; x_wconf 71' lang='lat' dir='ltr'><strong>enirn</strong></span> 
     </span>
     <span class='ocr_line' id='line_1_46' title="bbox 279 4016 1488 4093; baseline -0.002 -17"><span class='ocrx_word' id='word_1_448' title='bbox 279 4017 401 4077; x_wconf 89' lang='lat' dir='ltr'><strong>intentio</strong></span> <span class='ocrx_word' id='word_1_449' title='bbox 411 4017 466 4075; x_wconf 90' lang='lat' dir='ltr'><strong>Dei</strong></span> <span class='ocrx_word' id='word_1_450' title='bbox 477 4037 534 4074; x_wconf 93' lang='lat' dir='ltr'><strong>non</strong></span> <span class='ocrx_word' id='word_1_451' title='bbox 546 4027 598 4092; x_wconf 86' lang='lat' dir='ltr'><strong>est,</strong></span> <span class='ocrx_word' id='word_1_452' title='bbox 611 4017 732 4075; x_wconf 89' lang='lat' dir='ltr'><strong>rescisso</strong></span> <span class='ocrx_word' id='word_1_453' title='bbox 738 4017 946 4093; x_wconf 86' lang='lat' dir='ltr'><strong>reprobationis</strong></span> <span class='ocrx_word' id='word_1_454' title='bbox 954 4017 1085 4090; x_wconf 86' lang='lat' dir='ltr'><strong>Decret0,</strong></span> <span class='ocrx_word' id='word_1_455' title='bbox 1096 4016 1233 4091; x_wconf 87' lang='lat' dir='ltr'><strong>reprobos</strong></span> <span class='ocrx_word' id='word_1_456' title='bbox 1243 4035 1296 4091; x_wconf 89' lang='lat' dir='ltr'><strong>per</strong></span> <span class='ocrx_word' id='word_1_457' title='bbox 1306 4018 1488 4076; x_wconf 84' lang='lat' dir='ltr'><strong>vocationem</strong></span> 
     </span>
     <span class='ocr_line' id='line_1_47' title="bbox 281 4095 1552 4172; baseline -0.004 -15"><span class='ocrx_word' id='word_1_458' title='bbox 281 4098 318 4157; x_wconf 90' lang='lat' dir='ltr'><strong>ad</strong></span> <span class='ocrx_word' id='word_1_459' title='bbox 333 4097 561 4156; x_wconf 89' lang='lat' dir='ltr'><strong>communionem</strong></span> <span class='ocrx_word' id='word_1_460' title='bbox 577 4118 657 4155; x_wconf 89' lang='lat' dir='ltr'><strong>suam</strong></span> <span class='ocrx_word' id='word_1_461' title='bbox 669 4097 840 4155; x_wconf 86' lang='lat' dir='ltr'><strong>admittere:</strong></span> <span class='ocrx_word' id='word_1_462' title='bbox 863 4096 908 4154; x_wconf 89' lang='lat' dir='ltr'><strong>Ita</strong></span> <span class='ocrx_word' id='word_1_463' title='bbox 922 4115 975 4154; x_wconf 91' lang='lat' dir='ltr'><strong>nec</strong></span> <span class='ocrx_word' id='word_1_464' title='bbox 990 4116 1023 4153; x_wconf 90' lang='lat' dir='ltr'><strong>ea</strong></span> <span class='ocrx_word' id='word_1_465' title='bbox 1036 4117 1099 4153; x_wconf 89' lang='lat' dir='ltr'><strong>esse</strong></span> <span class='ocrx_word' id='word_1_466' title='bbox 1115 4095 1314 4154; x_wconf 84' lang='lat' dir='ltr'><strong>Ministrorum</strong></span> <span class='ocrx_word' id='word_1_467' title='bbox 1326 4095 1423 4170; x_wconf 86' lang='lat' dir='ltr'><strong>debet,</strong></span> <span class='ocrx_word' id='word_1_468' title='bbox 1441 4099 1486 4172; x_wconf 87' lang='lat' dir='ltr'><strong>qui</strong></span> <span class='ocrx_word' id='word_1_469' title='bbox 1551 4101 1552 4124; x_wconf 64' lang='lat'>¹</span> 
     </span>
     <span class='ocr_line' id='line_1_48' title="bbox 281 4175 1486 4255; baseline -0.003 -19"><span class='ocrx_word' id='word_1_470' title='bbox 281 4199 339 4236; x_wconf 91' lang='lat' dir='ltr'><strong>non</strong></span> <span class='ocrx_word' id='word_1_471' title='bbox 354 4178 474 4235; x_wconf 86' lang='lat' dir='ltr'><strong>aliorum</strong></span> <span class='ocrx_word' id='word_1_472' title='bbox 488 4178 610 4255; x_wconf 89' lang='lat' dir='ltr'><strong>proprie,</strong></span> <span class='ocrx_word' id='word_1_473' title='bbox 626 4196 712 4254; x_wconf 91' lang='lat' dir='ltr'><strong>quam</strong></span> <span class='ocrx_word' id='word_1_474' title='bbox 728 4175 894 4234; x_wconf 86' lang='lat' dir='ltr'><strong>Electorum</strong></span> <span class='ocrx_word' id='word_1_475' title='bbox 908 4176 1029 4233; x_wconf 86' lang='lat' dir='ltr'><strong>salutern</strong></span> <span class='ocrx_word' id='word_1_476' title='bbox 1044 4175 1151 4234; x_wconf 88' lang='lat' dir='ltr'><strong>debent</strong></span> <span class='ocrx_word' id='word_1_477' title='bbox 1173 4175 1332 4250; x_wconf 86' lang='lat' dir='ltr'><strong>intendere,</strong></span> <span class='ocrx_word' id='word_1_478' title='bbox 1353 4179 1486 4252; x_wconf 80' lang='lat' dir='ltr'><strong>quamvis</strong></span> 
     </span>
     <span class='ocr_line' id='line_1_49' title="bbox 281 4255 1485 4334; baseline -0.004 -17"><span class='ocrx_word' id='word_1_479' title='bbox 281 4279 318 4317; x_wconf 81' lang='lat' dir='ltr'><strong>ex</strong></span> <span class='ocrx_word' id='word_1_480' title='bbox 333 4257 426 4315; x_wconf 90' lang='lat' dir='ltr'><strong>officio</strong></span> <span class='ocrx_word' id='word_1_481' title='bbox 440 4257 596 4334; x_wconf 84' lang='lat' dir='ltr'><strong>eharitatis,</strong></span> <span class='ocrx_word' id='word_1_482' title='bbox 613 4257 733 4316; x_wconf 89' lang='lat' dir='ltr'><strong>aliorum</strong></span> <span class='ocrx_word' id='word_1_483' title='bbox 757 4255 878 4313; x_wconf 86' lang='lat' dir='ltr'><strong>salutern</strong></span> <span class='ocrx_word' id='word_1_484' title='bbox 900 4255 985 4314; x_wconf 89' lang='lat' dir='ltr'><strong>etiam</strong></span> <span class='ocrx_word' id='word_1_485' title='bbox 1000 4263 1122 4332; x_wconf 85' lang='lat' dir='ltr'><strong>possunt</strong></span> <span class='ocrx_word' id='word_1_486' title='bbox 1136 4263 1243 4331; x_wconf 87' lang='lat' dir='ltr'><strong>optare,</strong></span> <span class='ocrx_word' id='word_1_487' title='bbox 1256 4264 1286 4313; x_wconf 91' lang='lat' dir='ltr'><strong>ct</strong></span> <span class='ocrx_word' id='word_1_488' title='bbox 1300 4265 1444 4332; x_wconf 85' lang='lat' dir='ltr'><strong>quantum</strong></span> <span class='ocrx_word' id='word_1_489' title='bbox 1459 4257 1485 4314; x_wconf 92' lang='lat' dir='ltr'><strong>in</strong></span> 
     </span>
     <span class='ocr_line' id='line_1_50' title="bbox 281 4345 562 4412; baseline -0.004 -15"><span class='ocrx_word' id='word_1_490' title='bbox 281 4359 311 4397; x_wconf 86' lang='lat' dir='ltr'><strong>se</strong></span> <span class='ocrx_word' id='word_1_491' title='bbox 327 4345 371 4395; x_wconf 87' lang='lat' dir='ltr'><strong>est</strong></span> <span class='ocrx_word' id='word_1_492' title='bbox 384 4356 562 4412; x_wconf 89' lang='lat' dir='ltr'><strong>promovere.</strong></span> 
     </span>
    </p>

    <p class='ocr_par' dir='ltr' id='par_1_9' title="bbox 276 4413 1485 4728">
     <span class='ocr_line' id='line_1_51' title="bbox 320 4413 1484 4488; baseline -0.003 -14"><span class='ocrx_word' id='word_1_493' title='bbox 320 4415 445 4474; x_wconf 88' lang='lat' dir='ltr'>XXIV.</span> <span class='ocrx_word' id='word_1_494' title='bbox 468 4415 561 4474; x_wconf 90' lang='lat' dir='ltr'><strong>Aliud</strong></span> <span class='ocrx_word' id='word_1_495' title='bbox 575 4424 618 4475; x_wconf 90' lang='lat' dir='ltr'><strong>est</strong></span> <span class='ocrx_word' id='word_1_496' title='bbox 635 4417 728 4474; x_wconf 88' lang='lat' dir='ltr'><strong>Deum</strong></span> <span class='ocrx_word' id='word_1_497' title='bbox 742 4414 868 4472; x_wconf 89' lang='lat' dir='ltr'><strong>indicare</strong></span> <span class='ocrx_word' id='word_1_498' title='bbox 883 4415 982 4472; x_wconf 90' lang='lat' dir='ltr'><strong>Verbo</strong></span> <span class='ocrx_word' id='word_1_499' title='bbox 995 4435 1047 4472; x_wconf 90' lang='lat' dir='ltr'><strong>suo</strong></span> <span class='ocrx_word' id='word_1_500' title='bbox 1061 4415 1146 4472; x_wconf 86' lang='lat' dir='ltr'><strong>etiarn</strong></span> <span class='ocrx_word' id='word_1_501' title='bbox 1156 4433 1213 4470; x_wconf 93' lang='lat' dir='ltr'><strong>non</strong></span> <span class='ocrx_word' id='word_1_502' title='bbox 1225 4413 1388 4488; x_wconf 87' lang='lat' dir='ltr'><strong>credituris,</strong></span> <span class='ocrx_word' id='word_1_503' title='bbox 1399 4415 1484 4474; x_wconf 83' lang='lat' dir='ltr'><strong>tidem</strong></span> 
     </span>
     <span class='ocr_line' id='line_1_52' title="bbox 278 4492 1484 4572; baseline -0.003 -16"><span class='ocrx_word' id='word_1_504' title='bbox 278 4507 308 4556; x_wconf 88' lang='lat' dir='ltr'><strong>et</strong></span> <span class='ocrx_word' id='word_1_505' title='bbox 321 4495 547 4572; x_wconf 87' lang='lat' dir='ltr'><strong>resipiscentiam</strong></span> <span class='ocrx_word' id='word_1_506' title='bbox 562 4516 624 4554; x_wconf 89' lang='lat' dir='ltr'><strong>esse</strong></span> <span class='ocrx_word' id='word_1_507' title='bbox 640 4495 798 4554; x_wconf 83' lang='lat' dir='ltr'><strong>certissime</strong></span> <span class='ocrx_word' id='word_1_508' title='bbox 812 4504 841 4551; x_wconf 89' lang='lat' dir='ltr'><strong>et</strong></span> <span class='ocrx_word' id='word_1_509' title='bbox 855 4492 1017 4552; x_wconf 88' lang='lat' dir='ltr'><strong>infallibilia</strong></span> <span class='ocrx_word' id='word_1_510' title='bbox 1030 4495 1125 4553; x_wconf 88' lang='lat' dir='ltr'><strong>media</strong></span> <span class='ocrx_word' id='word_1_511' title='bbox 1139 4493 1240 4552; x_wconf 90' lang='lat' dir='ltr'><strong>salutis</strong></span> <span class='ocrx_word' id='word_1_512' title='bbox 1255 4495 1484 4570; x_wconf 59' lang='lat' dir='ltr'><strong>consequendam</strong></span> 
     </span>
     <span class='ocr_line' id='line_1_53' title="bbox 279 4572 1485 4652; baseline -0.005 -18"><span class='ocrx_word' id='word_1_513' title='bbox 279 4575 371 4634; x_wconf 86' lang='lat' dir='ltr'><strong>Allud</strong></span> <span class='ocrx_word' id='word_1_514' title='bbox 387 4574 480 4631; x_wconf 90' lang='lat' dir='ltr'><strong>Deum</strong></span> <span class='ocrx_word' id='word_1_515' title='bbox 494 4574 568 4632; x_wconf 90' lang='lat' dir='ltr'><strong>bane</strong></span> <span class='ocrx_word' id='word_1_516' title='bbox 582 4575 673 4633; x_wconf 90' lang='lat' dir='ltr'><strong>Verbi</strong></span> <span class='ocrx_word' id='word_1_517' title='bbox 688 4574 732 4630; x_wconf 93' lang='lat' dir='ltr'><strong>sui</strong></span> <span class='ocrx_word' id='word_1_518' title='bbox 747 4572 968 4630; x_wconf 89' lang='lat' dir='ltr'><strong>declarationem</strong></span> <span class='ocrx_word' id='word_1_519' title='bbox 984 4582 1132 4632; x_wconf 87' lang='lat' dir='ltr'><strong>externam</strong></span> <span class='ocrx_word' id='word_1_520' title='bbox 1147 4573 1223 4652; x_wconf 88' lang='lat' dir='ltr'><strong>apud</strong></span> <span class='ocrx_word' id='word_1_521' title='bbox 1244 4593 1303 4631; x_wconf 91' lang='lat' dir='ltr'><strong>non</strong></span> <span class='ocrx_word' id='word_1_522' title='bbox 1325 4574 1485 4634; x_wconf 73' lang='lat' dir='ltr'><strong>credituros</strong></span> 
     </span>
     <span class='ocr_line' id='line_1_54' title="bbox 276 4652 1485 4728; baseline -0.001 -17"><span class='ocrx_word' id='word_1_523' title='bbox 276 4655 369 4712; x_wconf 89' lang='lat' dir='ltr'><strong>facere</strong></span> <span class='ocrx_word' id='word_1_524' title='bbox 383 4654 413 4710; x_wconf 91' lang='lat' dir='ltr'><strong>in</strong></span> <span class='ocrx_word' id='word_1_525' title='bbox 428 4672 493 4710; x_wconf 89' lang='lat' dir='ltr'><strong>enm</strong></span> <span class='ocrx_word' id='word_1_526' title='bbox 507 4653 602 4728; x_wconf 87' lang='lat' dir='ltr'><strong>tinem,</strong></span> <span class='ocrx_word' id='word_1_527' title='bbox 618 4664 650 4712; x_wconf 85' lang='lat' dir='ltr'><strong>ut</strong></span> <span class='ocrx_word' id='word_1_528' title='bbox 665 4652 782 4711; x_wconf 86' lang='lat' dir='ltr'><strong>credant</strong></span> <span class='ocrx_word' id='word_1_529' title='bbox 796 4659 861 4709; x_wconf 89' lang='lat' dir='ltr'><strong>actu</strong></span> <span class='ocrx_word' id='word_1_530' title='bbox 873 4660 901 4710; x_wconf 88' lang='lat' dir='ltr'><strong>et</strong></span> <span class='ocrx_word' id='word_1_531' title='bbox 916 4663 1075 4712; x_wconf 87' lang='lat' dir='ltr'><strong>serventur.</strong></span> <span class='ocrx_word' id='word_1_532' title='bbox 1121 4655 1152 4712; x_wconf 82' lang='lat' dir='ltr'><strong>si</strong></span> <span class='ocrx_word' id='word_1_533' title='bbox 1167 4653 1241 4713; x_wconf 88' lang='lat' dir='ltr'><strong>enim</strong></span> <span class='ocrx_word' id='word_1_534' title='bbox 1252 4653 1328 4712; x_wconf 87' lang='lat' dir='ltr'><strong>bunc</strong></span> <span class='ocrx_word' id='word_1_535' title='bbox 1339 4653 1424 4712; x_wconf 87' lang='lat' dir='ltr'><strong>finem</strong></span> <span class='ocrx_word' id='word_1_536' title='bbox 1442 4673 1485 4710; x_wconf 77' lang='lat' dir='ltr'><strong>sc·</strong></span> 
     </span>
    </p>
   </div>
   <div class='ocr_carea' id='block_1_3' title="bbox 0 0 1583 5210">
    <p class='ocr_par' dir='ltr' id='par_1_10' title="bbox 0 0 1583 5210">
     <span class='ocr_line' id='line_1_55' title="bbox 0 0 1583 5210; baseline 0 0"><span class='ocrx_word' id='word_1_537' title='bbox 0 0 1583 5210; x_wconf 95' lang='lat' dir='ltr'><strong> </strong></span> 
     </span>
    </p>
   </div>
  </div>
 </body>
</html>
