3146 5210
239 324 297 380 398
657 339 749 380 aecus
764 339 894 381 nscruus
908 339 1051 388 ausurus.
1237 317 1366 401 [eunsr.
1382 341 1449 382 xm.

236 480 316 558 quod
337 480 431 556 debet,
453 501 505 557 pro
526 479 616 539 altero
638 479 788 540 satisfacit.
832 482 878 540 Ita
899 483 1031 540 Christus
1052 480 1101 557 qui
1123 500 1180 537 non
1201 501 1253 558 pro
1268 501 1307 558 se,
1329 481 1381 542 sed
1395 503 1448 559 pro

237 562 321 619 nobis
334 562 421 618 homo
436 559 529 620 laetus
544 569 596 636 est,
611 581 670 618 nen
684 581 735 637 pro
751 581 790 635 se,
807 560 858 619 sed
873 581 923 638 pro
939 561 1023 619 nobis
1038 561 1147 638 Legem
1162 561 1262 618 debuit
1275 561 1396 638 implere
1410 562 1448 620 ad

237 641 327 698 vitam
339 641 512 716 merendam,
524 640 604 717 quod
613 641 661 698 hic
671 641 701 698 in
713 641 827 699 Christo
843 641 975 700 occurrit.
998 641 1104 716 Tertio,
1121 641 1189 699 licet
1204 641 1336 700 Christus
1350 642 1447 718 quoad

238 740 268 777 se
284 721 461 796 subjectione
483 721 607 778 naturali
625 739 682 796 qua
696 721 833 779 Creatura
848 721 933 779 fuerit
948 720 1001 780 sub
1017 721 1113 797 Lege;
1135 740 1193 779 non
1214 729 1310 780 tamen
1332 721 1447 796 subjec-

237 801 315 858 tione
331 799 460 857 loederali
472 809 501 858 et
512 801 695 874 oeconomiea,
711 808 744 858 ut
754 801 844 858 vitam
859 821 910 878 per
922 801 1031 876 Legem
1045 808 1275 875 consequeretur,
1292 811 1321 858 et
1333 800 1448 860 Vadam

238 899 269 937 se
284 879 347 936 loco
359 885 541 956 peecatorum
557 880 687 955 sisteret,
703 880 759 938 hee
773 881 849 937 enim
864 880 918 939 fuit
932 881 1102 938 voluntariae
1117 880 1341 955 dispensationis
1355 900 1447 956 epus;

238 959 277 1017 Et
291 959 363 1017 nihil
378 960 435 1017 tale
450 979 502 1035 pro
517 979 547 1016 se
562 959 686 1017 debuit:
729 960 790 1018 Nee
805 960 900 1036 quoad
916 960 1081 1033 Personam,
1103 968 1202 1035 utpote
1223 960 1376 1040 Marem
1392 961 1448 1018 Dei

239 1039 341 1112 Filius,
357 1048 386 1096 et
402 1039 544 1098 Dominus
567 1038 671 1114 Legis;
709 1039 769 1097 Nee
784 1039 880 1116 quoad
894 1047 1026 1097 naturam
1041 1040 1203 1112 humanam,
1227 1040 1288 1098 sive
1304 1040 1447 1113 absolute,

238 1119 300 1178 sive
315 1120 491 1194 respective3
514 1138 572 1176 non
592 1119 732 1192 absolute,
754 1127 815 1178 tum
830 1121 898 1196 quia
911 1129 1014 1177 natura
1027 1119 1152 1176 humana
1167 1119 1303 1195 adjuncta
1317 1129 1362 1178 est
1378 1120 1447 1177 Per·

239 1219 317 1256 eona
328 1201 419 1274 Alyoq
433 1219 498 1275 quaa
513 1207 617 1256 utnon
631 1197 686 1257 suit
701 1198 831 1273 subjecta
840 1199 921 1275 Legi,
932 1200 972 1256 ita
986 1218 1039 1256 nec
1054 1207 1157 1256 natura
1171 1199 1207 1256 ab
1222 1200 1285 1274 ipsa
1299 1211 1449 1276 assumpta

239 1297 272 1338 eo
296 1298 401 1353 sensu;
424 1287 485 1336 tum
504 1278 573 1355 quia
586 1287 619 1336 ut
633 1278 663 1334 in
684 1279 879 1354 assumptione
900 1280 1033 1337 humanae
1054 1287 1163 1337 naturae
1186 1279 1293 1338 Christi
1315 1279 1449 1338 consistit

238 1358 405 1431 exinanitio,
429 1358 469 1415 ita
490 1359 576 1416 etiam
591 1358 621 1414 iu
635 1358 672 1416 iis
686 1377 750 1435 qum
765 1379 802 1416 ex
817 1359 870 1416 hae
899 1359 1094 1434 assumptione
1116 1359 1264 1432 resultant,
1288 1360 1382 1435 qualis
1404 1369 1449 1418 est

239 1437 381 1513 subjectio
397 1437 469 1513 Legi
482 1459 488 1512 ;
511 1458 569 1494 non
590 1438 759 1514 respective,
782 1439 850 1514 qnia
865 1438 997 1496 Christus
1012 1458 1069 1514 qus
1082 1438 1169 1496 homo
1184 1459 1241 1497 uon
1256 1439 1310 1498 fuit
1324 1438 1446 1498 adstric-

238 1526 285 1576 tus
307 1516 422 1574 Foederi
445 1518 554 1593 Legati,
577 1526 676 1592 utpote
697 1518 774 1594 quod
788 1519 824 1576 ad
841 1519 906 1577 illos
919 1526 1031 1576 tanturn
1052 1519 1202 1594 pertineat,
1224 1539 1298 1595 quos
1314 1519 1447 1576 Adamas

238 1597 268 1654 in
286 1597 336 1654 illa
357 1598 488 1674 pactione
511 1599 737 1673 repraeseutavit,
752 1597 803 1674 qui
824 1599 934 1656 scilicet
954 1599 1044 1656 abeo
1065 1598 1233 1656 naturaliter
1257 1598 1446 1658 descendunt.

241 1677 353 1734 Deinde
368 1697 426 1734 non
440 1698 512 1754 opus
533 1677 635 1734 habuit
657 1677 713 1734 sibi
735 1679 881 1753 acquirere
905 1679 1022 1754 propria
1046 1677 1208 1736 ohedientia
1222 1679 1280 1738 Jus
1294 1679 1331 1736 ad
1346 1679 1446 1752 vitam,

239 1758 317 1834 quod
340 1777 377 1814 cx
394 1757 508 1816 Unione
528 1777 593 1816 cum
612 1757 686 1832 Λόγῳ
704 1760 866 1815 necessario
890 1757 1042 1834 pendebat.
1096 1757 1181 1816 Unde
1207 1758 1336 1834 sequitur
1358 1759 1446 1816 talem

240 1837 433 1896 obedientiam
451 1837 615 1896 foederalem
631 1837 777 1896 Christum
798 1838 932 1896 debuisse
953 1858 1005 1914 pro
1026 1837 1118 1912 nobie,
1139 1845 1171 1897 ut
1191 1837 1373 1914 Sponsorem,
1396 1838 1447 1914 qui

240 1938 378 1994 personas
399 1927 513 1974 nostras
534 1925 760 1993 repraesentaret.

281 1997 423 2054 XXVII.
456 1997 595 2070 Quamvis
616 1997 839 2056 vero'Chrietus
861 1998 970 2074 Legem
991 1996 1155 2072 impleverit
1174 2017 1224 2073 pro
1245 1997 1328 2054 nobis
1350 1996 1448 2072 quoad

239 2076 441 2150 obedientiam,
464 2097 521 2133 non
544 2085 639 2152 potest
663 2076 762 2152 colligi
786 2097 839 2136 nos
863 2097 921 2135 non
942 2077 1065 2154 amplius
1087 2077 1178 2134 teneri
1196 2075 1234 2134 ad
1253 2077 1447 2135 obedientiam

241 2156 305 2214 Deo
329 2155 540 2232 praestandam:
584 2156 721 2231 Sequitur
745 2155 862 2233 quidem
883 2176 936 2214 nos
951 2157 988 2214 ad
1002 2177 1065 2214 eam
1080 2175 1138 2214 nen
1159 2156 1249 2214 teneri
1271 2155 1395 2214 eundem
1415 2157 1448 2213 in

238 2235 333 2310 finem,
361 2246 389 2294 et
413 2234 514 2294 eadem
538 2233 574 2292 de
599 2255 693 2308 causa,
718 2236 828 2296 seilicet
842 2245 874 2294 ut
887 2256 938 2312 per
959 2255 1022 2294 earu
1036 2237 1178 2308 vivamuS,
1204 2255 1241 2293 ex
1267 2237 1448 2312 subjectione

239 2314 383 2372 foederali:
408 2315 465 2372 Sed
479 2334 537 2371 non
552 2315 658 2390 obstat,
671 2317 825 2391 quominus
840 2335 890 2392 per
904 2316 1112 2392 subjectionem
1127 2315 1286 2374 naturalem
1297 2325 1448 2374 teneamur

238 2393 275 2450 ad
291 2393 366 2450 idem
382 2393 552 2468 obsequium
568 2394 631 2451 Deo
651 2395 855 2470 praestandum,
877 2415 935 2453 non
950 2405 982 2454 ut
997 2396 1138 2468 vivamus,
1162 2395 1212 2452 sed
1227 2396 1294 2470 quia
1308 2395 1447 2470 visimus,

239 2492 297 2530 non
313 2482 344 2530 ut
354 2474 403 2548 jus
418 2473 600 2548 acquiramus
615 2473 651 2530 ad
666 2475 764 2548 vitam,
781 2475 833 2532 sed
847 2482 879 2532 ut
889 2475 965 2550 juris
979 2474 1112 2550 acquisiti
1133 2475 1344 2550 possessionem
1359 2475 1446 2533 adea·

239 2572 312 2610 mus
366 2551 524 2626 Quomodo,
546 2551 615 2610 lieet
640 2553 772 2612 Christus
796 2563 926 2613 mortuus
951 2554 990 2612 sit
1014 2575 1065 2630 pro
1089 2554 1181 2628 nobie,
1206 2573 1263 2612 nou
1288 2553 1448 2612 desinimus

240 2630 325 2692 morti
340 2633 433 2690 adhue
448 2652 510 2690 esse
526 2631 653 2706 obnoxii,
677 2653 734 2689 non
749 2633 786 2690 ad
799 2653 923 2709 poenam,
946 2634 998 2691 sed
1012 2635 1048 2692 ad
1063 2635 1193 2693 salutem.

282 2712 442 2770 XXVIII.
466 2711 535 2769 Alia
553 2720 597 2771 est
611 2713 723 2786 jrutitin
733 2713 902 2787 innocentie,
918 2733 1007 2790 quum
1017 2714 1081 2789 quis
1097 2714 1204 2771 nullius
1212 2713 1304 2789 culpae
1313 2733 1380 2772 rens
1392 2723 1446 2788 est,

241 2791 311 2851 Alia
318 2794 544 2869 perseverantie,
553 2793 599 2850 eui
608 2794 758 2869 praemium
773 2793 893 2851 debetur
907 2802 1023 2870 propter
1038 2794 1196 2868 prestitum
1211 2793 1344 2851 officium.
1388 2794 1447 2852 Re-

240 2873 339 2932 missio
361 2882 543 2950 peccatorum
558 2873 679 2949 primam
693 2871 776 2932 affert
785 2873 937 2950 justitiam,
953 2873 1110 2932 auferendo
1130 2883 1241 2932 reatum
1263 2881 1448 2950 peccatorum

241 2954 468 3027 commissorum,
485 2953 536 3010 sed
560 2973 618 3010 non
632 2952 698 3010 ideo
722 2962 788 3030 post
817 2974 846 3010 se
861 2953 949 3012 trahit
961 2953 1105 3029 justitiam
1120 2953 1450 3028 persevcr·=.1ntiae,quasi

241 3034 265 3090 is
280 3033 326 3090 eui
348 3033 498 3109 contingit,
515 3032 608 3108 reipsa
623 3033 719 3090 onmia
739 3033 913 3110 praestiterit.
937 3033 1028 3090 Aliud
1043 3042 1086 3091 est
1107 3032 1235 3091 adehita
1250 3032 1336 3090 ollieii
1360 3033 1447 3090 omis-

241 3113 315 3172 sioni
339 3133 425 3190 poena
446 3114 571 3190 aliquem
593 3113 722 3188 liberare,
746 3112 838 3170 Aliud
857 3132 921 3170 eum
948 3113 1041 3188 reipsa
1066 3132 1181 3170 censere
1203 3113 1315 3188 justum
1332 3113 1450 3187 justitia

242 3194 472 3268 perseverantia,
485 3194 532 3251 cui
550 3193 610 3250 vita
625 3194 765 3270 promissa
793 3203 845 3266 est,
861 3193 944 3268 quasi
961 3193 1033 3248 nihil
1056 3192 1123 3250 boni
1146 3192 1281 3265 omiserit,
1305 3191 1355 3250 vel
1378 3192 1449 3248 mali

241 3272 424 3331 commiserit.
449 3273 532 3330 Prius
547 3291 598 3347 per
618 3274 816 3330 remissionem
838 3273 990 3346 obtinetur,
1007 3272 1058 3330 sed
1072 3291 1129 3329 nou
1145 3271 1296 3348 posterius,
1313 3272 1391 3346 quod
1406 3273 1449 3330 rei

241 3352 365 3425 veritati,
382 3360 411 3408 et
429 3352 510 3426 justo
526 3351 582 3408 Dei
596 3350 708 3426 judicio
728 3361 911 3428 repugnaret.
955 3352 1096 3409 llemissio
1118 3351 1229 3427 peccati
1249 3371 1306 3410 nen
1327 3351 1397 3409 sacit
1416 3361 1450 3410 ut

242 3450 300 3487 non
312 3430 350 3486 sit
360 3439 517 3504 peccatum,
529 3429 580 3486 sed
589 3437 621 3488 ut
632 3449 690 3488 non
700 3431 856 3507 imputetur
868 3454 875 3490 ι
887 3431 963 3490 tollit
973 3440 1084 3489 tautum
1096 3441 1205 3490 reatum
1215 3431 1333 3507 peceati,
1345 3440 1449 3490 eteou-

243 3517 396 3584 sequenter
422 3510 486 3584 ejus
507 3527 629 3584 prienam,
653 3510 704 3567 sed
725 3510 867 3568 maculam
881 3531 939 3568 non
953 3511 1054 3570 aufert.
1079 3512 1124 3570 Ita
1148 3511 1258 3568 censeri
1285 3511 1355 3568 nisit
1380 3512 1452 3568 mali

243 3587 407 3646 eommzsisae
421 3597 448 3645 et
461 3589 530 3646 nihil
540 3588 660 3646 omishse
671 3590 742 3664 boni,
753 3589 884 3648 bifariam
899 3599 993 3667 potest
1008 3591 1141 3667 intelligi,
1156 3591 1212 3649 Vel
1222 3593 1319 3666 quoad
1325 3611 1447 3665 parram,

243 3675 275 3726 ut
289 3687 347 3724 non
361 3667 455 3743 magis
469 3667 629 3744 puniamur,
641 3687 727 3746 quam
742 3670 766 3728 si
780 3670 875 3746 reipsa
889 3670 1038 3730 nihilmali
1052 3671 1303 3743 commisissemus,
1314 3671 1361 3726 vol
1376 3671 1451 3729 nihil

244 3747 440 3807 emisissemus
455 3747 532 3822 boni,
549 3767 606 3824 quo
628 3767 714 3808 sensu
735 3769 836 3808 verum
851 3759 902 3825 est,
915 3769 966 3826 per
981 3751 1177 3808 remissionem
1193 3761 1376 3826 peccatorum
1388 3769 1449 3810 om·

244 3828 324 3886 nium
339 3847 391 3885 nos
403 3828 432 3885 in
447 3847 480 3886 eo
503 3837 579 3886 statu
594 3829 736 3904 collocari,
752 3830 821 3906 quie
834 3830 989 3887 liberamur
1003 3830 1038 3887 ab
1054 3832 1130 3888 omni
1145 3850 1238 3906 prena,
1255 3850 1319 3906 quaa
1333 3838 1451 3906 propter

245 3929 279 3970 ea
290 3909 387 3967 debita
401 3917 493 3984 esset;
510 3908 567 3966 Vel
578 3913 675 3985 quoad
681 3911 841 3986 praernium,
859 3919 889 3968 ut
904 3909 986 3986 isqui
998 3919 1131 3968 censetur
1144 3909 1355 3968 uilrilomisisse
1370 3910 1448 3985 boni,

245 3998 274 4049 ct
283 3987 355 4048 nihil
365 3989 542 4048 commisisse
555 3989 630 4065 mali,
640 3990 813 4066 judicatura
826 3990 888 4047 Deo
900 3989 1112 4066 carniolenses,
1124 4010 1187 4065 quae
1199 3989 1360 4048 necessaria
1369 3998 1452 4048 erant

245 4069 282 4128 ad
305 4069 396 4127 vitam
419 4069 668 4146 consequendam
691 4079 721 4130 et
743 4071 784 4128 sic
807 4069 911 4128 falsum
928 4077 972 4130 est
987 4089 1052 4128 eum
1074 4070 1120 4130 eui
1134 4069 1319 4127 remittuntur
1332 4081 1452 4145 paccata

245 4169 279 4208 co
294 4149 357 4206 loco
379 4149 497 4222 censeri,
514 4150 581 4226 quia
595 4151 725 4208 remissio
747 4149 816 4210 lacit
835 4149 951 4226 quidem
965 4159 998 4208 ut
1012 4169 1097 4225 perna
1120 4149 1245 4222 tollatur,
1271 4148 1322 4206 sed
1346 4167 1404 4206 non
1418 4157 1453 4206 ut

247 4229 326 4285 Deus
341 4237 448 4286 statuat
463 4237 640 4305 peccatorem
658 4229 731 4286 nihil
744 4229 909 4305 deliquisse,
932 4228 984 4288 scd
997 4247 1097 4288 omnes
1121 4236 1217 4305 partes
1231 4227 1317 4286 officii
1339 4229 1383 4289 sui
1398 4228 1451 4286 im·

244 4307 378 4384 plevissc,
392 4316 421 4366 et
435 4327 497 4365 esse
508 4309 629 4384 justum,
639 4308 717 4384 quod
728 4309 843 4366 veritati
855 4316 1044 4385 repugnaret;
1061 4309 1144 4386 quasi
1158 4328 1224 4367 reus
1238 4309 1329 4385 possit
1340 4307 1451 4366 censeri

242 4387 348 4462 justus,
364 4387 432 4462 quia
447 4387 567 4464 supplici
589 4397 618 4446 et
632 4387 780 4446 confitenti
793 4387 815 4446 J
818 4387 893 4444 udcx
908 4387 1029 4464 ignorit.

287 4465 416 4526 XXIX.
441 4467 519 4526 Deus
534 4486 591 4524 non
606 4477 700 4544 potest
714 4466 843 4524 accusari
856 4467 935 4543 quod
952 4467 1052 4542 exigat
1066 4465 1138 4524 duas
1153 4468 1311 4527 solutiones
1321 4467 1453 4544 ejusdem

245 4544 344 4616 debiti,
360 4545 429 4621 quia
453 4565 517 4604 eum
540 4547 601 4604 Lex
626 4546 736 4622 obliget
754 4553 919 4622 peccatores
947 4545 984 4606 ad
1006 4545 1198 4606 obedientiam
1220 4557 1394 4624 erponem,
1419 4557 1454 4606 ut

242 4625 304 4699 jam
319 4623 435 4696 dictum,
459 4626 607 4700 passiones
628 4635 657 4684 et
677 4625 804 4684 actiones
828 4625 944 4701 Christi,
960 4645 1016 4684 non
1032 4627 1211 4688 constituunt
1232 4627 1376 4704 duplicem
1398 4647 1452 4688 >so·
