3186 5210
134 361 246 410 Qunrsr.
263 344 343 426 vnn]
548 364 586 402 us
601 365 770 404 vocarrons
786 365 822 404 ss
837 365 915 405 uros.
1276 353 1334 408 495

132 523 162 562 x.
178 507 226 579 22,
243 505 307 564 vult
321 504 425 581 Apost.
441 511 473 562 ut
487 507 652 562 accedamus
662 525 798 564 cumvero
809 507 902 580 corde,
914 505 953 563 id.
968 516 1047 564 recto
1056 515 1085 565 et
1095 507 1215 582 siucero,
1228 517 1247 562 ιν
1256 529 1341 583 rinp-

134 591 199 654 φιςίᾳ
211 611 307 646 ricem
323 585 361 642 id.
378 604 442 642 cunr
458 593 535 642 certa
545 585 650 642 mentis
664 586 858 662 persuasione,
874 596 903 643 ct
923 586 1005 644 firma
1029 586 1124 644 cordis
1149 586 1262 664 fiduoc,
1278 609 1343 665 qnos

134 660 235 722 Verbo
248 663 304 722 Dei
318 664 465 723 innitatur.
509 663 570 722 Ista
583 673 678 722 autem
693 663 841 742 persuasio
856 684 913 723 non
927 664 1014 724 debet
1028 685 1090 724 esse
1100 674 1211 725 tantum
1226 667 1342 726 inchoa-

132 748 163 797 ta
177 751 207 800 et
221 744 388 820 semiplena,
404 763 469 819 qua
484 743 513 800 in
528 745 665 820 reprobos
686 744 773 802 etiam
797 764 1004 821 nonnunquam
1029 745 1114 821 cadit,
1140 746 1190 822 qui
1214 747 1344 806 Verbum

134 823 284 898 excipiunt
298 843 363 882 cnm
378 822 504 900 gaudio,
527 824 578 882 scd
593 824 678 900 plena
692 831 721 882 et
735 823 876 900 absoluta,
891 845 956 901 quas
979 826 1158 884 voluntatem
1173 826 1345 886 determinet

134 908 163 958 et
177 911 243 978 post
258 923 289 962 se
303 904 417 977 trahat;
440 911 469 960 et
483 923 546 978 quas
558 904 703 980 objectum
730 904 940 980 Evangelicum
962 913 991 962 et
1002 905 1219 982 promissionem
1235 908 1345 982 gratiss,

133 999 192 1038 non
206 982 292 1040 modo
307 993 339 1041 ut
361 1001 468 1056 veram,
495 991 523 1040 et
547 983 675 1042 bonitate
700 983 797 1059 aliqua
818 984 958 1042 imbutam
983 985 1118 1058 intuetur,
1146 985 1297 1043 sedetiam
1313 997 1345 1046 ut

135 1081 278 1120 summurn
292 1063 398 1121 bonum
413 1062 497 1120 uobis
511 1062 541 1120 in
554 1063 616 1120 Deo
627 1071 842 1140 proponentem,
858 1073 887 1120 et
899 1064 1013 1122 unicum
1024 1085 1057 1123 oc
1072 1065 1345 1125 sufficientissimum

134 1141 237 1198 salutis
251 1142 281 1198 in
297 1143 412 1200 Christo
426 1141 562 1200 medium.

438 1221 530 1278 VIII.
553 1223 821 1295 QuartusestActus
832 1222 941 1298 rcfirpii,
953 1223 1002 1298 qui
1012 1223 1102 1282 oritur
1113 1244 1150 1282 ex
1160 1226 1344 1301 persuasione

396 1320 546 1376 perquem
561 1301 598 1358 ad
613 1301 758 1360 Christum
772 1302 814 1359 ita
827 1321 845 1358 a
858 1302 942 1360 nohis
956 1304 1103 1378 cognitum
1120 1315 1186 1362 actu
1209 1304 1345 1364 desiderii

135 1379 325 1455 confugimus,
343 1380 372 1437 in
387 1381 449 1457 ipso
464 1381 660 1438 remissionem
675 1389 857 1456 peccatorum
872 1390 901 1438 et
914 1381 1036 1440 salutem
1058 1393 1228 1458 quaerentes.
1271 1385 1346 1458 Quia

134 1458 196 1516 lieri
210 1479 268 1516 non
281 1469 375 1536 potest
389 1469 422 1518 ut
435 1461 521 1519 horno
536 1461 586 1537 qui
596 1481 626 1518 se
635 1461 825 1522 miserrimum
836 1461 927 1535 novit,
941 1469 970 1518 et
980 1462 1029 1537 qui
1041 1464 1276 1538 persuasissimus
1291 1473 1344 1539 est,

135 1538 270 1614 nuspiam
284 1539 363 1614 alibi,
379 1559 466 1616 quam
480 1540 510 1598 in
525 1541 587 1599 solo
612 1540 727 1598 Christo
752 1540 854 1599 salutis
878 1540 1005 1598 medium
1028 1541 1160 1616 inveniri,
1186 1562 1240 1600 nec
1260 1563 1345 1620 posse

135 1638 300 1695 quenquam
314 1620 388 1678 hanc
397 1619 520 1678 salutem
529 1621 667 1696 consequi
676 1620 732 1678 nisi
743 1620 778 1677 od
792 1621 884 1697 ipsum
896 1620 1002 1694 veniat,
1019 1628 1048 1678 et
1062 1622 1201 1698 cumipse
1215 1623 1345 1682 uniatur:

135 1697 197 1756 fieri
211 1698 320 1775 nequit,
331 1699 456 1776 inquam,
469 1699 538 1776 quia
552 1700 653 1759 solutis
664 1708 693 1758 et
704 1700 850 1759 beatitatis
862 1700 1006 1777 appetitus
1016 1711 1062 1759 est
1071 1701 1189 1759 innatus
1200 1702 1344 1772 omnibus,

136 1786 169 1836 ut
182 1778 257 1835 isox
272 1779 368 1856 scipso
383 1780 483 1837 exiens
497 1789 527 1837 et
540 1779 662 1856 propriso
673 1781 804 1856 justitiae,
821 1781 904 1856 eujus
928 1780 1086 1838 vanitatem
1112 1781 1252 1857 agnoscit,
1274 1802 1347 1840 nun-

134 1857 211 1916 cium
225 1858 382 1934 remittens,
398 1878 456 1918 non
471 1859 546 1917 serio
560 1867 589 1918 st
602 1859 802 1918 ardentissime
811 1860 849 1918 ad
864 1859 1009 1918 Christum
1024 1871 1159 1934 recurrat,
1175 1861 1255 1919 illum
1268 1861 1343 1920 desi-

137 1936 228 2012 deret,
245 1947 363 2013 qnaerat,
379 1947 408 1996 et
423 1939 557 1997 omnibus
570 1939 664 1998 modis
673 1939 821 2016 possidere
846 1939 977 2014 studeat,
999 1939 1078 2016 quod
1094 1940 1241 2018 Scriptura
1259 1940 1346 1999 modo

135 2036 187 2093 per
208 2027 363 2090 προαγωγὴ,
384 2027 413 2077 et
426 2039 565 2077 accessum
579 2019 617 2076 ad
626 2019 772 2078 Christum
786 2028 875 2093 notat,
892 2019 997 2077 Matth.
1023 2019 1062 2077 xi.
1078 2021 1126 2096 28,
1154 2021 1238 2078 Ilom.
1261 2041 1289 2077 v.
1316 2026 1345 2096 2,

137 2097 213 2173 Eph.
228 2097 258 2155 ii.
276 2101 321 2172 18,
337 2097 423 2157 modo
438 2118 489 2174 per
502 2100 561 2156 Dei
573 2099 775 2174 inquisitionun
788 2100 954 2174 etslndiom,
981 2099 1040 2157 Isa.
1064 2100 1105 2158 lv.
1132 2103 1159 2174 6,
1185 2100 1271 2158 modo
1294 2121 1346 2176 per

126 2179 238 2250 semein
252 2186 279 2235 et
290 2179 494 2253 sitimjostitioe,
508 2179 613 2236 Matth.
628 2198 658 2236 v.
673 2181 701 2254 6,
718 2179 795 2237 Psal.
811 2178 873 2237 xlii.
892 2182 917 2252 l,
933 2182 961 2252 2,
977 2177 1070 2256 Apoc.
1085 2180 1158 2237 xxii.
1173 2183 1218 2253 17,
1232 2180 1289 2237 Iso.
1304 2181 1346 2238 lv.

139 2261 165 2330 l,
178 2260 205 2332 2,
218 2256 257 2314 id.
267 2277 318 2333 per
332 2257 505 2316 desiderium
515 2258 757 2317 ferventissimum
768 2259 881 2318 Christo
893 2267 922 2318 et
934 2259 997 2318 Deo
1006 2259 1128 2335 fruendi,
1140 2259 1217 2318 Psal.
1230 2259 1345 2318 lxxxiv.

140 2340 166 2411 1,
183 2341 211 2409 2,
228 2335 309 2396 Cant.
325 2339 343 2396 i.
359 2342 386 2412 2,
402 2338 482 2396 ctiii.
496 2341 521 2413 1,
548 2338 631 2414 cujus
645 2339 810 2415 exemplum
834 2339 941 2415 passim
965 2338 995 2396 in
1022 2339 1135 2398 Davide
1158 2339 1290 2413 occurrit,
1316 2340 1346 2398 in

142 2417 264 2491 Sponsa,
281 2416 363 2476 Cant.
377 2417 406 2474 ii.
422 2426 494 2476 etv.
518 2418 553 2476 ln
566 2418 628 2475 filio
642 2418 772 2494 prodigo,
789 2419 839 2494 qui
853 2419 953 2494 agnita
966 2418 1082 2476 miseria
1097 2439 1149 2477 sus
1163 2428 1193 2477 et
1206 2419 1244 2477 ad
1258 2439 1288 2477 se
1303 2440 1347 2478 re·

138 2495 231 2568 diens,
247 2497 395 2555 constituit
408 2497 446 2555 ad
462 2498 576 2556 Patrem
591 2497 706 2572 reverti,
723 2501 741 2530 “
752 2497 876 2574 Surgam
890 2507 919 2557 et
930 2498 1029 2556 redibo
1041 2498 1078 2556 ad
1091 2499 1205 2559 Patrem
1220 2500 1345 2558 meum.''

140 2575 177 2632 In
193 2574 292 2650 Paulo,
316 2577 391 2635 Phil.
406 2577 446 2636 iii.
462 2581 489 2652 7,
505 2579 533 2652 8,
549 2577 606 2636 alio
620 2577 716 2635 omnia
729 2598 781 2654 pro
795 2578 908 2636 damnis
927 2578 1051 2637 habente
1075 2579 1349 2656 “praeexcellentia

139 2654 313 2731 cognitionis
328 2656 435 2716 Christi
449 2666 481 2716 ut
496 2657 659 2716 inveniatur
673 2657 787 2734 inipso,
812 2659 921 2717 habens
943 2678 1002 2716 non
1016 2677 1097 2716 suam
1118 2659 1261 2736 justitiam
1276 2679 1343 2734 quae

139 2745 235 2794 estex
252 2735 339 2813 Lege,
355 2737 406 2796 sed
416 2736 559 2814 justitiam
575 2757 639 2813 qua
653 2745 698 2795 est
712 2757 749 2796 ex
762 2737 819 2796 fide
835 2738 971 2796 Christi.¹'

446 2816 505 2874 IX.
528 2816 652 2890 Quintus
667 2827 711 2876 sst
724 2818 811 2875 Actus
824 2817 988 2892 receptionis
1003 2815 1117 2888 Christi,
1134 2817 1195 2874 sive
1210 2817 1345 2874 odiosio-

404 2897 455 2970 nis,
471 2905 498 2954 et
510 2897 628 2970 uniones,
644 2916 790 2973 perquem
804 2916 862 2955 nou
876 2897 962 2954 modo
976 2895 1131 2971 quaerimus
1141 2896 1285 2954 Christum
1297 2916 1349 2972 per

403 2976 506 3034 animes
521 2974 703 3049 desiderium,
719 2985 748 3034 et
762 2975 799 3033 ad
812 2975 895 3034 illum
905 2975 1094 3051 confugimus,
1110 2975 1161 3033 sod
1172 2975 1253 3033 illum
1268 2975 1348 3034 obla·

139 3063 200 3114 tum
215 3056 456 3132 apprehendimus
471 3065 500 3114 et
514 3055 677 3132 recipimus,
693 3057 842 3114 inventum
857 3055 1064 3132 amplectimur,
1080 3065 1109 3114 ct
1122 3055 1206 3113 nobis
1221 3056 1345 3131 applica-

140 3155 205 3196 mus
219 3135 319 3213 illique
335 3137 523 3210 adhaerenrus,
537 3143 566 3194 et
580 3155 634 3193 nos
648 3136 772 3194 unimus.
815 3136 857 3194 Ut
870 3137 947 3193 enim
970 3136 1049 3194 Dens
1071 3135 1173 3193 anima
1197 3135 1351 3211 peccatrici

139 3225 265 3276 onerata
279 3235 313 3274 sc
328 3235 415 3275 sensu
428 3223 610 3292 peccatorum
626 3235 743 3274 suorum
757 3215 877 3292 dejcetae
892 3225 921 3273 et
935 3216 1073 3287 contritae,
1091 3215 1196 3273 Filium
1211 3235 1304 3289 suum,
1319 3223 1350 3274 et

142 3295 275 3356 Christus
290 3295 416 3372 seipsum
431 3315 495 3354 cum
511 3295 645 3354 omnibus
659 3295 806 3354 benefieiis
829 3297 898 3370 suis,
914 3305 943 3353 et
966 3295 1146 3372 plenitudine
1171 3295 1272 3354 salutis
1286 3315 1352 3371 quae

141 3376 170 3434 in
185 3377 248 3452 ipso
261 3375 369 3435 residet
383 3375 474 3452 gratis
488 3373 571 3433 offert
585 3375 615 3432 in
627 3375 807 3452 Evangelio:
851 3376 897 3434 lta
908 3376 1002 3433 anima
1013 3374 1048 3433 de
1059 3375 1237 3451 plenitudine
1249 3374 1352 3434 solutis

140 3457 170 3516 in
187 3456 302 3515 Christo
316 3454 436 3514 firmiter
449 3474 595 3532 persuasa,
611 3463 639 3513 et
654 3455 824 3532 confugiens
848 3455 887 3513 ad
908 3455 1002 3532 ipsum
1028 3455 1110 3530 serio,
1126 3465 1155 3514 et
1174 3456 1350 3514 communio·

60 3598 62 3602 ,
138 3556 204 3596 nem
216 3535 280 3612 ejus
291 3535 419 3611 impense
426 3534 602 3608 desiderans,
614 3553 671 3592 non
681 3543 776 3611 potest
789 3555 847 3593 ιιοιι
859 3535 986 3594 oblatum
996 3555 1139 3595 summum
1151 3535 1223 3593 illud
1231 3535 1349 3610 bonum,

138 3625 168 3675 et
183 3615 412 3675 inaestimabilem
428 3615 593 3674 thesaurum
608 3635 719 3673 summa
742 3635 807 3673 cum
833 3615 961 3673 lubentia
983 3623 1012 3674 et
1035 3616 1184 3674 voluntate
1209 3615 1354 3694 amplecti,

139 3697 298 3772 omniapro
313 3695 375 3772 ipsc
391 3695 524 3770 vendere,
539 3694 643 3753 Matth.
660 3693 720 3751 xiii.
736 3697 784 3769 44,
801 3695 915 3754 Christo
938 3695 1024 3754 unico
1050 3696 1236 3773 Redemptori
1257 3696 1350 3770 inniti,

142 3783 172 3833 et
185 3775 234 3832 ille
249 3794 279 3832 se
294 3774 407 3834 tradere
431 3783 461 3833 et
484 3773 667 3851 mancipare3
692 3774 731 3832 Et
755 3774 796 3832 ita
819 3775 939 3834 firmiter
958 3795 1024 3834 eum
1035 3776 1167 3849 retinere,
1189 3784 1222 3834 ut
1235 3775 1353 3851 quidvis

141 3853 239 3930 potius
260 3854 390 3912 amittere
404 3863 505 3931 parata
529 3855 575 3928 sit,
601 3873 687 3929 quarn
710 3854 792 3912 illum
816 3855 950 3931 abjicere.
992 3854 1091 3931 Atque
1105 3855 1153 3912 hic
1176 3853 1304 3911 fanuelis
1325 3861 1355 3910 et

143 3932 307 4008 praecipuus
320 3940 365 3990 est
377 3932 446 3992 fidei
457 3934 645 4010 justificantis
659 3943 750 4009 actus,
766 3934 816 4010 qui
830 3954 882 4010 per
905 3935 1089 4010 receptionem
1110 3933 1255 4008 designari
1270 3931 1353 4006 solet,

140 4009 211 4072 Joh.
232 4011 252 4067 i.
269 4012 315 4082 12,
339 4011 515 4088 “Quotquot
529 4033 595 4072 eum
609 4014 807 4090 receperunt,''
823 4013 862 4071 id.
893 4013 1164 4090 “quicrcdiderunt
1187 4012 1217 4068 in
1239 4011 1352 4068 Nomen

142 4089 237 4168 ejus,’¹
253 4097 282 4147 et
293 4089 377 4148 Rom.
403 4111 431 4148 v.
448 4095 494 4168 17,
509 4093 610 4152 fideles
624 4093 759 4152 dicuntur
784 4096 802 4126 “
813 4093 942 4169 accipere
963 4092 1070 4150 donum
1082 4091 1232 4168 justitiae,’'
1248 4099 1276 4148 et
1291 4089 1355 4148 Col.

142 4171 173 4230 ii.
189 4173 217 4242 6,
235 4171 253 4201 “
263 4169 392 4244 accipere
406 4170 581 4246 Christum,''
598 4173 680 4232 Cant.
695 4172 736 4231 iii.
752 4177 779 4247 4,
797 4171 932 4230 “Inveni
956 4191 1042 4247 quem
1057 4170 1153 4246 diligit
1170 4169 1265 4226 anima
1279 4189 1352 4243 mea,

142 4247 322 4328 apprehendi
336 4267 411 4324 eum,
427 4269 480 4308 nee
495 4251 620 4326 dimisi,”
637 4250 702 4328 dcc,
718 4251 875 4330 aliquando
890 4271 941 4328 per
954 4271 1029 4308 esum
1043 4259 1186 4324 etpotam,
1204 4249 1308 4307 Matth.
1324 4269 1353 4306 v.

144 4333 172 4406 6,
187 4330 210 4389 J
212 4329 259 4387 oh.
274 4327 314 4386 vi.
329 4347 381 4404 per
394 4329 562 4390 indictionem
578 4333 691 4408 cunii,
708 4333 774 4392 Gal.
789 4332 830 4390 iii.
842 4335 890 4389 27.
923 4329 1038 4406 thuia
1049 4330 1144 4387 anima
1156 4329 1302 4387 Christum
1313 4329 1354 4386 ita

141 4407 363 4487 apprehendens
373 4407 403 4464 in
416 4408 510 4486 ipsum
525 4412 673 4486 recumbit,
699 4421 728 4472 et
750 4413 794 4470 illi
815 4410 948 4468 innititur
971 4418 1000 4468 et
1020 4409 1156 4482 sdhaeret,
1182 4407 1253 4466 fides
1267 4407 1354 4466 etiam

142 4497 300 4569 peractum
320 4487 508 4548 reclinationis
518 4509 576 4548 non
601 4492 691 4551 semel
715 4491 896 4565 describitur,
912 4487 989 4548 Psal.
1004 4489 1077 4546 lxxi.
1093 4491 1120 4564 5,
1137 4489 1194 4547 Iso.
1209 4509 1239 4546 x.
1262 4490 1309 4562 20,
1326 4495 1356 4546 et

144 4569 240 4628 xlviii.
256 4573 284 4642 2,
300 4573 330 4626 et
343 4566 362 4625 l.
381 4569 427 4642 10,
444 4569 532 4630 Mich.
548 4570 587 4631 iii.
602 4574 647 4647 ll,
663 4581 696 4632 ut
710 4581 739 4631 et
752 4591 804 4648 per
827 4579 919 4628 acham
934 4569 1108 4643 adhesimus,
1131 4577 1161 4628 et
1175 4567 1353 4645 conglutina-

143 4650 242 4725 tioniS,
258 4655 287 4707 et
302 4646 606 4726 unionissrctissimrs,
622 4652 784 4728 quonimus
809 4670 841 4726 os
866 4671 904 4707 cx
928 4650 1050 4724 ossibus,
1078 4659 1106 4707 et
1128 4669 1195 4707 caro
1219 4669 1257 4706 ex
1271 4669 1356 4708 carne

137 1281 158 1322 ‹l-
174 1280 256 1325 Actus
267 1281 368 1340 rr·sugii;

138 2873 160 2920 5.
176 2875 258 2945 hctus
283 2877 384 2934 recepti·

154 2947 208 2978 onis
227 2941 253 2979 ot
264 2937 377 2986 onlonls;
