3186 5210
190 379 302 430 cuman.
317 358 365 441 m]
639 377 678 418 ns
699 377 951 420 eusrrrrcarrons.
1339 367 1397 426 567

190 530 252 582 tum
275 517 485 581 communionis
508 525 605 578 restas
619 518 657 578 ad
670 526 800 594 mortem,
816 527 845 580 et
855 519 931 597 juris
945 519 983 580 ad
997 519 1097 596 vitam,
1113 539 1151 580 ex
1171 521 1277 582 anione
1298 532 1398 584 nostra

189 623 256 662 cum
271 600 488 678 Adamoprimo
499 608 529 659 et
539 599 674 675 secundo,
691 600 787 676 quoad
801 620 870 676 rem,
885 601 954 660 licet
967 600 1071 660 modus
1082 600 1120 660 sit
1134 601 1266 662 diversus
1280 613 1398 682 propter

189 682 387 742 diversitatem
402 679 535 758 subjecti.
571 687 687 752 uersuta
699 689 739 742 nte
750 689 847 754 χήμης
860 690 900 736 ιιι
912 686 1054 748 basanim,
1072 701 1132 740 scr.
1144 685 1190 758 17,
1205 701 1264 742 non
1278 683 1397 744 denotat

188 762 365 822 habitualem
390 759 522 837 gratiam,
545 767 595 820 aut
604 759 749 837 justitiam
770 760 966 837 inhaerentem,
989 760 1040 820 sed
1059 760 1265 822 abundantiam
1289 763 1396 824 divinae

188 841 400 916 misericordiae,
424 849 454 898 et
475 839 619 898 infinitum
630 839 752 917 justitie
766 840 942 916 thesaurum,
965 860 1051 917 quem
1064 840 1095 898 in
1110 841 1280 902 Mediatoris
1295 844 1393 903 obedi·

187 922 265 980 antia
279 921 380 980 fideles
394 926 617 996 consequuntur.
657 920 697 979 Et
710 919 766 979 hoc
780 919 887 979 donum
901 922 996 998 majus
1010 940 1073 979 esse
1087 919 1200 998 dicitur,
1214 943 1302 1001 quam
1318 925 1393 984 Adae

187 1009 346 1078 peccatum,
369 1001 438 1078 quia.
451 1001 545 1077 gratis
560 999 616 1058 Dei
631 999 738 1058 Christi
752 1000 897 1077 justitiam
918 999 1004 1059 nobis
1018 999 1138 1075 donans,
1158 1021 1216 1060 non
1230 1003 1316 1063 modo
1329 1024 1392 1064 rea·

188 1091 248 1139 tum
262 1081 349 1140 unius
363 1079 609 1158 transgressionis,
625 1079 676 1138 sed
690 1080 818 1138 omnium
832 1087 1015 1157 peccatorum
1035 1080 1191 1140 actualium
1214 1082 1342 1160 abstulit,
1359 1093 1393 1144 ut

185 1160 259 1220 hone
274 1160 408 1239 Aquinas
421 1161 452 1218 in
465 1159 494 1219 h.
509 1159 529 1219 l.
545 1159 689 1218 observat.
731 1159 793 1219 Nec
807 1160 902 1236 magis
918 1168 1002 1237 urget
1020 1159 1099 1238 quod
1120 1159 1243 1222 dicimur
1263 1165 1392 1240 accipere

183 1242 288 1316 gratiae
314 1242 525 1315 abunduntiam,
548 1259 608 1300 ver.
634 1243 680 1314 17,
704 1239 773 1316 quia
799 1240 957 1316 accipimus
979 1260 1042 1298 eam
1064 1259 1152 1300 manu
1176 1241 1253 1319 fidei,
1278 1263 1337 1302 non
1358 1253 1392 1304 ut

185 1330 284 1380 nostra
296 1321 348 1380 fiat
361 1342 412 1400 per
425 1321 543 1380 modurn
562 1318 723 1395 infusionis,
739 1320 787 1380 vel
801 1319 976 1396 inhaesionis,
999 1320 1051 1378 scd
1063 1339 1116 1397 per
1128 1321 1247 1381 modum
1267 1323 1390 1402 imputa·

185 1401 282 1461 tionis.

225 1481 303 1540 XX.
334 1481 431 1540 lCor.
446 1480 485 1540 vi.
502 1483 548 1554 11,
568 1479 737 1559 Juseflcatio
758 1500 817 1538 non
838 1479 1015 1558 proponitur,
1037 1487 1071 1539 ut
1091 1499 1192 1557 genus,
1208 1481 1287 1557 quod
1311 1503 1389 1542 com·

182 1560 325 1638 plectatur
347 1563 401 1622 sub
424 1580 454 1620 se
476 1561 652 1635 ablutionem,
670 1568 700 1619 et
712 1561 954 1640 sancb'ficationem
963 1583 975 1632 ;
997 1559 1049 1619 aed
1070 1569 1169 1620 contra
1189 1563 1301 1638 ablcb'o,
1324 1583 1389 1641 qua

182 1640 214 1698 iu
238 1641 388 1718 Baptismo
413 1640 608 1715 adumbratur,
623 1647 656 1700 ut
670 1660 729 1698 vox
744 1640 905 1717 generalior
925 1640 1017 1718 primo
1038 1639 1103 1698 loco
1123 1642 1300 1718 proponitur,
1323 1664 1389 1721 quas

183 1720 237 1780 sub
252 1741 282 1780 se
293 1720 530 1798 justificationem
545 1728 574 1779 et
588 1719 851 1794 sanctificationem,
867 1728 900 1779 ut
913 1720 986 1779 duas
1000 1719 1119 1798 species,
1132 1721 1267 1797 continet,
1283 1731 1388 1783 utnon

183 1820 247 1859 raro
271 1809 425 1878 utrumque
449 1801 528 1860 istud
552 1799 724 1859 beneficium
746 1820 804 1860 una
826 1799 983 1859 ablutionis
997 1819 1068 1860 voce
1083 1800 1157 1860 solet
1173 1800 1306 1878 describi,
1326 1812 1387 1863 tarn

179 1881 356 1957 justificatio,
374 1881 451 1941 Psal.
465 1881 496 1940 li.
512 1887 539 1957 2,
557 1881 656 1940 lJoh.
671 1881 690 1939 i.
706 1884 733 1956 7,
749 1900 836 1957 quam
857 1879 1054 1956 sanctificatio,
1071 1880 1147 1940 Heb.
1163 1882 1203 1940 irr.
1221 1884 1267 1940 14.
1303 1883 1388 1958 Quod

182 1979 252 2019 vero
266 1961 381 2020 additur
395 1962 430 2020 de
444 1962 555 2021 nomine
570 1961 682 2036 Chresti,
705 1980 764 2019 non
777 1969 859 2020 notat
878 1960 992 2037 proprie
1013 1961 1233 2037 invocationem,
1256 1981 1322 2039 quac
1336 1963 1388 2023 fiat

182 2060 235 2117 per
254 2041 334 2116 illud,
357 2042 409 2101 sed
429 2042 489 2100 vim
504 2049 533 2101 et
547 2040 702 2100 efficaciam
717 2041 788 2118 ejus,
803 2049 836 2100 ut
849 2041 1004 2118 justificari
1015 2041 1045 2100 in
1062 2043 1172 2100 nemina
1188 2041 1295 2100 Christi
1313 2043 1387 2102 nihil

181 2120 262 2180 aliud
273 2120 310 2181 sit
321 2141 405 2198 quam
416 2122 571 2199 justificari
578 2141 630 2198 por
640 2129 669 2180 et
679 2129 796 2199 propter
810 2121 965 2196 Christum,
978 2120 1046 2198 quia
1059 2120 1173 2181 nullum
1187 2121 1267 2181 aliud
1280 2143 1386 2184 nomen

182 2208 235 2275 est,
251 2201 281 2258 in
295 2221 353 2278 quo
367 2202 489 2260 salutem
503 2201 648 2279 possimus
661 2201 808 2278 consequi.

223 2281 320 2340 XXI.
349 2281 457 2342 Paulus
471 2301 530 2340 non
543 2281 622 2357 dicit,
638 2281 695 2340 Tit.
710 2281 752 2340 iii.
767 2282 794 2356 5,
811 2283 838 2354 6,
855 2285 882 2357 7,
905 2280 967 2340 Nos
994 2280 1211 2358 regeneratione
1222 2281 1385 2360 justificari,

181 2359 240 2418 imo
254 2381 319 2420 cum
337 2361 573 2437 justificationem
592 2361 693 2439 gratiae
713 2361 770 2420 Dei
783 2361 900 2435 tribuat,
916 2369 945 2420 et
959 2361 1094 2439 operibus
1118 2360 1234 2437 adimat,
1260 2363 1387 2423 ostendit

181 2459 212 2498 se
223 2441 345 2515 justitiae
359 2460 411 2518 per
424 2443 669 2518 regenerationem
693 2441 846 2500 inhaerenti
865 2440 944 2500 nolle
958 2461 1022 2500 eam
1035 2441 1171 2517 tribuere,
1194 2461 1259 2518 quac
1277 2442 1384 2520 justifi-

180 2519 303 2579 cationis
317 2529 361 2580 est
374 2521 470 2599 potius
483 2520 593 2582 fructus
607 2541 694 2598 quam
708 2541 804 2580 causa.
848 2520 1009 2590 Sedmens
1031 2521 1095 2599 ejus
1117 2529 1161 2580 est
1182 2531 1291 2598 nemra,
1313 2544 1384 2601 quo·

178 2599 265 2658 modo
280 2601 360 2660 Deus
374 2621 427 2660 nos
442 2602 539 2661 salvos
552 2601 661 2678 fecerit,
683 2601 806 2679 perduc
820 2600 960 2660 beneficia
974 2621 1039 2678 quse
1053 2600 1137 2660 nobis
1151 2601 1281 2680 largitur,
1301 2623 1383 2680 rege-

179 2680 365 2755 necationem,
389 2682 473 2759 cujus
488 2682 613 2759 Spiritus
629 2681 752 2740 Sanctus
766 2690 810 2740 est
824 2681 927 2740 author
940 2681 972 2738 in
985 2680 1078 2756 nobis,
1094 2687 1123 2739 et
1139 2680 1384 2760 justificationem,

179 2780 265 2836 quam
279 2781 331 2839 per
345 2761 491 2822 Christum
508 2762 719 2839 consequimur,
741 2781 792 2839 per
806 2780 893 2838 quam
906 2760 1010 2820 fiamus
1022 2759 1153 2818 haeredes
1166 2760 1235 2818 vitre
1249 2769 1383 2840 aeternac3

180 2841 236 2898 llls
250 2849 331 2901 notat
344 2842 423 2900 viam
438 2840 548 2917 salutis,
571 2842 633 2901 Ista
646 2861 716 2900 vero
730 2843 793 2920 ejus
807 2859 932 2900 causam.

220 2920 332 2981 XXII.
358 2921 550 2981 conformitas
565 2941 630 2980 cum
644 2921 770 2999 imagine
784 2920 900 2996 Christi,
915 2918 1050 2996 adquam
1064 2918 1260 2998 praedestinati
1274 2941 1382 3000 sumus,

180 2999 265 3059 Rom.
280 3001 341 3060 viii.
354 3005 402 3077 29,
415 3002 480 3062 vult
498 3001 616 3079 quidem
640 3010 674 3061 ut
687 3000 849 3060 muctitatis
873 3007 903 3059 et
921 2998 1046 3077 justitiae
1070 2999 1236 3059 inhaerentis
1259 3001 1296 3058 ad
1318 3002 1383 3080 ejus

179 3079 270 3140 instar
289 3081 392 3141 fiemus
412 3081 583 3160 participes;
606 3082 729 3142 sednon
742 3101 777 3141 co
791 3080 908 3158 respicit
921 3089 954 3139 ut
967 3099 1019 3156 per
1028 3079 1173 3156 justitiam
1186 3079 1272 3139 istam
1292 3081 1382 3142 inhae-

178 3169 288 3220 rentem
299 3163 500 3239 justificemur,
515 3170 548 3221 ut
561 3161 625 3238 ille;
648 3182 714 3220 cum
728 3169 757 3220 et
770 3169 920 3239 peecatum
933 3159 1107 3237 praecedens,
1123 3167 1152 3218 et
1162 3160 1284 3237 justitiae
1298 3161 1383 3222 istius

179 3240 364 3319 imperfectio,
376 3243 465 3302 talem
481 3241 718 3319 justificationem
732 3239 940 3318 impossibilem
954 3238 1065 3298 reddat.
1108 3239 1182 3298 Nam
1196 3238 1259 3299 fieri
1272 3242 1381 3319 nequit,

177 3328 210 3378 ut
224 3320 245 3378 ii
259 3322 308 3398 qni
329 3331 397 3382 sunt
413 3321 466 3380 filii
487 3322 537 3380 irae
557 3329 669 3397 natura,
691 3321 788 3399 etqui
809 3340 956 3398 nunquam
978 3327 1045 3378 sunt
1066 3319 1127 3378 sinc
1149 3328 1276 3396 peccato,
1295 3322 1381 3398 justi·

177 3397 299 3459 ficentur
312 3421 346 3461 eo
360 3402 455 3478 modo,
474 3422 532 3479 quo
549 3401 726 3480 justificatus
740 3410 792 3477 est,
807 3401 930 3478 quinon
943 3399 1026 3458 novit
1039 3407 1197 3477 peccatum,
1213 3409 1242 3460 et
1255 3401 1286 3459 in
1300 3403 1383 3481 cujus

178 3498 226 3538 ore
248 3499 306 3540 non
327 3481 463 3542 inventus
484 3490 529 3542 cst
549 3481 642 3541 dolus.

217 3560 348 3621 XXIII.
378 3562 460 3622 Licet
474 3562 552 3622 Abel
567 3571 596 3622 et
617 3562 753 3621 Noachus
771 3561 845 3640 justi
865 3559 979 3635 fuerint,
1001 3568 1031 3620 et
1049 3560 1128 3619 bona
1148 3579 1235 3638 opera
1253 3561 1380 3640 iecerint,

176 3659 235 3698 non
250 3641 314 3700 idco
329 3651 425 3703 tamen
439 3663 491 3720 per
505 3643 692 3702 inhaerentem
706 3661 788 3700 suam
802 3640 947 3718 justitiam
961 3649 991 3700 ot
1004 3640 1081 3699 bona
1094 3661 1181 3718 opera
1195 3651 1265 3702 sunt
1274 3643 1380 3720 justifi-

176 3719 242 3778 cati.
285 3722 348 3781 lrno
363 3722 480 3799 Paulus,
498 3723 575 3782 Heb.
590 3723 640 3797 xi,
656 3727 779 3781 testatur
788 3722 884 3799 justos
898 3719 986 3779 fuisse
997 3720 1113 3797 justitia
1126 3721 1211 3781 fidei:
1248 3723 1303 3781 llle
1317 3724 1379 3799 qui·

177 3797 243 3856 dem
257 3796 325 3859 dum
338 3801 490 3878 perfidem
505 3801 675 3862 sacrificium
689 3801 809 3879 majoris
822 3801 908 3878 pretii
920 3800 1035 3875 obtulit,
1056 3820 1108 3878 per
1121 3820 1207 3878 quarn
1221 3802 1307 3859 etiam
1322 3812 1380 3861 tes-

178 3877 329 3938 timonium
350 3882 475 3942 obtinuit
489 3883 567 3959 quod
583 3883 682 3961 justus
701 3889 786 3958 esset,
801 3901 862 3940 ver.
878 3884 916 3957 43
939 3881 1000 3940 Iste
1015 3899 1084 3938 vero
1095 3880 1225 3956 justitia,
1241 3899 1306 3956 quae
1328 3901 1381 3959 per

177 3955 263 4014 fidem
277 3967 330 4034 est,
352 3960 445 4019 factus
459 3970 504 4020 est
517 3963 617 4036 heres,
634 3981 694 4020 ver.
710 3965 737 4038 7,
753 3980 818 4038 quac
832 3980 890 4019 non
905 3959 1028 4035 aliaest,
1050 3979 1136 4035 quam
1146 3959 1270 4036 justitia,
1293 3980 1379 4037 quam

178 4037 258 4096 Dens
271 4037 395 4116 imputat
406 4060 459 4117 per
471 4040 567 4116 iidem,
584 4042 668 4102 Rom.
683 4042 724 4104 iv.
739 4045 767 4117 5,
783 4044 811 4100 6.
843 4039 929 4100 Unde
950 4039 1098 4098 fluxerunt
1119 4038 1195 4096 bona
1209 4058 1296 4116 opera
1313 4061 1379 4118 quse

195 4117 378 4178 raestiterunt.

175 4137 193 4194 p
215 4197 341 4258 XXIV.
371 4199 444 4258 Cum
455 4199 477 4260 J
478 4199 632 4260 notificatio
647 4199 826 4260 describatur
837 4199 868 4258 in
880 4199 1028 4277 Scriptura
1040 4217 1092 4276 per
1104 4196 1301 4257 remissionem
1312 4219 1378 4278 pec-

174 4286 304 4337 catorum
318 4289 347 4338 ct
357 4279 480 4356 justitiae
504 4279 742 4359 imputationem
771 4279 837 4339 Non
861 4289 957 4358 potest
981 4277 1039 4337 dici
1062 4287 1158 4337 motus
1172 4298 1189 4336 a
1202 4287 1321 4356 peccato
1341 4281 1380 4340 ad

168 4358 322 4436 justitiam,
344 4358 440 4437 qualis
459 4359 493 4419 fit
510 4359 541 4418 in
559 4361 778 4435 illuminatione,
801 4368 830 4418 ct
851 4358 1046 4419 calefactione.
1097 4359 1136 4417 Ει
1156 4359 1211 4417 hoc
1231 4366 1276 4417 est
1294 4369 1379 4434 rete-0·

172 4443 252 4504 titt„
271 4439 523 4514 Adversariorum,
545 4440 595 4518 qni
609 4441 751 4500 actionem
765 4439 909 4499 forensem
922 4447 951 4498 ct
962 4438 1139 4516 judicialem,
1157 4458 1222 4514 quac
1235 4437 1269 4498 ht
1282 4458 1378 4498 coram

173 4517 245 4594 Deo,
268 4527 442 4579 convertunt
456 4520 486 4578 in
499 4521 641 4580 actionem
655 4519 805 4599 physicam
819 4519 868 4578 cel
881 4519 1027 4594 moralem,
1049 4539 1114 4596 quse
1128 4519 1179 4577 fiat
1191 4518 1222 4576 in
1235 4517 1328 4576 uobis.

214 4599 322 4660 XXV.
352 4601 448 4676 Quum
461 4601 562 4660 fideles
576 4609 679 4679 petunt
692 4620 710 4659 a
725 4601 788 4658 Deo
805 4599 931 4676 judicari
952 4599 1109 4658 secundum
1127 4598 1271 4676 justitiam
1285 4619 1376 4676 suam,

174 4679 251 4740 Psal.
264 4681 313 4741 vii.
326 4684 354 4758 8,
365 4690 395 4740 et
405 4681 476 4740 xvii.
492 4684 517 4758 1,
529 4689 559 4740 et
569 4681 651 4739 xviii.
663 4681 711 4756 20,
724 4698 781 4737 non
792 4678 982 4756 intelligenda
996 4680 1157 4755 estjustitia
1166 4699 1305 4757 pwsonoe,
1320 4699 1378 4758 qua
