3186 5210
153 409 265 458 quesn.
281 387 338 469 vn]
571 409 609 447 na
630 409 798 449 vocarroas
820 410 857 450 ur
878 413 958 451 rina.
1300 395 1358 452 485

232 618 237 630 .
457 548 546 607 XIV.
575 549 681 624 Tertio,
706 550 761 607 Dei
778 551 905 627 operatio
934 551 1043 610 invicta
1064 551 1183 610 docetur
1210 572 1248 610 cx
1275 551 1355 625 locis,

148 616 172 663 3.
189 615 255 666 (ἕω
269 615 337 660 9⁰³⁵
351 617 394 698 <lat
416 629 564 704 inquibus
590 630 670 688 Deus
694 629 799 688 dicitur
822 630 906 688 nobis
928 630 996 689 dare
1011 651 1060 689 cor
1073 651 1190 706 novum,
1203 640 1232 690 et
1245 631 1356 690 auferre

209 687 364 726 cornorum,
413 708 567 784 lapideum,
590 716 620 766 et
640 709 733 769 facere
746 717 779 768 ut
793 709 973 768 ambulemus
994 711 1024 768 in
1046 711 1160 770 statutis
1182 711 1253 788 ejus,
1271 711 1356 770 llaec.

150 790 255 848 xxxvi.
266 791 314 862 26,
326 792 373 862 27,
388 788 500 846 “Dabo
514 788 598 846 vobis
610 808 786 864 cornorum,
800 798 828 847 et
839 789 971 866 spiritum
980 809 1088 850 novum
1098 811 1202 867 ponam
1217 791 1247 847 in
1261 790 1356 848 medio

150 869 249 942 vestri,
272 867 399 927 auferam
424 888 474 925 cor
495 867 641 944 lapideum
656 888 673 926 a
687 888 772 926 carne
786 877 891 944 vestra,
907 877 937 928 et
950 869 1025 928 dabo
1040 871 1124 928 vobis
1142 890 1191 928 cor
1211 889 1355 944 carneum,

148 957 179 1006 et
195 948 334 1024 Spiritum
355 967 450 1005 meum
471 947 620 1024 ponamin
635 947 729 1006 medio
744 948 841 1024 vestri,
865 969 921 1024 quo
943 949 1044 1007 faciam
1060 949 1135 1008 utin
1150 949 1265 1008 statutis
1284 950 1356 1008 meis

150 1027 334 1086 ambuletis.''
362 1027 421 1086 Ubi
435 1035 506 1103 quot
520 1035 587 1085 sunt
601 1027 698 1102 verba,
715 1035 757 1086 tot
772 1036 839 1086 sunt
852 1037 1086 1104 argumentorum
1100 1029 1246 1106 pondera:
1261 1031 1354 1103 Dabo,

149 1107 253 1184 inquit,
269 1127 327 1164 non
338 1106 455 1165 offeram
476 1115 597 1181 tantum,
613 1115 642 1164 et
655 1107 840 1184 praeparabo;
859 1107 925 1182 Gor,
941 1128 999 1166 non
1014 1117 1125 1168 tantum
1146 1117 1280 1183 mentem,
1304 1110 1355 1167 sed

149 1187 245 1263 ipsum
260 1186 363 1244 animae
377 1187 550 1262 sacrarium
575 1187 634 1245 Gor
651 1207 761 1260 novum,
783 1206 841 1245 non
855 1187 995 1264 refingam
1009 1197 1094 1247 vetus
1108 1197 1138 1248 et
1151 1188 1309 1248 immutabo
1324 1189 1355 1246 in

149 1265 262 1341 melius,
278 1265 330 1324 sed
344 1265 428 1342 plane
443 1285 560 1340 novum,
576 1276 605 1324 et
619 1265 697 1323 alind
713 1265 796 1341 dabo,
812 1286 870 1324 non
884 1269 1064 1344 conjungens
1078 1288 1175 1326 meum
1189 1288 1254 1326 cum
1269 1269 1355 1327 corde

148 1353 255 1420 vestro,
268 1345 319 1404 sed
330 1365 468 1404 amovens
482 1346 596 1422 penitus
613 1345 671 1408 Cor
685 1345 826 1421 lapideam
840 1345 952 1419 durum,
968 1346 1088 1422 aridum,
1104 1355 1133 1405 et
1148 1367 1249 1406 sensus
1264 1350 1356 1406 omnis

148 1445 271 1502 expers;
286 1427 391 1483 ladam
399 1445 540 1499 carneam,
558 1425 595 1482 id.
611 1424 716 1500 flexile,
729 1425 824 1500 molle,
837 1433 866 1483 et
880 1426 1051 1502 obsequens,
1067 1426 1167 1484 vivido
1182 1447 1268 1485 sensu
1282 1448 1353 1504 prae-

149 1504 260 1580 ditum;
284 1505 322 1562 Et
335 1512 368 1563 ut
382 1505 526 1581 potentior
540 1512 569 1562 et
583 1504 724 1562 efficacior
738 1505 844 1562 sitista
858 1505 959 1581 gratia,
975 1503 1089 1563 Ponam
1103 1507 1240 1582 Spiritum.
1255 1527 1352 1582 mcum,

149 1603 208 1642 non
222 1584 345 1642 transire
360 1584 463 1641 faciam
476 1583 567 1642 instar
581 1584 711 1660 hospitis,
734 1584 786 1642 sed
800 1593 832 1642 ut
847 1585 1002 1642 Dominum
1017 1594 1046 1643 et
1061 1585 1217 1643 Praesidem
1238 1605 1351 1663 ponam,

149 1683 208 1721 non
222 1663 253 1720 in
266 1662 393 1738 naribus,
417 1663 469 1722 sed
482 1664 515 1720 in
527 1665 624 1722 Medio
638 1665 729 1738 vestri,
744 1672 777 1722 ut
790 1664 982 1742 principatum
998 1665 1026 1722 in
1040 1665 1125 1722 vobis
1139 1673 1272 1723 exerceat
1284 1687 1292 1740 ς
1313 1665 1353 1724 Et

148 1763 186 1801 ne
199 1743 357 1820 potentium
382 1752 494 1802 tantum
516 1743 588 1801 bone
611 1743 716 1819 agendi
731 1745 815 1801 vobis
839 1744 961 1801 conferri
984 1745 1115 1818 credatis,
1137 1753 1232 1802 actum
1257 1745 1352 1821 ipsum

148 1821 316 1900 procurabo,
333 1824 451 1880 Faciam
466 1832 497 1880 ut
510 1824 652 1882 ambuietis
667 1824 696 1881 io
709 1824 818 1881 statutis
831 1824 906 1898 meis,
923 1844 980 1882 non
1002 1824 1145 1899 hortabor,
1168 1824 1219 1882 sed
1233 1844 1347 1901 persua-

149 1902 233 1976 debo,
256 1922 313 1960 non
335 1902 489 1978 impellam,
512 1911 544 1961 ut
564 1903 681 1980 possitis
707 1903 792 1960 modo
815 1904 919 1979 velitis,
942 1903 994 1962 sed
1006 1905 1118 1978 faciam
1149 1913 1180 1961 at
1198 1905 1350 1979 ambuletis,

148 1981 252 2040 faciam
272 1981 301 2038 in
316 1982 400 2040 vobis
421 1982 496 2040 velle
518 1991 547 2040 et
565 1983 709 2058 perficere,
736 1983 837 2040 faciam
862 1993 896 2041 nt
918 1983 1038 2042 faciatis.
1082 1983 1152 2057 Quis
1177 2003 1246 2041 vero
1269 1984 1352 2042 locus

147 2061 309 2138 magnificae
325 2062 373 2119 isti
386 2062 569 2138 promissioni
594 2082 656 2121 esse
682 2072 783 2138 potest,
805 2063 829 2120 si
849 2063 929 2122 Deus
949 2063 1009 2121 leni
1029 2073 1140 2122 tautum
1166 2063 1307 2138 suasione,
1323 2073 1352 2122 ct

148 2141 341 2199 resistibiliter
361 2141 422 2218 agit
442 2141 473 2198 in
494 2142 599 2200 nobis?
649 2141 720 2216 Quis
735 2163 792 2199 non
807 2142 887 2200 videt
900 2163 958 2201 non
971 2163 1056 2220 posse
1070 2143 1135 2201 aliis
1149 2143 1246 2200 verbis
1261 2143 1351 2202 invic-

147 2229 208 2278 tam
223 2228 252 2278 et
265 2221 487 2297 insuperabilem
504 2222 559 2279 Dei
573 2222 694 2298 gratiam
710 2222 854 2298 exprimi?
906 2222 1015 2281 Eadem
1030 2231 1075 2282 est
1093 2223 1165 2280 ratio
1185 2223 1351 2299 promissio-

147 2301 203 2374 nis,
226 2319 291 2376 quae
325 2300 454 2376 habetur,
486 2301 548 2359 Jer.
578 2301 661 2358 xxxi.
684 2304 731 2376 31,
748 2299 811 2375 dcc,
835 2301 884 2360 nbi
905 2302 1058 2378 pollicetur
1083 2304 1162 2361 Deus
1187 2303 1241 2360 sub
1266 2303 1351 2361 Novo

149 2379 273 2436 Foedere
288 2399 318 2437 se
333 2381 440 2456 Legem
459 2380 661 2458 inscripturum
676 2380 705 2437 in
721 2381 855 2439 cordibus
869 2383 968 2458 populi
983 2382 1035 2456 sni,
1051 2391 1084 2442 ut
1098 2402 1197 2441 omnes
1212 2383 1269 2441 sint
1283 2404 1351 2460 cog·

149 2458 239 2515 nituri
264 2459 427 2535 Dominum,
451 2460 529 2536 quod
549 2461 657 2537 utique,
680 2480 737 2518 non
757 2461 899 2519 actionem
921 2462 1113 2537 resistibilem,
1135 2461 1187 2520 sed
1203 2462 1351 2538 invictam,

148 2557 214 2614 quaa
243 2536 373 2597 effectum
389 2540 547 2598 certissime
575 2541 768 2615 consequitur,
785 2541 920 2613 denotat;
943 2543 1017 2600 Nam
1042 2543 1105 2600 Deo
1127 2542 1235 2618 Legem
1251 2543 1350 2601 inscri-

147 2617 243 2692 bente,
265 2637 323 2676 non
337 2627 432 2696 potest
446 2639 504 2676 non
519 2619 582 2676 Lex
597 2620 722 2693 inscribi,
739 2630 768 2678 ct
782 2620 875 2679 fidelis
890 2620 1003 2680 edoceri
1018 2635 1046 2680 ct
1060 2623 1198 2680 converti.

189 2697 261 2755 XV.
299 2699 418 2756 Frustra
445 2699 614 2774 reponitur:
640 2703 665 2758 1.
692 2703 710 2732 “
726 2700 789 2757 Non
811 2720 896 2777 posse
921 2701 1117 2759 conversionis
1145 2701 1266 2776 gratiam
1305 2701 1350 2758 lris

146 2777 219 2836 locis
234 2777 366 2851 describi,
383 2778 450 2854 qnia
465 2779 545 2836 Deus
560 2798 672 2854 sempor
686 2777 795 2838 Electis
809 2780 869 2837 suis
883 2781 969 2839 etiam
985 2781 1038 2838 sub
1050 2780 1150 2838 Veteri
1165 2779 1349 2838 Testamento

147 2856 229 2915 dedit
243 2876 292 2915 cor
313 2877 429 2931 novum,
454 2857 556 2916 Athin
571 2857 716 2934 singulare
732 2859 848 2936 aliquod
862 2859 1031 2918 beneficium
1055 2859 1182 2936 promitti
1203 2860 1349 2935 proprium

147 2935 225 2994 Novi
250 2937 457 2996 Testamenti.’'
500 2937 582 3012 Quia,
597 2938 666 2996 licet
680 2937 746 2996 fidei
761 2946 790 2996 et
804 2938 898 2996 cordis
913 2939 981 2997 novi
995 2939 1082 3010 datio,
1105 2959 1163 2996 non
1184 2940 1221 2996 sit
1242 2939 1348 2996 benoli-

146 3016 222 3074 cium
246 3017 392 3092 singulare
415 3017 587 3094 quibusdam
613 3018 731 3092 Electis,
754 3018 805 3076 sed
826 3038 975 3076 commune
1001 3018 1142 3090 omnibus,
1166 3018 1349 3094 privilegium

146 3103 244 3154 tamen
256 3095 373 3172 aliquod
387 3097 435 3153 hic
449 3097 663 3173 agnoscendum
678 3106 809 3178 respectu
823 3097 950 3155 fidelium
966 3097 1043 3156 Novi
1057 3097 1242 3170 Testamenti,
1256 3098 1279 3154 si
1291 3118 1349 3155 non

145 3175 243 3252 quoad
256 3196 325 3251 rem,
342 3176 443 3234 saltem
458 3177 554 3254 quoad
568 3177 686 3234 modum
700 3186 728 3235 et
742 3177 864 3253 gradum
879 3177 928 3252 rei,
940 3185 1081 3254 qnatenus
1096 3177 1182 3253 longe
1198 3176 1347 3250 illustriuS,

146 3263 177 3314 et
191 3254 346 3329 solennius,
363 3264 392 3314 ct
406 3256 492 3333 longe
507 3257 638 3333 pluribus
653 3276 702 3314 cor
715 3277 823 3315 novum
838 3256 926 3329 dedit,
937 3277 1022 3332 quam
1038 3257 1092 3314 sub
1107 3257 1174 3314 Vct.
1189 3257 1268 3314 Tost.
1306 3257 1350 3316 At

144 3355 209 3410 quae
225 3354 283 3393 non
298 3344 365 3394 sunt
378 3335 509 3410 illustria,
532 3356 630 3394 eorum
644 3336 675 3393 in
692 3336 838 3413 Scriptura
852 3337 994 3396 interdum
1009 3337 1082 3394 ratio
1097 3357 1154 3394 non
1168 3336 1298 3412 habetur,
1315 3359 1348 3396 ac

147 3415 244 3486 sinon
269 3423 373 3490 essent,
400 3425 433 3473 ut
460 3416 583 3490 Spiritus
602 3419 723 3474 nondum
749 3419 832 3475 datus
851 3417 963 3492 dicitur,
993 3417 1063 3476 Jolr.
1078 3416 1128 3474 vii.
1144 3419 1192 3490 39,
1208 3416 1348 3492 quietam

144 3493 297 3571 magnifice
322 3504 351 3552 et
375 3495 489 3572 copiose
515 3496 599 3553 datus
624 3517 682 3554 non
706 3505 776 3554 erat.
818 3501 846 3555 2.
877 3496 1007 3555 “Cordis
1032 3495 1177 3555 dationem
1202 3497 1348 3574 praecipi,”

147 3573 232 3632 Ezec.
256 3574 337 3631 xviii.
368 3577 415 3632 31.
458 3574 532 3648 Quia
545 3575 710 3652 praecipitur
724 3585 756 3634 ut
770 3575 893 3634 officium
917 3576 1050 3651 hominis,
1073 3577 1151 3653 qnod
1175 3577 1351 3654 promittitur

144 3653 317 3712 beneficium
340 3653 412 3726 Dei,
434 3674 485 3731 per
505 3664 679 3731 praeceptum
702 3655 879 3732 significatur
893 3657 963 3733 quid
977 3657 1062 3714 homo
1078 3657 1190 3730 debeat,
1212 3677 1264 3734 per
1284 3677 1347 3734 pro-

145 3732 320 3808 missionem,
337 3733 412 3792 unde
426 3744 578 3810 expectare
594 3731 789 3810 debeatquod
803 3755 841 3792 ex
855 3737 1005 3794 rehabere
1020 3738 1127 3813 nequit.
1171 3737 1257 3795 Addo
1272 3737 1350 3812 quod

146 3829 211 3866 cum
227 3811 283 3868 talc
298 3821 470 3889 pracceptum
492 3814 633 3890 dirigatur
646 3814 684 3872 ad
695 3814 755 3890 jam
771 3815 907 3890 Vocatos
930 3836 988 3874 non
1002 3825 1061 3874 tarn
1077 3817 1217 3892 jubentur
1231 3837 1280 3874 cor
1294 3817 1349 3874 sibi

147 3906 256 3944 novum
270 3889 371 3964 lacere,
386 3893 415 3948 in
431 3893 626 3952 conversionis
642 3893 732 3967 initio,
748 3915 833 3971 quam
849 3895 878 3952 in
893 3915 1047 3972 progressu
1061 3916 1111 3970 per
1125 3895 1250 3953 studium
1267 3914 1347 3952 sanc-

147 3965 313 4025 tificationis
335 3977 364 4026 et
385 3973 568 4046 poenitentiae.
612 3973 745 4049 Denique
773 3994 809 4031 ex
828 3975 982 4051 hypothesi
1013 3973 1136 4046 Ararim,
1167 3975 1247 4030 Deus
1264 3973 1350 4047 jubet

148 4045 236 4103 etiam
250 4055 282 4104 ut
297 4047 472 4107 intellectum
495 4053 653 4112 habeamus
677 4053 863 4129 spiritualem,
880 4063 907 4112 ct
922 4053 1040 4111 affectus
1065 4072 1201 4110 accensos
1215 4052 1252 4109 ad
1274 4052 1349 4110 bona

147 4124 317 4201 spiritualia,
340 4136 369 4184 et
383 4135 478 4186 tamen
498 4132 631 4191 volunta
646 4133 709 4190 Deo
730 4133 901 4191 irresistibili
924 4131 1010 4189 modo
1031 4131 1115 4188 nobis
1136 4131 1277 4207 inspirari.
1320 4137 1348 4190 3.

147 4207 167 4236 ‘⁴
180 4205 390 4263 Promissiones
404 4207 474 4265 istas
487 4229 544 4266 non
559 4211 705 4271 absolutas
720 4233 791 4288 esse,
815 4211 865 4270 scd
880 4211 1118 4283 conditionatas,'’
1141 4230 1178 4267 ex
1200 4211 1285 4267 Ezec.
1307 4212 1347 4268 xi.

148 4286 195 4358 18,
213 4285 259 4352 19,
276 4287 323 4358 20,
340 4288 388 4343 21.
429 4287 502 4360 Quia
516 4289 640 4350 conditio
655 4293 772 4368 quidem
786 4291 954 4368 proponitur
967 4299 996 4348 ct
1010 4288 1163 4365 requiritur
1177 4309 1195 4346 a
1210 4289 1281 4358 Dec,
1298 4289 1349 4346 sed

145 4383 233 4440 quam
254 4363 316 4440 ipse
338 4374 463 4440 praestat,
479 4376 508 4425 et
521 4388 585 4443 quaa
606 4390 694 4446 quum
716 4371 843 4448 exigitur
862 4371 892 4427 in
914 4369 1023 4428 Electis
1048 4389 1151 4426 arcana
1172 4370 1202 4426 vi
1225 4368 1348 4444 Spiritus

145 4452 268 4502 creatur.
313 4443 437 4520 Spiritus
457 4465 526 4522 ergo
547 4451 724 4524 promittitur
737 4451 772 4508 iis
787 4449 835 4528 qui
856 4458 990 4507 amovent
1011 4447 1179 4521 amovenda,
1202 4468 1258 4508 non
1280 4448 1349 4523 quia

144 4525 200 4582 hoc
222 4521 353 4582 fecerunt
367 4533 441 4600 ante,
458 4525 608 4600 Quomodo
624 4530 699 4587 enim
713 4530 769 4588 hoc
783 4530 875 4587 lacere
892 4536 1016 4604 possent,
1040 4537 1191 4604 antequam
1208 4547 1256 4585 cor
1275 4527 1346 4603 lapi-

143 4603 240 4675 deum,
256 4603 335 4679 quod
349 4613 393 4662 est
407 4625 494 4664 causa
508 4607 633 4666 omnium
658 4609 777 4668 istarum
802 4609 1054 4681 abominationum,
1079 4609 1158 4664 Deus
1180 4608 1241 4683 ipse
1269 4627 1346 4664 amo·

145 4683 244 4742 verit?
266 4683 318 4741 sed
338 4693 368 4742 ut
384 4685 414 4742 vi
439 4685 562 4763 Spiritus
587 4688 668 4746 inditi
691 4689 806 4762 iaciant,
828 4689 900 4746 adeo
915 4695 946 4746 ut
961 4687 1066 4746 amotio
1090 4687 1139 4746 illa
1162 4687 1199 4746 sit
1221 4687 1348 4748 conditio
