3108 5198
115 366 212 420 ouran.
227 344 295 432 vta]
590 369 629 410 nn
643 367 720 412 sees
735 369 795 410 ner.
1265 353 1303 410 35

113 511 162 570 Ira.
181 512 200 570 i.
222 515 269 588 15,
287 514 334 588 16,
353 513 398 587 17,
415 513 461 588 18,
477 519 507 570 et
520 531 583 589 cap.
597 511 669 570 lviii.
687 517 713 590 l,
729 517 757 588 2,
773 514 801 587 3,
817 514 845 586 4,
860 519 890 572 et
903 511 976 572 lxvi.
993 514 1019 588 l,
1035 515 1063 587 2,
1079 513 1107 588 3,
1123 514 1152 588 4,
1168 511 1258 570 Mieb.
1274 513 1301 586 6,

111 595 134 668 t,
148 600 174 652 et
186 593 254 652 alibi
266 591 386 670 passim.

209 693 211 698 ·
400 670 478 730 XII.
499 671 616 746 Quarta,
640 673 679 731 Ut
692 681 839 748 praecepta
859 692 916 730 aon
936 673 1072 748 (equalem
1091 673 1192 730 babent
1211 670 1302 746 (1ῲηὶ-

160 723 280 784 ΒΨΜ
358 752 424 810 latri
447 760 475 810 et
496 752 663 811 neomututr‘s
684 755 829 828 pradum
859 753 909 810 Itu
932 772 982 810 nec
1005 751 1158 810 obedientia
1180 753 1302 826 ejusden

109 830 204 889 ordinib
221 840 249 890 et
265 832 373 890 aubrie
393 841 518 891 censetur
525 856 538 906 ;
558 850 612 890 nee
632 830 828 892 inobedientia
847 831 941 889 omnis
957 830 1085 909 ejusdem
1101 840 1146 890 est
1160 829 1300 906 demeriti,

110 909 153 968 sei
164 910 299 989 majorem
314 910 364 970 vel
377 912 516 970 minorem
530 920 640 970 reatum
656 912 808 971 contrahit.
840 911 934 969 Aliud
947 919 991 970 est
1004 911 1122 971 omissio
1142 911 1300 989 praecepti3

110 989 178 1048 alind
190 991 252 1068 ejus
266 992 465 1068 oppugnatio,
487 991 580 1050 Aliud
594 991 712 1067 oblivio,
727 990 807 1050 aliud
828 991 989 1068 neglectus,
1005 991 1085 1050 aliud
1100 999 1300 1068 contemptus:

110 1070 245 1146 neglectus
264 1079 311 1130 est
332 1089 351 1128 a
372 1071 511 1149 languore
533 1071 652 1147 inertiae,
676 1071 728 1130 sed
749 1079 931 1148 contemptus
953 1091 991 1129 ex
1015 1071 1157 1149 superbiae
1178 1080 1299 1129 tumore.

113 1147 186 1208 Unde
198 1151 282 1209 elatio
297 1151 509 1211 contemnentis
522 1150 637 1228 culpam
658 1159 753 1228 auget,
776 1159 806 1210 et
825 1171 941 1210 navum
962 1151 1105 1211 convertit
1128 1152 1159 1209 in
1181 1151 1298 1210 crimen.

112 1227 141 1286 In
152 1229 322 1290 facilioribus
337 1239 519 1308 contemptus
533 1239 578 1290 est
591 1231 790 1306 damnabilior,
805 1238 834 1290 et
848 1238 933 1291 aetus
946 1231 1042 1291 minus
1055 1229 1219 1290 laudabilis.
1262 1231 1298 1288 In

109 1307 301 1370 difficilioribus
314 1311 482 1370 obedientia
494 1319 539 1371 est
552 1311 669 1389 gratior,
684 1330 742 1388 quo
756 1311 954 1390 praevaricatio
968 1319 1013 1371 est
1026 1311 1151 1389 gravior.
1282 1333 1287 1340 ·

551 1551 744 1628 QUAESTIO
765 1555 840 1614 Vll.

504 1731 544 1771 An
559 1731 743 1774 summust
758 1731 884 1774 PRIMUM.

110 1865 148 1923 Aa
158 1871 226 1928 solus
237 1871 318 1929 Deus
331 1869 368 1929 sit
386 1874 516 1931 colendus
534 1882 561 1932 et
578 1874 757 1949 invocandus,
772 1873 820 1932 An
832 1892 899 1932 vero
913 1872 1031 1932 Sanctm
1048 1872 1206 1930 dernortuos
1219 1871 1294 1931 iaco·

132 1967 189 2006 cure
201 1959 226 2008 et
237 1951 368 2028 relipiou
381 1954 471 2011 colere
485 1954 588 2012 liceat!
628 1952 689 2012 Aff.
705 1952 763 2028 Ρι,
779 1951 854 2031 Neg.
869 1953 959 2029 Post,
975 1959 1075 2011 eontra
1089 1950 1266 2012 Pontificios.
1284 1973 1286 1980 ⁴

143 2103 165 2165 Ι.
184 2107 224 2167 Ut
237 2107 388 2189 Praecepto
408 2111 509 2190 primo,
525 2114 572 2172 De
585 2133 641 2173 non
655 2114 787 2173 haberdas
800 2113 867 2172 Diis
880 2112 979 2172 alimr's
993 2133 1090 2172 coram
1103 2113 1176 2188 Deo,
1191 2130 1293 2171 varum

111 2185 223 2260 abeam
236 2189 331 2249 cultus
352 2190 483 2269 religiosi
503 2193 647 2253 sancitur:
668 2193 716 2252 Ite
735 2213 795 2252 non
808 2201 923 2253 vetatur
937 2201 1048 2252 tantum
1062 2192 1226 2267 diberimus,
1242 2192 1293 2268 qui

110 2264 205 2326 nullum
217 2270 350 2346 agnoseit
363 2278 392 2330 et
406 2271 476 2331 colit
490 2272 593 2348 Deum,
609 2281 638 2332 et
651 2273 858 2350 Polytbeismus,
874 2273 925 2352 qui
941 2273 1106 2332 innumeros
1120 2271 1176 2332 sibi
1189 2272 1291 2348 fingit;

110 2343 152 2402 sed
169 2355 196 2406 et
207 2350 297 2408 omnis
312 2351 478 2428 superstitio
496 2361 526 2412 et
538 2353 710 2414 Idolobaoiu
723 2355 752 2412 in
766 2355 876 2430 objecto,
891 2373 950 2431 qua
968 2373 1021 2431 pro
1043 2353 1106 2412 Deo
1126 2353 1293 2411 hebetaret

109 2423 206 2504 colitur,
219 2429 296 2506 quod
310 2430 392 2489 Dens
406 2451 465 2490 non
478 2440 532 2507 est,
545 2432 610 2492 Gal.
625 2432 666 2492 iv.
681 2435 708 2508 8,
721 2433 783 2492 sive
797 2433 835 2492 sit
847 2452 958 2493 merum
972 2431 1097 2491 hominis
1110 2431 1290 2510 figmentum,

108 2505 194 2578 quales
206 2517 284 2568 erant
297 2509 428 2588 plerique
442 2511 536 2571 fictitii
547 2512 684 2572 Gentium
697 2512 755 2589 Dii,
771 2514 833 2572 sive
847 2533 971 2572 resuere
982 2513 1119 2587 existens,
1135 2511 1187 2570 sed
1196 2519 1292 2570 creata

107 2591 131 2640 et
141 2583 222 2662 finita,
237 2589 283 2647 cni
304 2609 421 2668 quoquo
441 2591 528 2651 modo
542 2592 637 2651 cultus
650 2593 812 2670 religiosus,
826 2592 948 2669 fiducia,
965 2591 1149 2668 adorationis,
1165 2598 1194 2650 et
1207 2591 1290 2649 invo-

107 2662 212 2725 cationis
224 2669 278 2726 soli
293 2669 358 2729 Deo
372 2669 488 2730 debitus
501 2671 664 2748 deferatur;
687 2673 770 2732 Circa
783 2672 944 2751 quod‘quia
963 2671 1149 2731 multifariam
1169 2678 1290 2747 peccant

106 2739 242 2820 Pontificii,
256 2749 393 2826 religioso
407 2750 488 2818 cultu
502 2751 711 2828 Creaturamm,
727 2752 917 2831 Angelorum,
941 2752 1122 2826 Sanctorum,
1141 2750 1289 2828 Reliquia-

105 2825 290 2899 mmllostiae
305 2828 471 2906 Missstioae,
487 2838 517 2891 et
536 2831 623 2908 Papae
636 2832 744 2909 ipsins;
766 2842 852 2910 atque
872 2832 914 2891 ita
933 2850 991 2889 non
1011 2830 1098 2890 unius
1118 2829 1290 2888 idololatrias

104 2901 139 2960 rei
156 2911 300 2984 tenentur,
327 2907 373 2968 De
395 2909 575 2988 gravismo,
599 2910 678 2989 quod
699 2911 850 2972 internos
871 2908 1102 2984 controvertitur,
1127 2907 1290 2984 Religionis

103 2983 184 3122 effic,
202 2985 407 3127 dnpnmpup
429 2990 646 3130 esbatiienbbbc
641 2991 711 3130 1th
726 2991 801 3084 VII,
823 2991 878 3065 Qu.
900 2993 928 3067 9,
951 2989 997 3047 De
1020 2987 1104 3046 Uultu
1116 2987 1289 3063 Aupelomm

183 3083 223 3141 us,
237 3087 316 3127 nnnc
350 3088 366 3127 e
397 3089 466 3129 neoc
711 3091 770 3130 ma
832 3089 876 3129 us.

172 3257 246 3303 ,,
344 3089 1289 3308 ,irritaresterreremur
1348 3141 1355 3154 ·

346 3309 423 3366 enim
437 3329 487 3369 eos
500 3329 518 3367 a
531 3310 616 3370 nobis
632 3311 720 3388 juxte
733 3310 855 3388 gradum
869 3309 1049 3370 excellentie
1063 3329 1123 3368 sua
1144 3308 1287 3368 honoran-

100 3377 146 3439 d⁰fl
158 3401 224 3474 pose,
239 3393 302 3446 tum
316 3386 353 3446 de
367 3387 404 3448 iis
416 3396 451 3449 nt
463 3389 636 3450 beatissimis
650 3399 680 3450 et
703 3391 734 3449 in
749 3391 866 3450 Domini
886 3389 1062 3450 consortium
1075 3388 1221 3448 admissis
1232 3387 1289 3447 Dei

100 3477 180 3554 teryn
191 3467 328 3541 preclare
343 3468 501 3546 sentiendo,
523 3477 585 3528 tum
599 3489 699 3530 eorum
719 3471 886 3530 memoriam
907 3479 990 3548 grata
1010 3477 1039 3528 et
1050 3467 1180 3548 jucunda
1192 3487 1287 3527 reeor-

98 3536 200 3602 datrone
213 3546 389 3624 usurpando,
405 3549 476 3608 Luc.
491 3549 510 3608 i.
525 3551 573 3624 48,
590 3549 682 3609 Maro.
696 3549 757 3608 xiv.
772 3553 800 3626 9,
816 3551 973 3610 certamina
986 3557 1015 3608 et
1029 3549 1166 3608 victorias
1184 3547 1287 3626 praedi-

98 3620 187 3712 tundo,
201 3623 363 3685 doctrinam
387 3629 538 3703 servando,
553 3628 676 3688 virtutes
697 3629 869 3690 celebrando
885 3637 915 3688 et
934 3627 1082 3704 imitando,
1099 3626 1176 3686 Heb.
1191 3627 1242 3686 xii.
1260 3629 1286 3704 1,

97 3707 122 3756 et
133 3721 161 3759 ιιι
173 3702 230 3763 illis
243 3713 274 3764 et
286 3725 340 3783 pro
354 3706 412 3766 illis
428 3707 522 3768 Deum
542 3708 696 3785 laudando,
712 3719 741 3768 et
761 3710 870 3787 gratias
891 3708 1013 3787 agendo,
1047 3707 1107 3767 uod
1127 3709 1158 3765 in
1177 3707 1287 3766 bonum

98 3775 224 3872 Ecclesia
238 3785 313 3844 tales
327 3786 480 3848 excitarit:
505 3787 564 3847 Sed
577 3787 628 3846 An
648 3789 729 3848 cultu
747 3789 884 3867 religioso
897 3789 1011 3866 proprie
1026 3727 1104 3846 dioto
1127 3786 1185 3844 sint
1198 3805 1286 3844 vene-

96 3859 187 3937 nnd13
209 3863 294 3938 Quod
304 3865 415 3925 vellent
428 3866 608 3944 Adversarii,
624 3868 686 3928 Nos
699 3888 859 3946 negamus;
881 3869 966 3943 Quod
979 3869 1009 3926 in
1022 3865 1122 3925 limine
1135 3883 1287 3923 movemus

96 3947 185 3998 eontra
197 3944 356 4004 calumnias
365 3945 590 4024 Pontificiorum,
601 3948 652 4025 qui
664 3967 718 4007 nos
732 3949 894 4024 traducunt,
906 3958 940 4008 ut
955 3948 1125 4008 Sanctorum
1140 3952 1287 4022 contemp

96 4021 164 4076 tores
183 4030 211 4080 et
222 4023 365 4100 inimicos,
386 4026 456 4103 quia
468 4046 568 4086 eornm
588 4027 698 4088 cultam
718 4028 912 4106 repudiamus,
928 4026 1011 4104 quasi
1027 4024 1166 4084 inferatm
1186 4033 1286 4084 contu·

96 4097 172 4156 nelis
187 4100 308 4178 &nona
324 4105 349 4163 si
363 4104 423 4164 illis
446 4125 505 4165 non
518 4106 682 4166 tribuantur
695 4127 760 4184 quae
782 4108 837 4167 soli
852 4108 915 4166 Deo
928 4115 959 4166 et
973 4104 1088 4165 Christo
1110 4113 1286 4182 competunt

96 4171 132 4234 Al
145 4182 272 4255 quamvis
285 4184 427 4243 memoria
440 4204 539 4245 eorum
552 4187 636 4246 nobis
651 4187 689 4246 sit
702 4195 893 4264 sacrosancta
904 4185 1004 4246 sedulo
1018 4194 1115 4243 tamen
1125 4184 1287 4244 cavendum

95 4263 225 4336 putamus,
239 4281 277 4322 ne
301 4263 436 4323 colantur
448 4285 514 4325 oum
529 4265 585 4324 Dei
598 4267 712 4344 injuria
763 4267 827 4326 lmo
849 4285 968 4343 gravem
989 4264 1049 4324 illis
1070 4263 1204 4342 injuriam
1224 4261 1287 4319 fieri

95 4350 232 4400 censemus
252 4343 290 4402 ab
304 4342 342 4402 iis
358 4343 409 4419 qui
423 4363 474 4404 eos
486 4351 604 4405 vertamt
617 4345 648 4404 in
663 4345 755 4422 Idola,
771 4355 800 4406 et
814 4346 871 4404 Dei
884 4345 984 4404 amicis
998 4344 1156 4402 sbutuntrn
1169 4340 1206 4398 ad
1220 4357 1286 4396 eum

95 4421 296 4486 novoemuum
311 4422 350 4481 ad
364 4423 548 4502 zelotypiam.
589 4425 650 4485 Nee
664 4426 830 4486 dubitamus
843 4443 980 4500 asserere,
996 4423 1021 4482 si
1038 4442 1076 4480 ex
1090 4419 1214 4478 culmine
1234 4415 1285 4472 illo

96 4491 183 4624 Ξῑοῐὶω
195 4501 481 4579 possentpervidere
494 4524 561 4583 quae
573 4503 621 4563 hio
635 4513 781 4583 geruntur,
796 4524 856 4564 non
870 4503 957 4563 modo
970 4502 1080 4562 cultum
1090 4496 1140 4573 qui
1154 4495 1224 4584 ipsis
1235 4492 1284 4582 de·

97 4583 175 4712 ffiur
186 4590 379 4722 rpppsaturos,
395 4582 448 4641 sed
468 4592 498 4644 et
517 4583 719 4662 gravissimam
740 4585 969 4664 indignationem
990 4577 1099 4638 talibus
1119 4571 1285 4632 inoffiorons

142 4659 195 4718 tori
262 4669 433 4722 mutaturos.
