3192 5206
203 341 262 396 318
588 352 678 392 accus
694 350 823 390 1111111111
838 349 971 390 ruamus.
1201 327 1328 408 [auser.
1346 351 1408 392 xvi.

244 499 303 555 III.
327 496 398 552 Cum
413 503 509 552 autem
524 513 610 552 eausa
623 493 707 551 istius
721 489 920 566 discrepantiae
932 487 1055 546 nonalia
1070 488 1115 562 sit,
1131 509 1218 564 quam
1233 491 1409 567 ambiguitas

202 577 283 635 vocis
297 585 373 644 'wiser'
389 589 418 634 et
433 572 500 647 11111,
513 584 541 633 11
553 573 705 650 multiplex
718 591 819 628 sensus
830 568 942 646 phrasis
951 571 1116 627 descendere
1130 571 1172 625 ad
1181 569 1292 643 inferos,
1308 573 1409 646 paucis

202 657 392 716 excutiendus
399 663 451 712 111.
469 654 536 710 Vox
550 651 666 710 ’11111111
680 651 827 727 Scriptura
838 648 1041 725 quadrifariam
1051 649 1180 722 sumitur,
1199 652 1225 706 l.
1239 649 1296 707 Pro
1310 652 1407 728 sepul-

202 739 280 811 chro,
298 737 375 795 Psal.
390 735 451 791 xvi.
470 737 515 807 10,
532 743 560 791 11
575 733 647 790 xlix.
665 734 722 805 15;
745 737 772 787 2.
796 729 852 786 Pro
873 728 937 786 loco
959 728 1168 801 damnatorum,
1185 728 1255 786 Luc.
1271 729 1332 786 xvi.
1348 733 1406 806 23;

202 821 229 874 3.
254 816 310 874 Pro
334 814 468 873 maximis
488 811 670 886 cruciatibus
694 809 771 867 Psal.
793 809 875 866 xviii.
898 811 925 882 5,
941 817 970 866 11
991 808 1067 865 cxvi.
1091 809 1126 882 35
1149 811 1181 865 4.
1202 808 1259 865 Pro
1280 819 1411 868 extrema

201 896 407 968 humiliatione,
432 895 489 950 lea.
505 893 565 950 xiv.
583 894 629 949 15.
674 890 751 947 Hine
765 887 939 946 descendere
964 886 1001 944 ad
1020 887 1163 944 infernum
1177 896 1301 963 quatuor
1315 890 1409 948 modis

201 985 375 1052 usurpatur:
395 977 420 1031 1.
444 973 532 1030 Notat
547 970 669 1047 sepeliri,
686 971 760 1028 Gen.
776 968 890 1025 xxxvii.
911 970 958 1040 35,
974 975 1003 1025 et
1017 967 1079 1024 xlii.
1101 967 1139 1024 38
1153 990 1159 1042 ;
1182 971 1210 1026 2.
1227 968 1410 1028 Descendere

201 1055 231 1112 in
259 1056 355 1113 locum
376 1055 583 1126 damnatorum,
615 1051 699 1108 Num.
732 1048 793 1106 xvi.
822 1050 880 1120 33;
916 1051 944 1105 3.
968 1047 1090 1105 Dolores
1110 1047 1265 1104 infernales
1293 1049 1407 1122 sentire,
1489 1089 1495 1097 -

205 1139 218 1190 l
238 1135 315 1192 Sam.
330 1137 359 1192 ii.
376 1138 413 1210 63
436 1136 463 1190 4.
481 1133 618 1188 Extrema
642 1127 795 1199 humiliari,
817 1127 922 1185 Matth.
938 1126 978 1184 xi.
994 1129 1042 1184 23.
1084 1126 1178 1184 Juxta
1192 1127 1409 1204 quadruplicem

202 1215 289 1272 istum
305 1214 506 1290 significatum,
529 1210 710 1287 quadruplex
730 1215 902 1284 potestesse
917 1225 1020 1264 sensus
1040 1205 1124 1264 istius
1138 1206 1260 1264 articuli.
1309 1207 1347 1266 Ut
1362 1209 1409 1266 vel

202 1294 341 1352 referatur
354 1294 392 1351 ad
406 1294 575 1351 descensum
589 1288 711 1348 localem
724 1289 755 1344 in
769 1287 865 1344 locum
879 1285 1087 1358 damnatorum,
1100 1285 1178 1361 quod
1192 1285 1294 1344 volunt
1310 1287 1409 1346 Ponti·

202 1373 261 1430 ficii
281 1383 311 1432 et
333 1371 498 1445 Lutherani,
522 1379 550 1428 et
571 1389 588 1427 a
609 1368 693 1425 nobis
714 1386 803 1443 supra
823 1364 978 1424 refutatum
999 1374 1062 1438 est;
1091 1365 1139 1422 vel
1167 1365 1204 1422 ad
1233 1367 1409 1442 sepulturam

204 1453 319 1526 Christi,
327 1454 375 1511 vel
380 1453 417 1510 ad
423 1451 536 1510 dolores
546 1451 572 1527 ej
576 1469 609 1507 111
616 1446 778 1520 infernales,
787 1445 1044 1503 veladextremum
1053 1445 1266 1503 Exinanitionis
1275 1447 1408 1522 gradum.

204 1571 321 1616 Rationes
360 1586 387 1615 ro
407 1586 443 1616 se
505 1529 560 1587 IV.
582 1529 638 1603 Qui
648 1525 910 1586 voluntarticulum
922 1524 1009 1582 istum
1023 1543 1081 1582 non
1093 1523 1206 1582 differre
1221 1545 1238 1582 a
1252 1527 1408 1602 sepultura,

232 1587 444 1686 pulrmaitstatu
465 1610 511 1667 his
530 1609 711 1685 potissimum
732 1605 891 1664 rationibus
912 1603 1061 1662 nituntur:
1093 1608 1118 1661 1.
1141 1604 1225 1678 Quod
1247 1605 1350 1663 Petrus
1371 1627 1409 1665 ex

232 1695 393 1733 mortuorum.
465 1689 541 1746 Psal.
557 1689 627 1763 xvi,
644 1687 711 1744 Aet.
727 1685 766 1760 ii,
782 1692 889 1760 aperte,
904 1683 1038 1742 videatur
1057 1684 1094 1741 ad
1110 1684 1286 1760 sepulturam
1301 1685 1408 1744 Christi

202 1767 306 1825 referre
321 1787 380 1826 ver.
404 1771 450 1842 31,
469 1768 595 1826 “David
615 1766 777 1844 praevidens
791 1765 905 1823 locutus
933 1771 977 1822 111
998 1763 1034 1821 de
1055 1765 1262 1821 resurreetione
1291 1765 1407 1840 Christi,

202 1846 280 1922 quod
294 1867 352 1906 non
366 1847 503 1907 derelicta
518 1849 555 1907 sit
569 1849 665 1906 anima
674 1847 737 1923 ejus
746 1847 776 1902 in
787 1843 928 1917 iufem0,”
944 1841 998 1902 dec.
1021 1843 1048 1900 2.
1064 1842 1137 1916 Quia
1151 1845 1258 1920 passim
1270 1843 1298 1901 in
1313 1845 1408 1922 Scrip-

200 1934 265 1984 tura
279 1931 355 1992 'haae'
370 1928 486 2003 ponitur
499 1948 550 2005 pro
560 1926 720 2004 sepulchro,
736 1932 765 1982 11
779 1923 952 1982 descendere
961 1923 991 1979 in
1003 1921 1153 1997 infernum,
1169 1944 1220 1999 pro
1235 1923 1409 1983 descendere

201 2005 229 2062 in
246 2006 436 2082 sepulchrum,
451 2017 485 2066 ut
499 2007 587 2066 Arias
603 2008 767 2078 Montanae,
791 2002 933 2060 Emanuel
957 2003 1004 2074 Sd,
1030 2012 1059 2061 11
1073 2003 1123 2060 alii
1137 2023 1173 2060 ex
1196 2003 1363 2078 Pontificiis,
1379 2013 1410 2062 et

202 2085 416 2161 Lexicugraphi
432 2085 544 2144 docent.
588 2091 614 2145 3.
637 2086 712 2160 Quia
726 2084 755 2140 in
770 2083 859 2140 variis
880 2082 1019 2158 symbolis
1032 2083 1141 2140 mentio
1155 2083 1188 2142 fit
1201 2083 1357 2142 descensus
1371 2083 1410 2142 ad

201 2163 315 2238 11111111,
339 2165 419 2222 nulla
439 2166 515 2224 facta
536 2167 689 2242 sepultura
709 2163 863 2238 mentione,
885 2171 918 2219 ut
939 2161 969 2218 in
989 2161 1144 2219 Athanasii
1161 2163 1307 2238 Symbola,
1330 2164 1410 2240 quod

201 2243 316 2318 evincit,
333 2245 369 2300 ab
385 2245 446 2320 ipso
460 2265 512 2322 pro
526 2265 584 2304 uno
599 2245 756 2318 eodemque
772 2242 855 2300 sumi.
878 2241 916 2298 Et
930 2260 964 2299 eo
978 2241 1077 2299 referri
1086 2251 1189 2318 potest,
1200 2243 1278 2318 quod
1290 2243 1408 2318 Paulus,

203 2326 216 2377 1
233 2322 296 2379 Cor.
312 2343 361 2380 xv.
377 2327 404 2396 3,
421 2327 448 2398 l,
464 2327 638 2382 mentionem
649 2323 766 2399 quidem
781 2320 850 2379 facit
863 2321 971 2394 mortis,
984 2322 1138 2397 sepulturae
1153 2331 1182 2380 et
1192 2323 1410 2381 resurrectionis

202 2401 309 2458 Christi
324 2403 482 2461 secundum
498 2404 669 2480 Scripturas,
692 2401 744 2458 sed
764 2400 837 2456 nihil
858 2400 927 2457 dicit
943 2400 978 2457 de
993 2401 1134 2458 descensu
1148 2401 1185 2458 ad
1199 2401 1313 2475 inferos,
1329 2403 1408 2479 quod

201 2479 354 2538 dicendum
365 2489 462 2558 tamen
482 2482 592 2557 fuisset,
615 2483 640 2541 si
661 2481 748 2541 talem
762 2478 915 2537 articulum
930 2479 1009 2537 aliud
1023 2480 1093 2557 quid
1108 2500 1125 2538 1
1140 2481 1288 2558 sepultura
1301 2482 1406 2558 impor-

201 2568 261 2618 tare
273 2559 450 2619 credidisset.

241 2640 278 2697 V.
295 2639 360 2698 Non
375 2641 407 2698 fit
421 2650 516 2700 tamen
532 2639 687 2700 verisimile
701 2639 777 2696 hune
792 2636 945 2695 articulum
960 2637 1036 2696 idom
1051 2659 1113 2697 esse
1125 2659 1190 2697 cum
1205 2639 1362 2717 sepultura.
1380 2645 1405 2698 1.

200 2719 275 2793 Quia
284 2730 360 2778 esset
369 2723 532 2796 eaveoaoya‘a,
546 2741 609 2798 quas
624 2721 675 2776 vix
690 2726 767 2776 esset
780 2716 897 2775 ferenda
908 2716 938 2773 in
949 2726 1008 2776 tam
1020 2720 1165 2777 succincto
1180 2727 1209 2778 et
1223 2720 1304 2778 brevi
1322 2720 1407 2796 Sym-

199 2799 275 2858 bolo.
318 2805 345 2858 2.
369 2802 434 2859 Non
448 2811 544 2878 potest
558 2801 615 2859 dici
629 2799 781 2858 articulum
800 2797 887 2855 istum
908 2799 1070 2874 appositum
1085 2818 1148 2857 esse
1163 2800 1249 2876 priori
1261 2800 1297 2858 de
1312 2801 1406 2876 sepul-

199 2888 264 2937 tura
279 2880 316 2937 ad
330 2883 393 2957 ejus
408 2883 564 2959 exegesim,
580 2901 646 2940 cum
660 2877 809 2936 obscurior
823 2877 860 2934 sit
875 2876 977 2952 priore.
1021 2877 1092 2935 ldeo
1107 2898 1164 2936 uon
1179 2879 1215 2936 ad
1231 2879 1407 2955 sepulturam

199 2959 316 3035 praecise
332 2961 497 3020 referendus
512 2971 564 3036 est,
581 2960 631 3019 sed
646 2959 795 3017 adstarem
810 2957 907 3014 mortis
918 2977 968 3014 seu
983 2956 1178 3015 detentionem
1192 2960 1255 3035 ejus
1266 2959 1296 3016 iu
1310 2961 1405 3035 sepul·

199 3040 268 3096 chro
283 3040 336 3097 sub
351 3041 478 3100 dominio
493 3043 601 3116 mortis,
613 3038 757 3117 quomodo
772 3057 847 3113 saepe
861 3036 974 3112 phrasis
985 3037 1041 3094 ista
1055 3038 1177 3096 sumitur
1191 3038 1228 3095 ad
1243 3038 1406 3097 describen-

199 3117 267 3176 dum
282 3131 458 3179 mortuorum
474 3131 589 3194 statum,
606 3121 679 3180 Gen.
695 3117 809 3176 xxxvii.
832 3119 879 3189 35,
902 3116 996 3174 Jacob
1011 3118 1114 3193 lugens
1128 3117 1219 3174 filium
1233 3119 1255 3176 J
1257 3118 1405 3194 osephum,

198 3217 284 3273 quem
310 3200 444 3259 credebat
465 3203 634 3260 dilaniatum
656 3199 770 3270 aforis,
793 3198 966 3270 descendam,
989 3197 1091 3273 inquit,
1114 3200 1209 3273 lapsus
1230 3202 1322 3262 ’1111111
1344 3219 1407 3256 eum

188 3277 253 3353 filio
266 3297 333 3351 meo,
355 3299 413 3336 non
435 3281 551 3356 quidem
567 3282 595 3338 in
611 3279 802 3356 sepulchrum,
824 3276 892 3351 quia
905 3277 1025 3352 putabat
1039 3295 1056 3333 a
1071 3277 1138 3335 feris
1153 3297 1215 3334 esse
1230 3275 1405 3353 discerptum

198 3363 227 3413 et
241 3375 298 3413 non
313 3357 400 3416 humo
415 3361 651 3432 contumulatum,
675 3357 726 3415 sed
741 3356 844 3431 simpli.
861 3354 898 3412 ad
913 3365 1027 3414 uecrtem
1042 3366 1207 3414 1111111111
1222 3365 1403 3415 rauracorum.

199 3435 247 3492 Sic
258 3434 335 3492 Psal.
347 3437 386 3494 vi.
399 3439 425 3510 5,
436 3441 473 3496 Ia
483 3449 571 3496 morte
583 3458 639 3496 uon
650 3446 690 3494 est
703 3437 744 3493 tui
757 3435 898 3508 memorie,
915 3437 976 3510 quis
990 3436 1019 3493 in
1033 3440 1109 3502 ’111111
1121 3438 1248 3495 &audebit
1259 3439 1306 3494 111
1327 3437 1404 3494 Vide

197 3513 218 3573 J
223 3513 270 3571 ob.
285 3514 357 3572 xvii.
375 3519 420 3590 13,
438 3520 484 3592 ll,
503 3521 548 3592 15,
582 3517 658 3575 Psal.
675 3534 746 3572 xxx.
762 3519 789 3588 3,
806 3523 835 3571 et
849 3515 921 3571 xlix.
940 3518 985 3589 15,
1009 3516 1066 3573 Isa.
1083 3515 1143 3574 xiv.
1160 3520 1206 3590 ll,
1221 3519 1267 3590 19,
1284 3519 1331 3574 20.

237 3593 292 3650 VI.
317 3593 458 3672 Secundo,
482 3597 548 3655 Hoc
562 3595 723 3654 necessario
738 3594 853 3651 videtur
873 3594 989 3670 exigere
1009 3595 1091 3654 locus
1117 3597 1204 3670 Petri,
1227 3596 1294 3653 Aet.
1310 3595 1339 3652 ii.
1355 3599 1403 3670 27,

196 3673 303 3750 petitus
318 3693 355 3730 ex
370 3675 503 3751 01111111,
520 3677 596 3735 Psal.
608 3677 668 3734 xvi.
680 3679 725 3748 10,
738 3676 805 3731 Noa
814 3673 951 3748 relinques
965 3676 1089 3732 animam
1103 3696 1193 3734 meam
1209 3678 1238 3740 ἐις
1252 3673 1321 3750 eboc,
1338 3695 1404 3752 sup·

196 3753 243 3830 plc
263 3757 333 3826 11111,
356 3754 406 3830 qui
427 3755 580 3815 adhibetur
600 3756 636 3814 ab
657 3756 720 3832 ipso
741 3753 779 3811 ad
803 3753 979 3829 probandam
1000 3757 1255 3830 resurrectionem,
1278 3755 1347 3813 dum
1362 3757 1403 3813 ait

199 3832 382 3911 Prophetiam
403 3834 476 3894 hanc
490 3837 638 3914 impletam
653 3856 715 3894 esse
729 3854 780 3911 per
795 3831 901 3890 Christi
915 3835 1150 3893 resurrectionem
1164 3857 1171 3910 ;
1194 3845 1227 3894 ut
1240 3835 1277 3893 sit
1292 3855 1402 3910 sensus,

197 3915 263 3971 Noa
277 3915 416 3991 relinques
430 3917 555 3975 animum
570 3937 667 3990 meam,
683 3915 722 3974 id.
737 3915 823 3974 uitem
834 3933 933 3986 meam,
950 3935 1000 3973 seu
1015 3935 1057 3972 me
1072 3915 1100 3972 iu
1115 3925 1211 3988 morte,
1226 3917 1277 3972 aed
1288 3933 1331 3972 me
1344 3935 1403 3972 sus·

195 3994 291 4052 citabis
305 4015 341 4052 ex
355 4005 443 4056 morte
453 4017 509 4073 per
522 3996 760 4056 resurrectionem.
803 3993 847 4050 Eo
861 3995 993 4068 pertinet,
1016 3995 1094 4071 quod
1108 3994 1214 4054 dicitur
1227 4013 1287 4052 ver.
1303 3997 1350 4067 24,
1367 3994 1404 4052 dc

195 4075 336 4132 doloribus
350 4095 401 4134 seu
414 4079 531 4150 sionibus
551 4078 655 4150 mortis,
678 4076 783 4152 quibus
805 4071 938 4132 detentus
952 4073 1014 4147 fuit,
1030 4075 1110 4132 velut
1124 4076 1256 4150 captivus
1270 4093 1288 4131 a
1301 4083 1401 4146 morte,

195 4153 339 4229 aquibus
360 4157 511 4216 exsolutus
531 4167 576 4215 est
599 4177 651 4234 per
674 4152 929 4229 resurrectionem
952 4175 1017 4212 cum
1039 4153 1216 4229 impossibile
1237 4153 1318 4227 foret,
1342 4162 1403 4212 turn

194 4241 311 4309 propter
324 4233 445 4310 gloriam
460 4237 630 4311 divinitatis,
646 4245 707 4293 tum
722 4240 838 4313 propter
852 4234 1033 4292 sanctitatem
1051 4233 1247 4307 humanitatis,
1263 4233 1300 4291 ab
1315 4233 1403 4291 11111-

193 4312 282 4370 terius
293 4313 387 4388 ipsum
403 4315 532 4374 detineri.

500 4395 573 4454 VII.
598 4393 656 4453 Sed
670 4413 723 4452 nec
737 4393 915 4469 repudianda
930 4401 974 4450 est
994 4391 1085 4450 altera
1106 4392 1257 4466 sententia,
1273 4411 1338 4469 quae
1353 4391 1401 4450 111-

194 4457 367 4561 Ratiqppqppp
378 4459 440 4504 ⁰¹¹¹·
462 4493 594 4533 scensum
609 4475 685 4532 hunc
699 4473 836 4548 intelligit
851 4471 886 4530 de
899 4472 1018 4529 summis
1029 4472 1187 4548 angoribus
1197 4472 1313 4546 Christi,
1329 4491 1403 4550 quos
1464 4517 1466 4524 ,

363 4547 369 4559 ’
461 4563 522 4612 tum
537 4555 565 4611 in
580 4555 671 4626 horto,
688 4553 885 4610 tumincruce
894 4551 1021 4628 pertulit.
1051 4551 1125 4624 Quia
1136 4551 1273 4610 convenit
1288 4555 1314 4610 l.
1328 4553 1401 4612 Cum

191 4635 261 4707 stylo
276 4635 431 4710 Semnum
444 4654 508 4709 quae
523 4653 574 4710 per
588 4634 734 4706 infernum,
747 4641 776 4691 11
790 4633 900 4690 dolores
914 4631 1019 4704 r’qferni
1039 4631 1112 4692 solet
1133 4631 1321 4707 gravissimos
1336 4651 1398 4691 cru·
