3150 5206
224 317 282 374 ‘210
674 327 764 368 rocus
780 325 996 368 necaremus.-
1227 307 1352 390 [errzsr.
1369 330 1432 370 rur.

233 543 234 547 ἵ
531 471 655 528 XVIII.
679 469 840 528 Orthodoxi
852 447 1005 528 discrimen
1017 470 1091 528 inter
1101 471 1137 528 V.
1148 481 1177 528 et
1188 470 1222 527 N.
1235 471 1269 528 T.
1282 471 1339 530 late
1351 492 1429 548 spec-

228 539 468 642 ὃθὲῗξῧῗωξξὲξζ,
489 557 579 609 tatum
596 557 724 641 statuunt
739 557 850 608 tantum
871 549 1057 623 accidentale,
1080 569 1138 607 non
1157 550 1321 642 pssentialc,
1337 552 1432 626 quoad

257 656 358 700 erimina
384 654 413 699 v,
443 659 468 699 et
490 631 718 689 circumstantras
740 637 769 688 et
791 629 908 688 modum
930 638 959 688 et
980 629 1101 705 gradum
1124 649 1174 704 rer,
1189 648 1248 688 non
1262 629 1358 706 quoad
1372 651 1431 688 rem

229 713 469 816 mig-effipiam&-
489 710 590 787 ipsam,
605 729 671 786 quse
686 709 838 786 utrobique
850 708 951 767 eadem
964 708 1027 782 fuit,
1043 709 1129 785 quod,
1148 710 1210 786 jam
1230 729 1318 786 supra
1327 711 1431 786 proba·

257 829 468 886 tloneTemporIs;

228 948 325 1026 spexit
339 948 486 1007 Christum
506 948 701 1007 exhibendum
723 958 752 1007 et
766 957 928 1022 venturum,
945 947 1030 1006 Istud
1050 967 1119 1005 vero
1135 947 1281 1006 Christum
1299 947 1361 1025 jnrn
1383 969 1433 1007 ex·

228 1027 351 1086 hibitnm
373 1036 403 1087 et
424 1029 646 1088 manifestatum.
691 1027 776 1088 Unde
798 1028 899 1086 beatos
920 1027 1090 1104 pronunciat
1111 1027 1210 1085 oculos
1225 1025 1434 1105 Apostolorum

229 1108 368 1182 Christus,
384 1108 462 1185 quod
476 1107 595 1167 videant
609 1128 643 1166 ea
656 1127 721 1184 quae
738 1107 889 1184 Propheta
903 1117 932 1166 ct
948 1107 1045 1184 Reges
1059 1115 1194 1184 optarunt
1208 1107 1316 1182 videre,
1332 1117 1362 1166 et
1376 1129 1434 1166 non

227 1187 363 1246 viderunt
377 1195 481 1263 tamen,
499 1187 569 1246 Luc.
585 1209 614 1245 x.
631 1190 678 1261 23,
698 1192 745 1244 24.

533 1267 628 1326 XIX.
659 1271 686 1325 2.
719 1267 842 1325 Ratione
862 1266 1010 1326 Claritatis
1025 1275 1054 1325 et
1079 1267 1281 1339 obscurasse,-
1307 1265 1381 1340 Quia
1405 1268 1435 1324 in

493 1347 576 1405 Novo
589 1346 677 1423 longe
698 1347 803 1404 elarius
824 1355 1022 1424 proponuntur
1042 1347 1188 1424 mysteria,
1204 1347 1327 1405 sublatis
1348 1368 1434 1405 caerc-

489 1426 647 1484 moniarnm
672 1435 701 1485 et
723 1435 856 1502 typorum
876 1427 950 1484 velis
971 1433 1000 1484 et
1020 1426 1149 1484 umbris:
1170 1425 1248 1484 unde
1263 1425 1434 1502 Apostolus,

229 1509 247 1564 2
263 1507 327 1564 Cor.
343 1505 383 1564 iii.
402 1508 447 1579 18,
463 1507 534 1565 dicit
547 1525 601 1564 nos
612 1506 837 1582 trumaavppbq
851 1507 973 1586 προείπῃ
989 1515 1093 1564 retecta
1099 1507 1178 1580 fucis
1190 1505 1253 1583 (per
1267 1507 1434 1565 antithesim

229 1586 266 1645 ad
282 1586 403 1661 Mosam,
419 1586 469 1663 qui
483 1586 549 1645 velo
564 1585 665 1644 faeiem
687 1607 768 1646 suam
783 1587 908 1663 tegebat,
925 1606 952 1644 v.
969 1590 996 1660 l,
1012 1585 1042 1642 iu
1063 1586 1227 1666 symbolum
1250 1585 1436 1645 obscuritatis

230 1666 370 1746 Legslis),
380 1669 397 1700 “
404 1666 525 1744 gloriam
536 1667 653 1724 Domini
662 1667 867 1747 urmerotm
879 1664 1065 1741 contemplari
1077 1666 1106 1722 in
1118 1664 1254 1742 speculo’'
1268 1666 1433 1744 Evangelii.

229 1747 297 1806 Vet.
306 1746 386 1806 Test.
401 1755 493 1806 totum
509 1746 701 1824 symbolicum
716 1747 771 1806 Iuit
784 1757 813 1806 et
827 1745 1022 1823 figurativum,
1039 1745 1116 1822 quod
1131 1744 1262 1804 umbram
1276 1745 1378 1804 habuit
1390 1767 1435 1804 re·

230 1847 292 1885 rum
307 1825 476 1902 futurarum,
492 1847 551 1885 non
572 1826 726 1904 perfectam
742 1847 836 1886 rerum
846 1825 1010 1901 imaginem,
1028 1825 1104 1882 IIeb.
1120 1845 1148 1882 x.
1167 1828 1192 1882 l.
1237 1825 1294 1883 Sed
1317 1825 1435 1884 Novum

228 1907 346 1983 planum
361 1915 405 1966 cst
419 1915 448 1965 et
462 1916 601 1982 apertum,
617 1907 647 1963 in
668 1927 726 1983 quo
740 1908 833 1983 gratia
853 1906 937 1964 nobis
954 1909 970 1936 “
982 1906 1087 1976 irretire
1108 1905 1183 1963 clare
1203 1905 1346 1980 patefacta
1361 1907 1435 1980 est,”

229 1986 286 2045 Tit.
301 1987 331 2045 ii.
349 1988 394 2042 ll.
438 1984 524 2044 Unde
539 1986 666 2063 Tempus
681 1987 747 2044 Vct.
763 1987 841 2044 Test.
854 1983 999 2042 confertur
1013 1986 1099 2058 nocti,
1115 1983 1289 2042 obnondum
1301 1993 1435 2043 exortum

231 2066 328 2124 Solem
338 2063 469 2142 justitior,
485 2073 514 2122 et
528 2064 655 2140 Tempus
670 2065 756 2139 Novi,
772 2065 837 2137 diei,
854 2065 883 2121 in
898 2085 955 2140 quo
967 2064 1069 2122 Oriens
1083 2084 1120 2122 ex
1131 2063 1190 2122 alto
1201 2073 1281 2122 ortus
1291 2074 1344 2124 est.
1368 2065 1436 2123 Huc

228 2145 360 2221 pertinet,
377 2142 463 2220 quod,
486 2142 555 2202 hcet
576 2142 676 2202 eadem
699 2143 852 2202 haereditas
874 2143 999 2203 coelestis
1014 2153 1043 2202 et
1064 2143 1216 2220 promissio
1237 2143 1305 2202 vitae
1320 2153 1436 2203 aeternae

230 2223 381 2300 utrobique
404 2231 553 2296 occurrat;
584 2223 667 2281 aliter
689 2231 784 2281 tamon
805 2224 974 2300 proponitur
994 2224 1024 2281 in
1039 2223 1139 2282 Veteri
1160 2233 1191 2282 et
1208 2223 1292 2281 Novo
1307 2224 1435 2282 Testem.

230 2302 265 2359 In
281 2301 365 2359 Novo
379 2301 564 2360 Testamento
579 2301 696 2378 quidem
710 2303 786 2360 clare
800 2311 829 2362 et
843 2311 939 2378 aperte
961 2312 990 2361 et
1008 2303 1085 2362 nude
1100 2303 1161 2360 sine
1176 2303 1243 2361 ullis
1257 2303 1435 2362 involucris:

230 2381 272 2439 At
286 2381 316 2438 iu
331 2379 432 2439 Veteri
454 2379 585 2439 involuta
599 2382 677 2458 typis
699 2401 732 2440 ac
753 2383 922 2459 pignoribus
944 2383 1073 2456 terrenis,
1089 2383 1164 2441 inter
1182 2403 1247 2460 quae
1260 2393 1327 2460 post
1340 2383 1437 2441 foedus

230 2481 295 2520 cum
310 2459 479 2517 Abrahamo
492 2458 608 2536 factum,
619 2461 756 2521 excelluit
770 2462 922 2520 haereditas
936 2471 1019 2522 terrae
1035 2464 1160 2522 Censen.
1203 2463 1295 2538 Quam
1306 2464 1435 2540 typicam

229 2540 327 2614 fuisse,
343 2547 372 2599 et
385 2539 460 2597 ratio
474 2539 536 2616 ipsa
550 2539 648 2616 dietat,
658 2562 724 2600 cum
737 2541 846 2600 nullius
860 2541 928 2600 boni
939 2543 1044 2601 terreni
1056 2551 1085 2601 et
1096 2542 1169 2602 finiti
1179 2551 1436 2621 quantumcunque

230 2619 329 2679 eximii
354 2621 498 2697 possessio
521 2621 613 2698 possit
636 2622 760 2680 enimam
783 2623 887 2681 satiare
908 2632 937 2681 et
958 2622 1050 2698 beare,
1076 2621 1127 2680 sed
1146 2631 1256 2681 tantum
1273 2623 1328 2680 Dei
1343 2623 1436 2700 ipsius

231 2699 330 2760 aeterni
344 2708 374 2760 et
386 2699 492 2760 infiniti
506 2699 603 2760 fruitio
615 2723 622 2777 3
646 2702 685 2761 Et
700 2702 809 2761 Paulus
823 2721 958 2780 expresse
973 2710 1103 2778 testatur,
1121 2702 1197 2761 Heb.
1212 2703 1251 2760 iv.

534 2781 610 2840 XX.
633 2785 661 2840 3.
678 2783 800 2843 Ratione
815 2782 994 2854 Facilitatis;
1016 2782 1090 2856 Quia
1107 2781 1316 2841 administratio
1331 2790 1360 2841 et
1385 2799 1435 2840 aa·

492 2864 559 2944 egula
573 2862 660 2940 longe
678 2863 733 2922 fuit
747 2863 893 2940 operosior
913 2863 943 2920 in
958 2862 1067 2936 Veteri,
1083 2881 1169 2939 quam
1199 2863 1229 2920 in
1257 2861 1342 2920 Novo
1364 2862 1435 2920 Tes-

492 2951 627 3018 tamento‚
643 2945 727 3020 cujus
751 2945 936 3003 Sacramenta
960 2962 1079 3002 numero
1102 2951 1169 3000 sunt
1190 2961 1290 3019 panca,
1312 2951 1437 3018 augusta

231 3022 404 3101 significatu,
430 3023 585 3084 observatu
610 3023 755 3084 facillima.
807 3025 871 3100 Quo
896 3030 1027 3099 spectant
1048 3023 1103 3080 ista
1117 3023 1245 3098 August.
1266 3022 1316 3079 lib.
1332 3022 1393 3079 nix.
1409 3043 1434 3080 c.

232 3104 332 3164 Faust.
347 3124 410 3181 cap.
428 3107 473 3180 13,
491 3105 618 3162 “Prima
634 3105 827 3176 Sacramenta,
838 3124 903 3182 quse
914 3101 1142 3161 observabantur
1153 3121 1189 3159 ex
1202 3101 1289 3178 Lege,
1301 3121 1435 3179 praenun-

229 3184 336 3242 ciativa
357 3193 440 3242 erant
454 3184 560 3242 Christi
575 3186 698 3260 venturi,
714 3205 787 3262 quas,
804 3205 869 3242 cunr
884 3203 936 3242 suo
953 3183 1080 3241 adventu
1096 3181 1227 3240 Christus
1246 3181 1434 3259 implevisset,

231 3262 328 3321 ablata
343 3271 418 3337 sunt,
435 3272 463 3321 et
478 3262 542 3321 ideo
557 3263 662 3336 ablata,
678 3265 745 3340 qnia
759 3264 906 3341 impleta,”
922 3259 986 3338 dac,
1004 3263 1021 3294 “
1032 3270 1062 3321 et
1075 3261 1131 3320 aliu
1146 3270 1213 3319 suut
1230 3262 1362 3320 instituta
1376 3263 1434 3320 vir·

231 3351 293 3398 tute
317 3341 436 3416 majora,
458 3341 582 3400 utilitate
606 3343 733 3416 meliors,
748 3351 815 3401 actu
839 3341 975 3416 faciliora,
991 3361 1110 3400 numero
1130 3341 1274 3418 pauciora,
1298 3351 1435 3419 tanquam

229 3420 345 3496 justitia
358 3418 426 3476 fidei
439 3419 575 3494 revelata,
592 3428 621 3478 et
635 3421 664 3477 in
677 3420 840 3479 libertatern
855 3421 965 3479 vocatis
980 3421 1046 3479 filiis
1063 3421 1126 3496 Dei,
1138 3423 1211 3498 jugo
1226 3421 1375 3480 servitutis
1386 3421 1434 3479 ab·

231 3500 299 3570 Into,
310 3497 389 3574 quod
403 3497 475 3556 duro
489 3506 518 3556 et
533 3500 611 3556 carni
625 3498 723 3558 dedito
737 3500 844 3577 populo
859 3501 1065 3576 congruebat.’'
1110 3502 1201 3580 Signa
1215 3502 1320 3578 quippe
1336 3501 1435 3560 Verbo

232 3576 331 3636 addita
345 3576 462 3652 genium
474 3576 565 3635 Verbi
578 3577 740 3638 referebant
751 3602 758 3654 ;
782 3580 824 3638 Ut
835 3580 963 3638 Verbum
975 3601 1033 3638 nou
1044 3589 1102 3639 tam
1112 3580 1167 3639 tuit
1176 3581 1339 3657 Evangelii,
1350 3601 1434 3660 quam

233 3657 397 3730 ἐπαγγελίας,
412 3674 471 3713 non
485 3658 662 3716 annuncians
677 3659 823 3718 Christum
837 3659 1007 3735 exhibitum,
1019 3660 1069 3719 sed
1082 3661 1283 3738 praenuncians
1297 3661 1434 3720 exhiben-

232 3737 311 3795 dum.
354 3737 400 3794 Ita
417 3736 601 3796 Sacramenta
615 3737 730 3797 fuerunt
738 3740 800 3817 typi
815 3759 909 3798 rerum
923 3739 1091 3816 futurarum,
1102 3759 1160 3799 non
1174 3741 1352 3799 memorialia
1365 3760 1435 3818 prae·

232 3817 389 3892 teritorum,
404 3823 437 3875 ut
451 3824 557 3893 nostra,
575 3821 590 3875 1
607 3819 671 3876 Cor.
684 3819 723 3876 xi.
744 3823 792 3893 24,
815 3820 1013 3898 chirographa,
1026 3840 1083 3878 non
1106 3840 1192 3879 meru
1211 3821 1339 3897 apochae,
1358 3841 1433 3879 com-

231 3897 399 3957 memoratio
413 3897 532 3975 peccati,
547 3917 605 3957 non
620 3899 851 3959 commemoratio
873 3900 1005 3958 sacrificii
1018 3921 1071 3978 pro
1092 3901 1218 3978 peccatis
1228 3901 1290 3978 jam
1305 3901 1433 3978 praestiti.

233 3979 294 4038 Nec
307 3978 386 4037 valet
410 3976 489 4055 quod
503 3977 638 4054 objicitur
662 3980 832 4056 sanguinem
846 3979 1028 4040 victimarum
1049 3981 1136 4056 longe
1158 3981 1263 4039 clarius
1280 3989 1309 4038 et
1322 3981 1434 4040 facilius

232 4058 418 4118 adumbrasse
432 4067 554 4117 mortem
569 4058 684 4132 Christi,
700 4079 786 4136 quarn
801 4060 934 4137 symbola
947 4060 1030 4138 panis
1044 4069 1073 4118 et
1087 4060 1148 4117 vini
1163 4061 1192 4118 in
1204 4059 1395 4136 Eucharistis,
1407 4067 1434 4118 et

231 4138 370 4215 majorem
384 4157 447 4198 esse
461 4139 624 4216 analogiam
645 4139 719 4197 inter
740 4159 854 4198 carnem
873 4149 902 4199 ct
923 4159 1046 4215 canrem,
1068 4159 1155 4216 quam
1176 4139 1251 4199 inter
1271 4159 1386 4198 earnem
1407 4147 1435 4197 et

230 4239 344 4296 panem.
394 4217 470 4294 Quia
491 4217 547 4278 ista
571 4218 743 4296 significatio
767 4239 825 4278 non
845 4219 971 4297 petendu
993 4229 1037 4278 est
1058 4219 1227 4298 simpliciter
1247 4239 1284 4278 ex
1301 4218 1434 4295 aucupia

226 4299 353 4376 physica,
370 4318 421 4357 seu
435 4297 531 4376 quoad
545 4319 602 4358 esse
620 4299 763 4375 physicum
784 4319 888 4375 rerum,
904 4299 955 4358 sed
976 4299 1118 4376 praecipue
1137 4299 1234 4377 quoad
1247 4319 1304 4358 ease
1318 4301 1431 4371 morale,

230 4389 260 4438 et
274 4399 312 4436 ex
326 4379 492 4438 institutione
506 4379 609 4455 diviua,
626 4399 690 4456 qum
710 4379 798 4456 longe
813 4379 917 4438 clarior
937 4379 1024 4438 estin
1040 4379 1124 4438 Novo
1138 4379 1332 4456 Testamento,
1349 4397 1432 4457 quarn

229 4459 260 4517 in
275 4458 385 4517 Veteri
427 4457 525 4517 Antea
537 4477 615 4518 mors
626 4457 807 4517 victimarum
819 4466 848 4516 et
862 4457 980 4535 sanguis
995 4458 1063 4536 agni
1074 4458 1293 4536 requirebantur
1313 4458 1349 4517 ad
1361 4457 1431 4535 figu-

230 4537 349 4597 randam
364 4537 472 4597 Christi
485 4545 606 4597 mortem
627 4537 722 4597 adhuc
746 4537 890 4612 futuram;
924 4538 982 4598 Sed
1002 4547 1155 4617 postquam
1169 4539 1291 4616 contigit
1305 4539 1336 4596 in
1350 4539 1433 4596 Novo

247 1331 269 1377 2.
285 1333 390 1378 Ratione
401 1332 455 1377 Cia·

302 1390 384 1435 ritatis
394 1406 400 1442 ;

229 2847 251 2892 3.
267 2849 372 2895 Ratione
386 2847 472 2893 Facill-

317 2907 377 2953 tatis
385 2922 391 2962 ;

230 4619 415 4678 Testamento
430 4637 488 4676 non
502 4637 619 4677 neeesse
633 4618 695 4694 fuit,
711 4618 770 4678 imo
790 4637 845 4677 neo
858 4617 958 4678 debuit
973 4619 1096 4696 amplius
1118 4617 1282 4676 adumbrari
1296 4638 1348 4695 per
1369 4635 1431 4676 san·

490 799 559 865 tum,
569 789 691 848 ulterius
705 788 874 864 ostenditur,
891 792 916 848 1.
931 788 1053 847 Ratione
1071 790 1235 865 Temporrs;
1255 789 1434 863 Quial'etus
1542 807 1543 850 i

489 869 636 947 precessit
650 867 805 942 Christum,
822 869 937 926 Novum
952 887 1021 926 vero
1036 888 1101 926 eum
1116 869 1264 944 sequitur;
1288 868 1368 926 Illud
1389 890 1433 928 re-
1542 861 1543 930 l
