3186 5210
139 367 250 418 eumer.
265 343 356 424 xvn.]
559 363 598 402 nn
612 361 781 403 vocnmonn
797 363 834 402 nr
849 362 928 403 rina.
1285 348 1342 407 541

142 510 211 588 quia
224 509 245 568 J
248 528 281 567 ua
292 506 417 564 filiorum
432 503 520 562 semel
544 504 600 581 ipsi
622 503 774 579 indultum,
787 523 934 581 nunquam
948 505 1058 565 tollitur
1072 526 1090 564 a
1103 514 1183 583 parte
1199 507 1263 582 Dei,
1278 508 1348 568 licet

142 610 213 649 usus
228 590 291 666 ejus
306 595 335 644 et
350 603 451 643 sensus
467 584 588 642 subinde
602 584 640 641 ad
654 592 767 662 tempus
781 585 873 662 possit
886 585 1026 664 intercipi,
1042 595 1071 645 et
1086 587 1196 646 semina
1206 588 1306 664 gratiae
1317 597 1347 647 et

142 671 284 728 virtutum
297 685 446 742 nunquam
457 664 493 722 ab
508 685 542 722 eo
553 663 728 723 auferuntur.

186 748 302 807 XLVI.
324 746 439 804 Peccatt'
461 765 577 821 reprom
592 746 715 821 spectari
729 753 832 822 potest,
856 745 903 802 vcl
919 744 1014 820 quoad
1027 756 1130 805 elatum
1143 748 1346 823 universaliter,

144 831 194 888 vel
208 831 302 906 quood
314 835 407 886 achera
414 827 599 901 partialiter:
621 825 648 882 N
650 845 688 882 on
702 845 841 902 negamus
856 824 969 882 fidelem
985 847 1069 904 posse
1084 827 1201 886 subesse
1216 847 1348 888 nonnun-

145 930 232 988 quam
247 928 337 985 regno
352 906 462 983 peccati
476 905 599 982 partiali,
614 905 645 962 id
659 913 712 980 est,
728 905 823 982 quoad
845 913 950 985 actum,
967 915 996 964 et
1020 906 1116 982 quoad
1129 917 1207 966 certa
1221 917 1347 985 peccata,

146 991 252 1068 quibus
272 987 414 1063 indulget.
459 987 517 1044 Sed
535 1005 675 1062 negamus
690 985 808 1043 subesse
822 1005 912 1061 regno
935 987 1045 1062 peccati
1069 987 1233 1062 universali,
1254 989 1351 1064 quoad

146 1079 262 1143 statum,
277 1077 310 1127 ut
325 1066 455 1125 absolute
470 1066 500 1123 in
514 1067 576 1143 cjus
590 1073 762 1142 potestatem
784 1065 890 1140 veniat,
907 1073 935 1123 et
949 1066 1011 1124 sine
1024 1066 1085 1125 ullo
1106 1068 1203 1126 renisu
1217 1076 1246 1126 et
1259 1067 1352 1126 reluc-

147 1150 238 1210 tantia
252 1149 282 1206 in
297 1148 347 1205 illo
361 1146 533 1205 dominetur.
575 1146 648 1204 Caro
663 1145 770 1203 victrix
792 1153 836 1203 est
857 1145 887 1201 in
902 1146 1217 1221 variis‘certaminibus,
1234 1148 1285 1206 sed
1298 1168 1352 1206 nec

147 1230 283 1303 totaliter,
298 1237 331 1287 ut
344 1227 417 1284 nihil
431 1227 469 1285 sit
482 1226 605 1303 emplius
619 1227 650 1283 in
671 1226 796 1300 bomine,
812 1225 890 1302 quod
912 1225 954 1282 illi
968 1227 1091 1301 resistat,
1106 1247 1160 1286 nec
1174 1228 1305 1302 finaliter,
1321 1236 1354 1287 ut

149 1318 287 1389 perpetuo
302 1308 340 1366 sit
354 1307 492 1384 superior.
534 1307 598 1365 Imo
623 1313 656 1364 ut
672 1305 796 1382 Spiritus
810 1324 907 1364 semen
923 1306 1023 1382 gratiae
1038 1326 1151 1383 semper
1169 1308 1199 1364 in
1213 1308 1264 1365 illo
1285 1327 1352 1366 con·

150 1397 255 1464 servat,
281 1387 397 1447 tandem
420 1387 513 1445 victor
537 1406 624 1463 supra
648 1405 762 1444 earnem
787 1385 893 1460 evadit,
909 1394 938 1444 et
957 1385 1026 1444 lacit
1039 1385 1154 1444 fidelem
1168 1388 1197 1443 in
1212 1388 1275 1464 ipso
1291 1397 1354 1460 tme-

150 1481 230 1540 νιιᾷιε
253 1469 319 1527 Hoc
334 1487 420 1526 sensu
434 1487 492 1525 non
506 1467 580 1525 male
595 1466 631 1524 de
645 1465 722 1524 fideli
734 1465 848 1540 dicitur,
858 1465 936 1542 quod
950 1466 1019 1523 olim
1034 1466 1143 1524 dictum
1158 1467 1194 1525 de
1204 1468 1352 1542 Romania,

146 1551 250 1627 proelio
264 1549 374 1625 quidem
388 1567 588 1624 nonnunquam
601 1546 790 1621 victoejinsse,
805 1549 856 1604 sed
867 1567 1009 1622 nunquam
1023 1548 1101 1604 bello.
1131 1547 1213 1605 Licet
1227 1547 1302 1605 enim
1318 1548 1354 1606 de

150 1637 272 1706 utroque
294 1647 385 1705 regno
407 1636 436 1686 et
457 1626 569 1704 peccati
582 1636 612 1684 et
636 1626 735 1702 gratiae
750 1625 859 1702 aliquid
868 1627 916 1704 ,sit
929 1627 959 1684 in
973 1627 1036 1703 ipso
1050 1635 1166 1703 propter
1181 1627 1302 1685 Carnem
1326 1636 1356 1686 et

154 1709 293 1786 Spiritum
317 1708 347 1765 in
371 1707 455 1766 nobis
466 1707 638 1782 habitantes,
654 1725 775 1782 regnare
789 1714 885 1765 tamen
907 1705 1011 1765 dicitur
1025 1706 1055 1764 in
1069 1726 1112 1782 eo,
1128 1726 1185 1764 non
1201 1707 1275 1782 c'aro,
1291 1727 1356 1784 quae

152 1789 283 1848 atteritur
296 1787 435 1866 paulatim
459 1795 488 1846 et
507 1787 623 1862 excidit,
640 1786 691 1844 sed
715 1785 839 1864 Spiritus
853 1786 962 1863 gratiae,
977 1786 1028 1864 qni
1042 1785 1227 1844 confirmatur
1239 1787 1270 1844 in
1284 1787 1355 1862 dies,

153 1880 183 1928 et
212 1869 346 1928 erficitur.

192 1890 331 2007 1llLVII.
353 1947 445 2006 Aliud
459 1955 503 2006 est
517 1968 534 2005 a
549 1947 650 2023 gratio,
665 1947 720 2004 ho'e
744 1954 787 2004 est
812 1946 937 2022 gratuito
963 1946 1019 2005 Dei
1032 1947 1062 2004 in
1078 1947 1191 2005 Christo
1205 1946 1312 2022 lavore,
1329 1953 1358 2005 et

154 2029 272 2088 salutari
286 2028 398 2087 influxu
411 2027 545 2087 recedere
560 2025 744 2103 aliquomodo
759 2027 821 2085 sive
835 2027 1031 2102 retrocedere;
1045 2026 1136 2086 Aliud
1150 2047 1266 2104 prorsus
1277 2027 1356 2085 exci-

155 2109 223 2167 dere
237 2117 266 2167 et
280 2109 451 2167 exeutorari.
494 2106 587 2165 Aliud
610 2126 737 2183 peccare,
754 2105 845 2166 Aliud
868 2107 997 2165 funditus
1011 2108 1113 2184 perire.
1155 2107 1248 2166 Aliud
1262 2116 1357 2166 actum

156 2189 223 2248 fidei
236 2189 390 2262 remittere,
414 2189 462 2247 vel
484 2187 681 2261 intermittere,
708 2185 801 2244 Aliud
824 2187 955 2246 habitum
970 2187 1063 2263 ipsum
1078 2195 1222 2245 excutere.
1265 2186 1358 2246 Aliud

157 2288 243 2327 sensu
261 2268 475 2344 justificationis
489 2267 605 2345 privari,
622 2266 714 2325 Aliud
727 2287 797 2325 vero
811 2267 847 2324 de
859 2274 935 2326 statu
950 2265 1104 2326 deturbari.
1148 2267 1232 2326 Prius
1247 2268 1358 2343 damus,

158 2348 209 2406 sed
224 2367 280 2403 non
294 2348 453 2423 posterius,
475 2367 528 2405 nec
552 2347 665 2424 quoties
679 2347 754 2405 actio
768 2347 950 2424 pervertitur,
965 2347 1037 2406 fides
1052 2348 1149 2406 statim
1164 2347 1360 2422 subvertitur;

159 2426 208 2485 vel
220 2427 307 2484 toties
321 2427 445 2485 charitas
459 2427 611 2502 excutitur,
627 2427 741 2503 quoties
763 2427 794 2484 in
808 2427 887 2486 lucta
905 2427 1073 2486 tentationis
1087 2429 1267 2503 concutitur;
1283 2428 1361 2486 deci·

159 2506 234 2565 dunt
257 2505 368 2565 fructus
392 2515 421 2566 et
443 2507 519 2581 folia,
540 2506 609 2564 dum
624 2526 727 2566 succus
741 2507 851 2566 arboris
874 2506 1029 2566 fructiferae
1043 2507 1115 2566 latet
1128 2508 1158 2565 in
1172 2508 1285 2582 radice;
1307 2528 1362 2566 nec

159 2587 210 2664 qui
233 2606 438 2664 nonnunquam
462 2607 527 2646 curn
553 2586 796 2646 Nebucadnezarc
818 2587 1029 2664 possessionem
1057 2588 1139 2663 regni
1173 2587 1288 2660 amittit,
1311 2587 1361 2645 vel

158 2687 224 2726 eum
245 2666 368 2744 leproso,
390 2668 427 2726 ab
447 2667 624 2726 habitatione
646 2667 749 2725 domus
771 2687 830 2725 suae
851 2667 1023 2742 excluditur,
1046 2668 1143 2726 statim
1161 2668 1211 2742 jus
1231 2667 1268 2724 ad
1282 2666 1363 2723 illem

158 2747 261 2825 perdit.
305 2747 392 2806 Pater
412 2748 526 2825 quoties
546 2746 607 2804 filio
628 2746 750 2824 prodigo
771 2747 912 2820 irascitur,
934 2747 1020 2805 toties
1041 2746 1122 2804 illum
1142 2765 1201 2803 non
1221 2745 1364 2822 expungit

158 2847 196 2886 ex
217 2827 342 2886 filiorum
363 2847 491 2904 numero,
513 2845 568 2885 neo
589 2846 678 2903 quum
698 2826 800 2904 incipit
831 2846 931 2886 severe
954 2827 1104 2904 castigare,
1126 2825 1233 2884 desinit
1254 2825 1364 2884 sincere

159 2927 266 2966 amare.

605 3145 798 3220 QUAESTIO
813 3147 922 3204 XVII.

576 3325 615 3363 DE
637 3323 840 3366 onnrlrunntn
862 3325 952 3364 sunni.

162 3466 209 3524 An
223 3465 330 3524 Fidelis
351 3466 441 3543 possit
464 3475 490 3524 et
512 3467 610 3524 debera
633 3486 691 3524 ease
712 3475 802 3525 certae
826 3469 861 3525 de
883 3468 965 3540 Fide,
981 3475 1007 3524 et
1034 3467 1068 3525 de
1088 3465 1291 3545 Jaatg'licationc
1304 3485 1366 3541 suo,

201 3545 505 3686 gefflrssr'pgtrfflvina,
522 3555 549 3604 et
568 3565 624 3604 non
639 3555 746 3605 tantum
760 3547 968 3621 conjecturali!
1009 3544 1123 3604 Affirm.
1138 3555 1238 3605 contra
1259 3545 1366 3605 Pontis.

204 3785 228 3842 I.
251 3785 322 3844 Post
336 3795 474 3846 assertam
500 3785 750 3845 Perseverantiam
764 3783 832 3843 fidei
855 3793 955 3846 contra
976 3785 1163 3864 Apostasiam
1179 3787 1367 3861 Sanctorum3

164 3863 397 3923 Demonstranda
410 3875 455 3925 eet
469 3867 554 3924 etiam
571 3865 635 3942 ejus
651 3865 796 3925 Gertitndo
811 3875 911 3924 contra
936 3875 1023 3937 tmxts
1037 3873 1065 3924 et
1079 3866 1288 3924 dubitationem
1303 3863 1366 3922 Ad-

163 3943 356 4000 versariomm
385 3945 502 4003 Gratia.
545 3947 618 4004 Cum
646 3954 742 4004 autem
764 3945 873 4022 duplex
898 3945 1040 4004 certitudo
1064 3945 1130 4002 fidei
1154 3944 1242 4002 tribui
1257 3944 1367 4020 soleat;

165 4019 263 4077 Pn'rna
276 4023 311 4079 de
323 4023 424 4098 seipsa,
439 4044 491 4101 per
505 4045 591 4101 quam
604 4025 688 4084 novit
701 4033 731 4084 et
745 4036 839 4084 certus
854 4033 898 4084 eat
911 4025 1033 4100 quisque
1047 4022 1141 4082 fidelis
1156 4043 1187 4082 se
1201 4021 1288 4080 fidem
1305 4023 1367 4100 jus-

164 4099 321 4159 tificantem
343 4101 469 4177 habere;
489 4153 492 4158 ,
512 4102 616 4162 Altera
630 4107 665 4163 de
682 4105 788 4166 Gratia
802 4105 1011 4183 juatzficatiom's
1025 4112 1052 4162 et
1079 4103 1186 4177 salutis,
1212 4123 1369 4180 perquam

163 4178 259 4238 fidelis
273 4189 368 4240 certus
383 4189 427 4240 est
442 4182 498 4240 sibi
511 4183 631 4242 remissa
641 4204 704 4243 esse
713 4193 832 4262 peccata
843 4203 903 4259 sua,
919 4191 1005 4260 atque
1014 4182 1087 4242 adeo
1101 4201 1132 4242 se
1144 4182 1245 4242 salutis
1254 4183 1369 4260 partici-

163 4279 230 4337 pem
244 4258 304 4318 fore
320 4281 327 4318 :
364 4261 409 4320 De
422 4271 544 4340 utraque
558 4262 645 4322 simul
658 4263 877 4342 disputabimus.

469 4342 511 4401 11.
535 4343 595 4401 Res
603 4343 687 4402 nobis
695 4345 743 4402 hic
753 4353 797 4404 cst
807 4365 873 4404 cum
884 4343 987 4402 iisdem
996 4341 1191 4418 Adversariis,
1207 4342 1258 4420 qui
1269 4341 1370 4400 Perse-

427 4422 587 4480 verantiam
601 4431 778 4501 oppugnant.
804 4423 950 4482 Pontificii
958 4423 1159 4483 certitudinem
1168 4422 1263 4481 fidelis
1274 4421 1310 4479 de
1322 4441 1375 4480 sua

427 4499 485 4559 fide
510 4501 620 4561 nullam
644 4523 707 4562 esse
731 4505 788 4562 nisi
810 4503 1033 4582 conjecturalem
1056 4504 1177 4578 doeent;
1199 4503 1261 4561 Nec
1281 4501 1374 4560 ullum

164 4578 282 4640 fidelem
296 4599 382 4660 posse
396 4599 460 4640 esse
475 4590 595 4658 eertum,
610 4584 689 4660 quod
698 4583 756 4642 fide
769 4603 848 4659 vera,
863 4603 922 4642 non
942 4584 1129 4662 hypocritica,
1144 4584 1285 4641 virenon
1298 4601 1375 4641 mor-

167 4669 226 4740 tua,
238 4661 269 4721 in
284 4661 432 4724 Christum
446 4662 556 4740 credat,
581 4681 646 4722 cum
671 4671 700 4724 et
721 4663 784 4724 falli
797 4683 906 4740 omncs,
922 4671 951 4724 et
971 4663 1070 4724 fallere
1085 4663 1196 4743 scipsos
1216 4662 1297 4724 varie
1309 4682 1377 4744 pos·

164 4405 294 4452 Sententia
304 4403 407 4450 Pontifi-

237 4465 339 4508 ciorum.
