<?xml version="1.0" encoding="UTF-8"?>
<!DOCTYPE html PUBLIC "-//W3C//DTD XHTML 1.0 Transitional//EN"
    "http://www.w3.org/TR/xhtml1/DTD/xhtml1-transitional.dtd">
<html xmlns="http://www.w3.org/1999/xhtml" xml:lang="en" lang="en">
 <head>
  <title>
</title>
<meta http-equiv="Content-Type" content="text/html;charset=utf-8" />
  <meta name='ocr-system' content='tesseract 3.04.00' />
  <meta name='ocr-capabilities' content='ocr_page ocr_carea ocr_par ocr_line ocrx_word'/>
</head>
<body>
  <div class='ocr_page' id='page_1' title='image "./francisciturret00pictgoog_0081.png"; bbox 0 0 3108 5198; ppageno 0'>
   <div class='ocr_carea' id='block_1_1' title="bbox 255 321 1465 403">
    <p class='ocr_par' dir='ltr' id='par_1_1' title="bbox 255 321 1465 403">
     <span class='ocr_line' id='line_1_1' title="bbox 255 321 1465 403; baseline -0.009 -12"><span class='ocrx_word' id='word_1_1' title='bbox 255 332 295 391; x_wconf 77' lang='grc'>50</span> <span class='ocrx_word' id='word_1_2' title='bbox 709 347 801 389; x_wconf 74' lang='lat' dir='ltr'>cocus</span> <span class='ocrx_word' id='word_1_3' title='bbox 815 347 996 390; x_wconf 78' lang='lat' dir='ltr'>annuemus.</span> <span class='ocrx_word' id='word_1_4' title='bbox 1273 321 1404 403; x_wconf 74' lang='lat' dir='ltr'>[Quaen.</span> <span class='ocrx_word' id='word_1_5' title='bbox 1421 341 1465 380; x_wconf 84' lang='lat' dir='ltr'>rx.</span> 
     </span>
    </p>
   </div>
   <div class='ocr_carea' id='block_1_2' title="bbox 256 481 1465 726">
    <p class='ocr_par' dir='ltr' id='par_1_2' title="bbox 256 481 1465 726">
     <span class='ocr_line' id='line_1_2' title="bbox 256 481 1465 567; baseline -0.009 -17"><span class='ocrx_word' id='word_1_6' title='bbox 256 489 314 550; x_wconf 87' lang='lat' dir='ltr'>tico</span> <span class='ocrx_word' id='word_1_7' title='bbox 328 491 441 549; x_wconf 82' lang='lat' dir='ltr'><em>Idolum</em></span> <span class='ocrx_word' id='word_1_8' title='bbox 454 496 584 547; x_wconf 75' lang='lat' dir='ltr'>sumatur</span> <span class='ocrx_word' id='word_1_9' title='bbox 597 483 797 567; x_wconf 83' lang='lat' dir='ltr'>utplurimum</span> <span class='ocrx_word' id='word_1_10' title='bbox 811 487 841 546; x_wconf 93' lang='lat' dir='ltr'>in</span> <span class='ocrx_word' id='word_1_11' title='bbox 854 489 961 548; x_wconf 84' lang='lat' dir='ltr'>malam</span> <span class='ocrx_word' id='word_1_12' title='bbox 975 495 1094 564; x_wconf 83' lang='lat' dir='ltr'>partem,</span> <span class='ocrx_word' id='word_1_13' title='bbox 1119 483 1223 560; x_wconf 82' lang='lat' dir='ltr'><strong>Imago</strong></span> <span class='ocrx_word' id='word_1_14' title='bbox 1237 501 1307 542; x_wconf 86' lang='lat' dir='ltr'>vero</span> <span class='ocrx_word' id='word_1_15' title='bbox 1326 481 1418 541; x_wconf 86' lang='lat' dir='ltr'>etiam</span> <span class='ocrx_word' id='word_1_16' title='bbox 1434 482 1465 539; x_wconf 91' lang='lat' dir='ltr'>in</span> 
     </span>
     <span class='ocr_line' id='line_1_3' title="bbox 256 563 1465 647; baseline -0.009 -17"><span class='ocrx_word' id='word_1_17' title='bbox 256 571 362 630; x_wconf 88' lang='lat' dir='ltr'>bonam</span> <span class='ocrx_word' id='word_1_18' title='bbox 376 588 428 647; x_wconf 92' lang='lat' dir='ltr'>pro</span> <span class='ocrx_word' id='word_1_19' title='bbox 442 567 570 646; x_wconf 88' lang='lat' dir='ltr'>qualibet</span> <span class='ocrx_word' id='word_1_20' title='bbox 583 569 852 646; x_wconf 60' lang='lat' dir='ltr'>repraesentatem,</span> <span class='ocrx_word' id='word_1_21' title='bbox 867 576 964 628; x_wconf 89' lang='lat' dir='ltr'>tamen</span> <span class='ocrx_word' id='word_1_22' title='bbox 978 575 1088 626; x_wconf 83' lang='lat' dir='ltr'>certum</span> <span class='ocrx_word' id='word_1_23' title='bbox 1102 573 1147 624; x_wconf 87' lang='lat' dir='ltr'>est</span> <span class='ocrx_word' id='word_1_24' title='bbox 1157 563 1188 622; x_wconf 90' lang='lat' dir='ltr'>in</span> <span class='ocrx_word' id='word_1_25' title='bbox 1201 582 1258 622; x_wconf 88' lang='lat' dir='ltr'>usn</span> <span class='ocrx_word' id='word_1_26' title='bbox 1271 563 1465 639; x_wconf 82' lang='lat' dir='ltr'>grammatico</span> 
     </span>
     <span class='ocr_line' id='line_1_4' title="bbox 256 643 1464 726; baseline -0.007 -18"><span class='ocrx_word' id='word_1_27' title='bbox 256 650 387 726; x_wconf 83' lang='lat' dir='ltr'>ejusdem</span> <span class='ocrx_word' id='word_1_28' title='bbox 400 667 464 707; x_wconf 85' lang='lat' dir='ltr'>esse</span> <span class='ocrx_word' id='word_1_29' title='bbox 479 647 705 726; x_wconf 83' lang='lat' dir='ltr'>significationis,</span> <span class='ocrx_word' id='word_1_30' title='bbox 721 657 750 708; x_wconf 91' lang='lat' dir='ltr'>et</span> <span class='ocrx_word' id='word_1_31' title='bbox 762 649 924 726; x_wconf 86' lang='lat' dir='ltr'>promiscue</span> <span class='ocrx_word' id='word_1_32' title='bbox 944 646 1078 724; x_wconf 87' lang='lat' dir='ltr'>usurpari</span> <span class='ocrx_word' id='word_1_33' title='bbox 1097 664 1150 722; x_wconf 90' lang='lat' dir='ltr'>pro</span> <span class='ocrx_word' id='word_1_34' title='bbox 1171 643 1277 722; x_wconf 86' lang='lat' dir='ltr'>quovis</span> <span class='ocrx_word' id='word_1_35' title='bbox 1297 643 1464 700; x_wconf 79' lang='lat' dir='ltr'>simulacro.</span> 
     </span>
    </p>
   </div>
   <div class='ocr_carea' id='block_1_3' title="bbox 257 717 1538 1204">
    <p class='ocr_par' dir='ltr' id='par_1_3' title="bbox 257 717 1538 1204">
     <span class='ocr_line' id='line_1_5' title="bbox 258 717 1538 806; baseline -0.007 -19"><span class='ocrx_word' id='word_1_36' title='bbox 258 729 337 788; x_wconf 88' lang='lat' dir='ltr'>Hinc</span> <span class='ocrx_word' id='word_1_37' title='bbox 346 728 458 788; x_wconf 67' lang='lat' dir='ltr'>diosa:</span> <span class='ocrx_word' id='word_1_38' title='bbox 473 729 546 802; x_wconf 68' lang='lat' dir='ltr'>dado,</span> <span class='ocrx_word' id='word_1_39' title='bbox 562 725 669 788; x_wconf 71' lang='lat' dir='ltr'>siluno.</span> <span class='ocrx_word' id='word_1_40' title='bbox 692 728 732 787; x_wconf 87' lang='lat' dir='ltr'>Et</span> <span class='ocrx_word' id='word_1_41' title='bbox 745 728 823 806; x_wconf 90' lang='lat' dir='ltr'>apud</span> <span class='ocrx_word' id='word_1_42' title='bbox 837 729 1004 790; x_wconf 76' lang='lat' dir='ltr'>Ciceronem</span> <span class='ocrx_word' id='word_1_43' title='bbox 1014 728 1115 802; x_wconf 66' lang='lat' dir='ltr'>Imago</span> <span class='ocrx_word' id='word_1_44' title='bbox 1129 731 1158 783; x_wconf 91' lang='lat' dir='ltr'>ct</span> <span class='ocrx_word' id='word_1_45' title='bbox 1171 725 1286 782; x_wconf 80' lang='lat' dir='ltr'><strong><em>Idolum</em></strong></span> <span class='ocrx_word' id='word_1_46' title='bbox 1299 742 1333 782; x_wconf 89' lang='lat' dir='ltr'>eo</span> <span class='ocrx_word' id='word_1_47' title='bbox 1347 730 1464 780; x_wconf 84' lang='lat' dir='ltr'>tantum</span> <span class='ocrx_word' id='word_1_48' title='bbox 1537 717 1538 786; x_wconf 70' lang='lat' dir='ltr'>i</span> 
     </span>
     <span class='ocr_line' id='line_1_6' title="bbox 257 787 1538 885; baseline -0.006 -19"><span class='ocrx_word' id='word_1_49' title='bbox 257 807 402 883; x_wconf 85' lang='lat' dir='ltr'>differunt,</span> <span class='ocrx_word' id='word_1_50' title='bbox 409 808 487 885; x_wconf 92' lang='lat' dir='ltr'>quod</span> <span class='ocrx_word' id='word_1_51' title='bbox 497 809 619 867; x_wconf 85' lang='lat' dir='ltr'>alterum</span> <span class='ocrx_word' id='word_1_52' title='bbox 630 810 773 884; x_wconf 79' lang='lat' dir='ltr'>Graecum,</span> <span class='ocrx_word' id='word_1_53' title='bbox 789 809 911 867; x_wconf 87' lang='lat' dir='ltr'>alterum</span> <span class='ocrx_word' id='word_1_54' title='bbox 921 807 1057 866; x_wconf 90' lang='lat' dir='ltr'>Latinum</span> <span class='ocrx_word' id='word_1_55' title='bbox 1072 813 1129 881; x_wconf 87' lang='lat' dir='ltr'>est;</span> <span class='ocrx_word' id='word_1_56' title='bbox 1154 803 1258 878; x_wconf 82' lang='lat' dir='ltr'>Atomr&#39;,</span> <span class='ocrx_word' id='word_1_57' title='bbox 1268 802 1363 879; x_wconf 91' lang='lat' dir='ltr'>inquit</span> <span class='ocrx_word' id='word_1_58' title='bbox 1375 801 1432 860; x_wconf 93' lang='lat' dir='ltr'>lib.</span> <span class='ocrx_word' id='word_1_59' title='bbox 1442 801 1462 858; x_wconf 91' lang='lat' dir='ltr'>i.</span> <span class='ocrx_word' id='word_1_60' title='bbox 1537 787 1538 848; x_wconf 66' lang='lat' dir='ltr'>l</span> 
     </span>
     <span class='ocr_line' id='line_1_7' title="bbox 257 880 1463 965; baseline -0.006 -19"><span class='ocrx_word' id='word_1_61' title='bbox 257 887 294 946; x_wconf 88' lang='lat' dir='ltr'>de</span> <span class='ocrx_word' id='word_1_62' title='bbox 303 887 435 962; x_wconf 79' lang='lat' dir='ltr'>Finibus,</span> <span class='ocrx_word' id='word_1_63' title='bbox 447 887 544 947; x_wconf 76' lang='lat' dir='ltr'>inanes</span> <span class='ocrx_word' id='word_1_64' title='bbox 552 888 701 965; x_wconf 72' lang='lat' dir='ltr'>Imagines,</span> <span class='ocrx_word' id='word_1_65' title='bbox 709 907 779 964; x_wconf 84' lang='lat' dir='ltr'>quaa</span> <span class='ocrx_word' id='word_1_66' title='bbox 793 889 871 947; x_wconf 78' lang='lat' dir='ltr'>idolo</span> <span class='ocrx_word' id='word_1_67' title='bbox 883 887 1037 946; x_wconf 82' lang='lat' dir='ltr'>nominant.</span> <span class='ocrx_word' id='word_1_68' title='bbox 1079 885 1126 944; x_wconf 87' lang='lat' dir='ltr'>Ita</span> <span class='ocrx_word' id='word_1_69' title='bbox 1138 883 1248 964; x_wconf 87' lang='lat' dir='ltr'>passim</span> <span class='ocrx_word' id='word_1_70' title='bbox 1262 881 1338 960; x_wconf 92' lang='lat' dir='ltr'>apud</span> <span class='ocrx_word' id='word_1_71' title='bbox 1350 880 1463 939; x_wconf 89' lang='lat' dir='ltr'>Diodo-</span> 
     </span>
     <span class='ocr_line' id='line_1_8' title="bbox 257 961 1464 1045; baseline -0.007 -19"><span class='ocrx_word' id='word_1_72' title='bbox 257 987 330 1043; x_wconf 90' lang='lat' dir='ltr'>rum,</span> <span class='ocrx_word' id='word_1_73' title='bbox 347 967 510 1044; x_wconf 86' lang='lat' dir='ltr'>Polybium,</span> <span class='ocrx_word' id='word_1_74' title='bbox 527 969 723 1042; x_wconf 78' lang='lat' dir='ltr'>Plutarchum,</span> <span class='ocrx_word' id='word_1_75' title='bbox 739 975 768 1026; x_wconf 92' lang='lat' dir='ltr'>et</span> <span class='ocrx_word' id='word_1_76' title='bbox 782 968 854 1026; x_wconf 87' lang='lat' dir='ltr'>alios</span> <span class='ocrx_word' id='word_1_77' title='bbox 868 965 1004 1045; x_wconf 88' lang='lat' dir='ltr'>probatos</span> <span class='ocrx_word' id='word_1_78' title='bbox 1024 965 1168 1039; x_wconf 90' lang='lat' dir='ltr'>authores,</span> <span class='ocrx_word' id='word_1_79' title='bbox 1185 963 1309 1040; x_wconf 84' lang='lat' dir='ltr'>Regum,</span> <span class='ocrx_word' id='word_1_80' title='bbox 1332 961 1464 1038; x_wconf 76' lang='lat' dir='ltr'>Inpera·</span> 
     </span>
     <span class='ocr_line' id='line_1_9' title="bbox 257 1041 1538 1131; baseline -0.005 -25"><span class='ocrx_word' id='word_1_81' title='bbox 257 1054 353 1108; x_wconf 88' lang='lat' dir='ltr'>torum</span> <span class='ocrx_word' id='word_1_82' title='bbox 366 1055 395 1105; x_wconf 91' lang='lat' dir='ltr'>et</span> <span class='ocrx_word' id='word_1_83' title='bbox 409 1045 530 1107; x_wconf 84' lang='lat' dir='ltr'>aliorum</span> <span class='ocrx_word' id='word_1_84' title='bbox 544 1056 647 1107; x_wconf 83' lang='lat' dir='ltr'>statuae</span> <span class='ocrx_word' id='word_1_85' title='bbox 660 1044 756 1107; x_wconf 68' lang='lat' dir='ltr'>allana</span> <span class='ocrx_word' id='word_1_86' title='bbox 768 1056 917 1107; x_wconf 83' lang='lat' dir='ltr'>vocantur.</span> <span class='ocrx_word' id='word_1_87' title='bbox 959 1045 1049 1124; x_wconf 83' lang='lat' dir='ltr'>Apud</span> <span class='ocrx_word' id='word_1_88' title='bbox 1065 1045 1225 1121; x_wconf 71' lang='lat' dir='ltr'>Scriptores</span> <span class='ocrx_word' id='word_1_89' title='bbox 1239 1041 1464 1100; x_wconf 83' lang='lat' dir='ltr'>Ecclesiastioos</span> <span class='ocrx_word' id='word_1_90' title='bbox 1537 1055 1538 1131; x_wconf 66' lang='lat'>,</span> 
     </span>
     <span class='ocr_line' id='line_1_10' title="bbox 258 1120 1538 1204; baseline -0.005 -20"><span class='ocrx_word' id='word_1_91' title='bbox 258 1146 317 1186; x_wconf 88' lang='lat' dir='ltr'>non</span> <span class='ocrx_word' id='word_1_92' title='bbox 330 1147 395 1185; x_wconf 90' lang='lat' dir='ltr'>raro</span> <span class='ocrx_word' id='word_1_93' title='bbox 409 1126 631 1203; x_wconf 82' lang='lat' dir='ltr'>confunduntur,</span> <span class='ocrx_word' id='word_1_94' title='bbox 647 1139 680 1187; x_wconf 90' lang='lat' dir='ltr'>ut</span> <span class='ocrx_word' id='word_1_95' title='bbox 693 1127 793 1186; x_wconf 65' lang='lat' dir='ltr'>danao</span> <span class='ocrx_word' id='word_1_96' title='bbox 812 1147 865 1204; x_wconf 92' lang='lat' dir='ltr'>pro</span> <span class='ocrx_word' id='word_1_97' title='bbox 879 1127 1006 1204; x_wconf 76' lang='lat' dir='ltr'>imagine</span> <span class='ocrx_word' id='word_1_98' title='bbox 1031 1122 1155 1201; x_wconf 88' lang='lat' dir='ltr'>simplici</span> <span class='ocrx_word' id='word_1_99' title='bbox 1176 1129 1308 1201; x_wconf 84' lang='lat' dir='ltr'>ponatur,</span> <span class='ocrx_word' id='word_1_100' title='bbox 1329 1128 1360 1180; x_wconf 92' lang='lat' dir='ltr'>et</span> <span class='ocrx_word' id='word_1_101' title='bbox 1373 1120 1463 1178; x_wconf 85' lang='lat' dir='ltr'>vicis·</span> <span class='ocrx_word' id='word_1_102' title='bbox 1537 1177 1538 1204; x_wconf 14' lang='grc' dir='ltr'>ἒ</span> 
     </span>
    </p>
   </div>
   <div class='ocr_carea' id='block_1_4' title="bbox 221 1200 1463 1285">
    <p class='ocr_par' dir='ltr' id='par_1_4' title="bbox 221 1200 1463 1285">
     <span class='ocr_line' id='line_1_11' title="bbox 221 1200 1463 1285; baseline -0.006 -20"><span class='ocrx_word' id='word_1_103' title='bbox 221 1209 225 1220; x_wconf 88' lang='grc'><strong>’</strong></span> <span class='ocrx_word' id='word_1_104' title='bbox 258 1207 313 1265; x_wconf 84' lang='lat' dir='ltr'>sim</span> <span class='ocrx_word' id='word_1_105' title='bbox 327 1207 430 1284; x_wconf 82' lang='lat' dir='ltr'>imago</span> <span class='ocrx_word' id='word_1_106' title='bbox 444 1227 496 1284; x_wconf 91' lang='lat' dir='ltr'>pro</span> <span class='ocrx_word' id='word_1_107' title='bbox 511 1206 604 1266; x_wconf 90' lang='lat' dir='ltr'>Idolo.</span> <span class='ocrx_word' id='word_1_108' title='bbox 647 1209 674 1267; x_wconf 82' lang='lat'>5.</span> <span class='ocrx_word' id='word_1_109' title='bbox 697 1207 836 1282; x_wconf 78' lang='lat' dir='ltr'>Quamvis</span> <span class='ocrx_word' id='word_1_110' title='bbox 849 1208 879 1265; x_wconf 91' lang='lat' dir='ltr'>in</span> <span class='ocrx_word' id='word_1_111' title='bbox 893 1227 928 1266; x_wconf 93' lang='lat' dir='ltr'>eo</span> <span class='ocrx_word' id='word_1_112' title='bbox 942 1205 1053 1285; x_wconf 89' lang='lat' dir='ltr'>possint</span> <span class='ocrx_word' id='word_1_113' title='bbox 1066 1203 1188 1278; x_wconf 81' lang='lat' dir='ltr'>ditione,</span> <span class='ocrx_word' id='word_1_114' title='bbox 1201 1200 1281 1278; x_wconf 91' lang='lat' dir='ltr'>quod</span> <span class='ocrx_word' id='word_1_115' title='bbox 1294 1201 1324 1258; x_wconf 90' lang='lat' dir='ltr'>in</span> <span class='ocrx_word' id='word_1_116' title='bbox 1338 1220 1393 1259; x_wconf 82' lang='lat' dir='ltr'>usu</span> <span class='ocrx_word' id='word_1_117' title='bbox 1410 1200 1463 1257; x_wconf 92' lang='lat' dir='ltr'>ho·</span> 
     </span>
    </p>
   </div>
   <div class='ocr_carea' id='block_1_5' title="bbox 258 1279 1538 1764">
    <p class='ocr_par' dir='ltr' id='par_1_5' title="bbox 258 1279 1538 1764">
     <span class='ocr_line' id='line_1_12' title="bbox 258 1279 1538 1363; baseline -0.007 -19"><span class='ocrx_word' id='word_1_118' title='bbox 258 1286 358 1345; x_wconf 88' lang='lat' dir='ltr'>diemo</span> <span class='ocrx_word' id='word_1_119' title='bbox 374 1286 489 1346; x_wconf 89' lang='lat' dir='ltr'>Idolum</span> <span class='ocrx_word' id='word_1_120' title='bbox 502 1287 630 1346; x_wconf 77' lang='lat' dir='ltr'>strictius</span> <span class='ocrx_word' id='word_1_121' title='bbox 644 1296 781 1363; x_wconf 85' lang='lat' dir='ltr'>sumatur,</span> <span class='ocrx_word' id='word_1_122' title='bbox 797 1287 900 1363; x_wconf 84' lang='lat' dir='ltr'>Imago</span> <span class='ocrx_word' id='word_1_123' title='bbox 914 1305 984 1345; x_wconf 83' lang='lat' dir='ltr'>vero</span> <span class='ocrx_word' id='word_1_124' title='bbox 997 1284 1094 1360; x_wconf 83' lang='lat' dir='ltr'>latius,</span> <span class='ocrx_word' id='word_1_125' title='bbox 1107 1293 1142 1342; x_wconf 89' lang='lat' dir='ltr'>ut</span> <span class='ocrx_word' id='word_1_126' title='bbox 1154 1301 1239 1342; x_wconf 89' lang='lat' dir='ltr'>omne</span> <span class='ocrx_word' id='word_1_127' title='bbox 1253 1279 1369 1358; x_wconf 90' lang='lat' dir='ltr'>quidem</span> <span class='ocrx_word' id='word_1_128' title='bbox 1392 1279 1463 1336; x_wconf 91' lang='lat' dir='ltr'>Ido·</span> <span class='ocrx_word' id='word_1_129' title='bbox 1537 1287 1538 1302; x_wconf 66' lang='lat'>³</span> 
     </span>
     <span class='ocr_line' id='line_1_13' title="bbox 258 1359 1538 1444; baseline -0.006 -21"><span class='ocrx_word' id='word_1_130' title='bbox 258 1366 320 1425; x_wconf 89' lang='lat' dir='ltr'>lum</span> <span class='ocrx_word' id='word_1_131' title='bbox 334 1366 372 1424; x_wconf 90' lang='lat' dir='ltr'>sit</span> <span class='ocrx_word' id='word_1_132' title='bbox 387 1366 497 1444; x_wconf 90' lang='lat' dir='ltr'>Imago,</span> <span class='ocrx_word' id='word_1_133' title='bbox 514 1366 564 1425; x_wconf 91' lang='lat' dir='ltr'>sed</span> <span class='ocrx_word' id='word_1_134' title='bbox 579 1385 637 1424; x_wconf 92' lang='lat' dir='ltr'>non</span> <span class='ocrx_word' id='word_1_135' title='bbox 651 1367 780 1426; x_wconf 85' lang='lat' dir='ltr'>vicissim</span> <span class='ocrx_word' id='word_1_136' title='bbox 794 1367 887 1426; x_wconf 87' lang='lat' dir='ltr'>omnis</span> <span class='ocrx_word' id='word_1_137' title='bbox 902 1366 1005 1444; x_wconf 80' lang='lat' dir='ltr'>Imago</span> <span class='ocrx_word' id='word_1_138' title='bbox 1020 1362 1154 1438; x_wconf 81' lang='lat' dir='ltr'>Idolum3</span> <span class='ocrx_word' id='word_1_139' title='bbox 1175 1361 1233 1422; x_wconf 86' lang='lat' dir='ltr'>nisi</span> <span class='ocrx_word' id='word_1_140' title='bbox 1247 1379 1336 1438; x_wconf 89' lang='lat' dir='ltr'>quum</span> <span class='ocrx_word' id='word_1_141' title='bbox 1350 1359 1394 1416; x_wconf 90' lang='lat' dir='ltr'>illi</span> <span class='ocrx_word' id='word_1_142' title='bbox 1408 1359 1462 1416; x_wconf 78' lang='lat' dir='ltr'>ali·</span> <span class='ocrx_word' id='word_1_143' title='bbox 1537 1377 1538 1434; x_wconf 48' lang='grc' dir='ltr'>ᾗ</span> 
     </span>
     <span class='ocr_line' id='line_1_14' title="bbox 259 1437 1538 1523; baseline -0.007 -19"><span class='ocrx_word' id='word_1_144' title='bbox 259 1465 317 1522; x_wconf 90' lang='lat' dir='ltr'>qua</span> <span class='ocrx_word' id='word_1_145' title='bbox 329 1445 431 1506; x_wconf 91' lang='lat' dir='ltr'>relatio</span> <span class='ocrx_word' id='word_1_146' title='bbox 445 1445 606 1504; x_wconf 83' lang='lat' dir='ltr'>divinitatis</span> <span class='ocrx_word' id='word_1_147' title='bbox 626 1446 746 1522; x_wconf 87' lang='lat' dir='ltr'>accedit,</span> <span class='ocrx_word' id='word_1_148' title='bbox 770 1447 832 1505; x_wconf 88' lang='lat' dir='ltr'>sive</span> <span class='ocrx_word' id='word_1_149' title='bbox 852 1445 950 1523; x_wconf 87' lang='lat' dir='ltr'>quoad</span> <span class='ocrx_word' id='word_1_150' title='bbox 969 1442 1261 1522; x_wconf 65' lang='lat' dir='ltr'>representationem,</span> <span class='ocrx_word' id='word_1_151' title='bbox 1283 1440 1344 1498; x_wconf 89' lang='lat' dir='ltr'>sive</span> <span class='ocrx_word' id='word_1_152' title='bbox 1365 1437 1465 1516; x_wconf 84' lang='lat' dir='ltr'>quoad</span> <span class='ocrx_word' id='word_1_153' title='bbox 1537 1489 1538 1510; x_wconf 39' lang='lat'>2</span> 
     </span>
     <span class='ocr_line' id='line_1_15' title="bbox 260 1517 1538 1603; baseline -0.006 -19"><span class='ocrx_word' id='word_1_154' title='bbox 260 1525 384 1602; x_wconf 87' lang='lat' dir='ltr'>cultum;</span> <span class='ocrx_word' id='word_1_155' title='bbox 400 1525 518 1584; x_wconf 79' lang='lat' dir='ltr'>Certum</span> <span class='ocrx_word' id='word_1_156' title='bbox 531 1545 673 1603; x_wconf 83' lang='lat' dir='ltr'>nusquam</span> <span class='ocrx_word' id='word_1_157' title='bbox 687 1526 729 1584; x_wconf 91' lang='lat' dir='ltr'>ita</span> <span class='ocrx_word' id='word_1_158' title='bbox 742 1526 817 1584; x_wconf 85' lang='lat' dir='ltr'>iuter</span> <span class='ocrx_word' id='word_1_159' title='bbox 831 1545 861 1584; x_wconf 89' lang='lat' dir='ltr'>se</span> <span class='ocrx_word' id='word_1_160' title='bbox 876 1524 1026 1601; x_wconf 88' lang='lat' dir='ltr'>distingui,</span> <span class='ocrx_word' id='word_1_161' title='bbox 1040 1531 1073 1582; x_wconf 90' lang='lat' dir='ltr'>ut</span> <span class='ocrx_word' id='word_1_162' title='bbox 1087 1522 1197 1581; x_wconf 87' lang='lat' dir='ltr'>vellent</span> <span class='ocrx_word' id='word_1_163' title='bbox 1212 1519 1365 1592; x_wconf 85' lang='lat' dir='ltr'>Pontificii,</span> <span class='ocrx_word' id='word_1_164' title='bbox 1378 1517 1464 1596; x_wconf 87' lang='lat' dir='ltr'>quasi</span> <span class='ocrx_word' id='word_1_165' title='bbox 1537 1543 1538 1596; x_wconf 71' lang='lat'><em>3</em></span> 
     </span>
     <span class='ocr_line' id='line_1_16' title="bbox 261 1597 1538 1680; baseline -0.005 -18"><span class='ocrx_word' id='word_1_166' title='bbox 261 1604 376 1664; x_wconf 89' lang='lat' dir='ltr'>Idolum</span> <span class='ocrx_word' id='word_1_167' title='bbox 391 1614 468 1666; x_wconf 87' lang='lat' dir='ltr'>esset</span> <span class='ocrx_word' id='word_1_168' title='bbox 491 1613 604 1665; x_wconf 86' lang='lat' dir='ltr'>tantum</span> <span class='ocrx_word' id='word_1_169' title='bbox 627 1623 722 1664; x_wconf 89' lang='lat' dir='ltr'>rernm</span> <span class='ocrx_word' id='word_1_170' title='bbox 745 1625 805 1664; x_wconf 90' lang='lat' dir='ltr'>non</span> <span class='ocrx_word' id='word_1_171' title='bbox 826 1605 1022 1679; x_wconf 79' lang='lat' dir='ltr'>existentium,</span> <span class='ocrx_word' id='word_1_172' title='bbox 1046 1603 1149 1680; x_wconf 87' lang='lat' dir='ltr'>Imago</span> <span class='ocrx_word' id='word_1_173' title='bbox 1172 1619 1243 1660; x_wconf 81' lang='lat' dir='ltr'>vero</span> <span class='ocrx_word' id='word_1_174' title='bbox 1265 1597 1462 1658; x_wconf 83' lang='lat' dir='ltr'>existentium.</span> <span class='ocrx_word' id='word_1_175' title='bbox 1537 1603 1538 1666; x_wconf 69' lang='grc' dir='ltr'>ζ</span> 
     </span>
     <span class='ocr_line' id='line_1_17' title="bbox 260 1677 1538 1764; baseline -0.008 -21"><span class='ocrx_word' id='word_1_176' title='bbox 260 1683 335 1758; x_wconf 83' lang='lat' dir='ltr'>Quia</span> <span class='ocrx_word' id='word_1_177' title='bbox 347 1687 456 1764; x_wconf 87' lang='lat' dir='ltr'>passim</span> <span class='ocrx_word' id='word_1_178' title='bbox 470 1685 547 1763; x_wconf 86' lang='lat' dir='ltr'>apud</span> <span class='ocrx_word' id='word_1_179' title='bbox 560 1684 696 1763; x_wconf 83' lang='lat' dir='ltr'>profanos</span> <span class='ocrx_word' id='word_1_180' title='bbox 709 1685 844 1745; x_wconf 89' lang='lat' dir='ltr'>authores</span> <span class='ocrx_word' id='word_1_181' title='bbox 857 1684 967 1743; x_wconf 90' lang='lat' dir='ltr'>idolum</span> <span class='ocrx_word' id='word_1_182' title='bbox 981 1683 1087 1741; x_wconf 90' lang='lat' dir='ltr'>dicitur</span> <span class='ocrx_word' id='word_1_183' title='bbox 1099 1701 1195 1740; x_wconf 87' lang='lat' dir='ltr'>rerum</span> <span class='ocrx_word' id='word_1_184' title='bbox 1208 1679 1404 1740; x_wconf 83' lang='lat' dir='ltr'>existentium.</span> <span class='ocrx_word' id='word_1_185' title='bbox 1427 1677 1464 1734; x_wconf 91' lang='lat' dir='ltr'>In</span> <span class='ocrx_word' id='word_1_186' title='bbox 1537 1679 1538 1754; x_wconf 65' lang='grc' dir='ltr'>ᾖ</span> 
     </span>
    </p>
   </div>
   <div class='ocr_carea' id='block_1_6' title="bbox 262 1759 1463 1843">
    <p class='ocr_par' dir='ltr' id='par_1_6' title="bbox 262 1759 1463 1843">
     <span class='ocr_line' id='line_1_18' title="bbox 262 1759 1463 1843; baseline -0.007 -19"><span class='ocrx_word' id='word_1_187' title='bbox 262 1764 410 1843; x_wconf 84' lang='lat' dir='ltr'>Scriptura</span> <span class='ocrx_word' id='word_1_188' title='bbox 422 1785 494 1825; x_wconf 85' lang='lat' dir='ltr'>vero</span> <span class='ocrx_word' id='word_1_189' title='bbox 509 1765 593 1824; x_wconf 94' lang='lat' dir='ltr'>Idola</span> <span class='ocrx_word' id='word_1_190' title='bbox 606 1765 742 1826; x_wconf 84' lang='lat' dir='ltr'>dicuntur</span> <span class='ocrx_word' id='word_1_191' title='bbox 754 1764 896 1842; x_wconf 86' lang='lat' dir='ltr'>imagines</span> <span class='ocrx_word' id='word_1_192' title='bbox 909 1763 972 1823; x_wconf 83' lang='lat' dir='ltr'>reri</span> <span class='ocrx_word' id='word_1_193' title='bbox 986 1761 1052 1837; x_wconf 89' lang='lat' dir='ltr'>Dei,</span> <span class='ocrx_word' id='word_1_194' title='bbox 1066 1770 1100 1821; x_wconf 87' lang='lat' dir='ltr'>ut</span> <span class='ocrx_word' id='word_1_195' title='bbox 1112 1760 1222 1819; x_wconf 84' lang='lat' dir='ltr'>vitulus</span> <span class='ocrx_word' id='word_1_196' title='bbox 1236 1777 1340 1818; x_wconf 84' lang='lat' dir='ltr'>anneus</span> <span class='ocrx_word' id='word_1_197' title='bbox 1350 1759 1463 1816; x_wconf 83' lang='lat' dir='ltr'>Idolum</span> 
     </span>
    </p>
   </div>
   <div class='ocr_carea' id='block_1_7' title="bbox 260 1833 1538 1922">
    <p class='ocr_par' dir='ltr' id='par_1_7' title="bbox 260 1833 1538 1922">
     <span class='ocr_line' id='line_1_19' title="bbox 260 1833 1538 1922; baseline -0.005 -21"><span class='ocrx_word' id='word_1_198' title='bbox 260 1854 389 1921; x_wconf 83' lang='lat' dir='ltr'>vocatur,</span> <span class='ocrx_word' id='word_1_199' title='bbox 405 1844 474 1905; x_wconf 84' lang='lat' dir='ltr'>Act.</span> <span class='ocrx_word' id='word_1_200' title='bbox 489 1846 539 1904; x_wconf 87' lang='lat' dir='ltr'>vii.</span> <span class='ocrx_word' id='word_1_201' title='bbox 554 1848 602 1920; x_wconf 84' lang='lat'>41,</span> <span class='ocrx_word' id='word_1_202' title='bbox 623 1854 653 1905; x_wconf 91' lang='lat' dir='ltr'>et</span> <span class='ocrx_word' id='word_1_203' title='bbox 673 1846 737 1922; x_wconf 83' lang='lat' dir='ltr'>ejus</span> <span class='ocrx_word' id='word_1_204' title='bbox 758 1847 883 1904; x_wconf 88' lang='lat' dir='ltr'>cultores</span> <span class='ocrx_word' id='word_1_205' title='bbox 903 1841 1072 1916; x_wconf 75' lang='lat' dir='ltr'>idololatrae,</span> <span class='ocrx_word' id='word_1_206' title='bbox 1094 1839 1173 1918; x_wconf 91' lang='lat' dir='ltr'>quod</span> <span class='ocrx_word' id='word_1_207' title='bbox 1192 1847 1290 1898; x_wconf 86' lang='lat' dir='ltr'>tamen</span> <span class='ocrx_word' id='word_1_208' title='bbox 1311 1837 1349 1896; x_wconf 83' lang='lat' dir='ltr'>ad</span> <span class='ocrx_word' id='word_1_209' title='bbox 1362 1857 1464 1896; x_wconf 82' lang='lat' dir='ltr'>verum</span> <span class='ocrx_word' id='word_1_210' title='bbox 1537 1833 1538 1908; x_wconf 86' lang='lat' dir='ltr'>j</span> 
     </span>
    </p>
   </div>
   <div class='ocr_carea' id='block_1_8' title="bbox 262 1917 1465 2080">
    <p class='ocr_par' dir='ltr' id='par_1_8' title="bbox 262 1917 1465 2080">
     <span class='ocr_line' id='line_1_20' title="bbox 262 1917 1464 2002; baseline -0.007 -19"><span class='ocrx_word' id='word_1_211' title='bbox 262 1924 357 1984; x_wconf 91' lang='lat' dir='ltr'>Deum</span> <span class='ocrx_word' id='word_1_212' title='bbox 377 1924 641 2002; x_wconf 85' lang='lat' dir='ltr'>repraesentandum</span> <span class='ocrx_word' id='word_1_213' title='bbox 661 1925 814 1984; x_wconf 81' lang='lat' dir='ltr'>formatum</span> <span class='ocrx_word' id='word_1_214' title='bbox 833 1924 907 1998; x_wconf 85' lang='lat' dir='ltr'>fuit;</span> <span class='ocrx_word' id='word_1_215' title='bbox 938 1923 985 1982; x_wconf 88' lang='lat' dir='ltr'>Ita</span> <span class='ocrx_word' id='word_1_216' title='bbox 1003 1924 1116 1980; x_wconf 85' lang='lat' dir='ltr'>Idolum</span> <span class='ocrx_word' id='word_1_217' title='bbox 1135 1920 1229 1994; x_wconf 76' lang='lat' dir='ltr'>Mica,</span> <span class='ocrx_word' id='word_1_218' title='bbox 1250 1917 1322 1979; x_wconf 85' lang='lat' dir='ltr'>Jud.</span> <span class='ocrx_word' id='word_1_219' title='bbox 1336 1917 1419 1990; x_wconf 83' lang='lat' dir='ltr'>xvii,</span> <span class='ocrx_word' id='word_1_220' title='bbox 1435 1924 1464 1976; x_wconf 87' lang='lat' dir='ltr'>et</span> 
     </span>
     <span class='ocr_line' id='line_1_21' title="bbox 266 1997 1465 2080; baseline -0.008 -17"><span class='ocrx_word' id='word_1_221' title='bbox 266 2005 355 2063; x_wconf 77' lang='lat' dir='ltr'>Vitulr&#39;</span> <span class='ocrx_word' id='word_1_222' title='bbox 372 2005 570 2080; x_wconf 86' lang='lat' dir='ltr'>Jerobohami,</span> <span class='ocrx_word' id='word_1_223' title='bbox 594 2009 609 2064; x_wconf 96' lang='lat'>1</span> <span class='ocrx_word' id='word_1_224' title='bbox 626 2005 700 2080; x_wconf 87' lang='lat' dir='ltr'>Reg.</span> <span class='ocrx_word' id='word_1_225' title='bbox 722 2004 773 2064; x_wconf 86' lang='lat' dir='ltr'>xii.</span> <span class='ocrx_word' id='word_1_226' title='bbox 795 2006 844 2063; x_wconf 77' lang='lat'>28.</span> <span class='ocrx_word' id='word_1_227' title='bbox 887 2001 1000 2062; x_wconf 83' lang='lat' dir='ltr'>Deinde</span> <span class='ocrx_word' id='word_1_228' title='bbox 1019 2001 1050 2058; x_wconf 93' lang='lat' dir='ltr'>in</span> <span class='ocrx_word' id='word_1_229' title='bbox 1068 2001 1133 2078; x_wconf 90' lang='lat' dir='ltr'>lege</span> <span class='ocrx_word' id='word_1_230' title='bbox 1155 1999 1236 2058; x_wconf 86' lang='lat' dir='ltr'>Deus</span> <span class='ocrx_word' id='word_1_231' title='bbox 1254 1997 1389 2075; x_wconf 83' lang='lat' dir='ltr'>prohibet</span> <span class='ocrx_word' id='word_1_232' title='bbox 1406 2015 1465 2054; x_wconf 90' lang='lat' dir='ltr'>non</span> 
     </span>
    </p>
   </div>
   <div class='ocr_carea' id='block_1_9' title="bbox 261 2076 1538 2160">
    <p class='ocr_par' dir='ltr' id='par_1_9' title="bbox 261 2076 1538 2160">
     <span class='ocr_line' id='line_1_22' title="bbox 261 2076 1538 2160; baseline -0.006 -18"><span class='ocrx_word' id='word_1_233' title='bbox 261 2091 374 2142; x_wconf 86' lang='lat' dir='ltr'>tantum</span> <span class='ocrx_word' id='word_1_234' title='bbox 397 2082 538 2160; x_wconf 84' lang='lat' dir='ltr'>imagines</span> <span class='ocrx_word' id='word_1_235' title='bbox 560 2101 655 2142; x_wconf 88' lang='lat' dir='ltr'>rernm</span> <span class='ocrx_word' id='word_1_236' title='bbox 678 2083 823 2156; x_wconf 85' lang='lat' dir='ltr'>falsarum,</span> <span class='ocrx_word' id='word_1_237' title='bbox 847 2082 899 2142; x_wconf 88' lang='lat' dir='ltr'>sed</span> <span class='ocrx_word' id='word_1_238' title='bbox 923 2082 1010 2141; x_wconf 86' lang='lat' dir='ltr'>etiam</span> <span class='ocrx_word' id='word_1_239' title='bbox 1028 2099 1124 2140; x_wconf 88' lang='lat' dir='ltr'>rernm</span> <span class='ocrx_word' id='word_1_240' title='bbox 1147 2077 1333 2138; x_wconf 86' lang='lat' dir='ltr'>existentium</span> <span class='ocrx_word' id='word_1_241' title='bbox 1353 2077 1416 2136; x_wconf 85' lang='lat' dir='ltr'>aive</span> <span class='ocrx_word' id='word_1_242' title='bbox 1436 2076 1466 2134; x_wconf 90' lang='lat' dir='ltr'>in</span> <span class='ocrx_word' id='word_1_243' title='bbox 1537 2119 1538 2134; x_wconf 57' lang='lat'>2</span> 
     </span>
    </p>
   </div>
   <div class='ocr_carea' id='block_1_10' title="bbox 262 2157 1464 2319">
    <p class='ocr_par' dir='ltr' id='par_1_10' title="bbox 262 2157 1464 2319">
     <span class='ocr_line' id='line_1_23' title="bbox 262 2157 1463 2240; baseline -0.005 -20"><span class='ocrx_word' id='word_1_244' title='bbox 262 2163 344 2236; x_wconf 83' lang='lat' dir='ltr'>coelo,</span> <span class='ocrx_word' id='word_1_245' title='bbox 360 2163 468 2221; x_wconf 86' lang='lat' dir='ltr'>sivein</span> <span class='ocrx_word' id='word_1_246' title='bbox 488 2171 572 2236; x_wconf 88' lang='lat' dir='ltr'>terra,</span> <span class='ocrx_word' id='word_1_247' title='bbox 588 2159 661 2235; x_wconf 82' lang='lat' dir='ltr'>&amp;c.;</span> <span class='ocrx_word' id='word_1_248' title='bbox 683 2181 742 2219; x_wconf 94' lang='lat' dir='ltr'>non</span> <span class='ocrx_word' id='word_1_249' title='bbox 762 2160 834 2220; x_wconf 93' lang='lat' dir='ltr'>dicit</span> <span class='ocrx_word' id='word_1_250' title='bbox 854 2181 952 2220; x_wconf 89' lang='lat' dir='ltr'>eorum</span> <span class='ocrx_word' id='word_1_251' title='bbox 972 2181 1037 2240; x_wconf 81' lang='lat' dir='ltr'>quoe</span> <span class='ocrx_word' id='word_1_252' title='bbox 1059 2180 1117 2219; x_wconf 90' lang='lat' dir='ltr'>non</span> <span class='ocrx_word' id='word_1_253' title='bbox 1139 2165 1214 2234; x_wconf 87' lang='lat' dir='ltr'>sunt,</span> <span class='ocrx_word' id='word_1_254' title='bbox 1237 2157 1289 2216; x_wconf 89' lang='lat' dir='ltr'>sed</span> <span class='ocrx_word' id='word_1_255' title='bbox 1309 2177 1373 2234; x_wconf 72' lang='lat' dir='ltr'>qoam</span> <span class='ocrx_word' id='word_1_256' title='bbox 1390 2164 1463 2214; x_wconf 79' lang='lat' dir='ltr'>runt.</span> 
     </span>
     <span class='ocr_line' id='line_1_24' title="bbox 264 2235 1464 2319; baseline -0.004 -20"><span class='ocrx_word' id='word_1_257' title='bbox 264 2240 313 2299; x_wconf 87' lang='lat' dir='ltr'>Sic</span> <span class='ocrx_word' id='word_1_258' title='bbox 326 2260 373 2299; x_wconf 86' lang='lat' dir='ltr'>res</span> <span class='ocrx_word' id='word_1_259' title='bbox 383 2241 520 2318; x_wconf 85' lang='lat' dir='ltr'>quaelibet</span> <span class='ocrx_word' id='word_1_260' title='bbox 534 2248 636 2299; x_wconf 76' lang='lat' dir='ltr'>creata</span> <span class='ocrx_word' id='word_1_261' title='bbox 651 2240 735 2298; x_wconf 91' lang='lat' dir='ltr'>Idola</span> <span class='ocrx_word' id='word_1_262' title='bbox 748 2240 831 2315; x_wconf 90' lang='lat' dir='ltr'>fiunt,</span> <span class='ocrx_word' id='word_1_263' title='bbox 846 2260 935 2317; x_wconf 91' lang='lat' dir='ltr'>quum</span> <span class='ocrx_word' id='word_1_264' title='bbox 948 2241 1102 2319; x_wconf 89' lang='lat' dir='ltr'>religiosus</span> <span class='ocrx_word' id='word_1_265' title='bbox 1116 2240 1211 2298; x_wconf 89' lang='lat' dir='ltr'>cultus</span> <span class='ocrx_word' id='word_1_266' title='bbox 1224 2237 1283 2296; x_wconf 88' lang='lat' dir='ltr'>illis</span> <span class='ocrx_word' id='word_1_267' title='bbox 1296 2235 1464 2308; x_wconf 80' lang='lat' dir='ltr'>exhibetur3</span> 
     </span>
    </p>
   </div>
   <div class='ocr_carea' id='block_1_11' title="bbox 263 2316 1538 2556">
    <p class='ocr_par' dir='ltr' id='par_1_11' title="bbox 263 2316 1538 2556">
     <span class='ocr_line' id='line_1_25' title="bbox 264 2316 1538 2396; baseline -0.005 -18"><span class='ocrx_word' id='word_1_268' title='bbox 264 2319 389 2396; x_wconf 83' lang='lat' dir='ltr'>Serpens</span> <span class='ocrx_word' id='word_1_269' title='bbox 404 2339 500 2378; x_wconf 78' lang='lat' dir='ltr'>mnens</span> <span class='ocrx_word' id='word_1_270' title='bbox 515 2319 630 2378; x_wconf 88' lang='lat' dir='ltr'>Idolum</span> <span class='ocrx_word' id='word_1_271' title='bbox 644 2319 752 2378; x_wconf 86' lang='lat' dir='ltr'>lactum</span> <span class='ocrx_word' id='word_1_272' title='bbox 765 2328 818 2395; x_wconf 87' lang='lat' dir='ltr'>est,</span> <span class='ocrx_word' id='word_1_273' title='bbox 840 2339 930 2396; x_wconf 88' lang='lat' dir='ltr'>quum</span> <span class='ocrx_word' id='word_1_274' title='bbox 950 2321 994 2378; x_wconf 92' lang='lat' dir='ltr'>illi</span> <span class='ocrx_word' id='word_1_275' title='bbox 1014 2321 1163 2379; x_wconf 90' lang='lat' dir='ltr'>incensum</span> <span class='ocrx_word' id='word_1_276' title='bbox 1183 2317 1298 2378; x_wconf 89' lang='lat' dir='ltr'>adolere</span> <span class='ocrx_word' id='word_1_277' title='bbox 1311 2316 1467 2374; x_wconf 81' lang='lat' dir='ltr'>voluenmt</span> <span class='ocrx_word' id='word_1_278' title='bbox 1537 2369 1538 2372; x_wconf 74' lang='grc'>,</span> 
     </span>
     <span class='ocr_line' id='line_1_26' title="bbox 263 2395 1465 2476; baseline -0.003 -18"><span class='ocrx_word' id='word_1_279' title='bbox 263 2399 423 2476; x_wconf 70' lang='lat' dir='ltr'>Israelitae3</span> <span class='ocrx_word' id='word_1_280' title='bbox 448 2399 549 2459; x_wconf 83' lang='lat' dir='ltr'>Statua</span> <span class='ocrx_word' id='word_1_281' title='bbox 563 2397 814 2458; x_wconf 86' lang='lat' dir='ltr'>Nebucadneuaris</span> <span class='ocrx_word' id='word_1_282' title='bbox 828 2399 938 2458; x_wconf 91' lang='lat' dir='ltr'>idolum</span> <span class='ocrx_word' id='word_1_283' title='bbox 952 2399 1015 2475; x_wconf 88' lang='lat' dir='ltr'>fuit,</span> <span class='ocrx_word' id='word_1_284' title='bbox 1030 2399 1146 2476; x_wconf 91' lang='lat' dir='ltr'>quando</span> <span class='ocrx_word' id='word_1_285' title='bbox 1165 2397 1260 2474; x_wconf 86' lang='lat' dir='ltr'>posita</span> <span class='ocrx_word' id='word_1_286' title='bbox 1273 2404 1318 2456; x_wconf 90' lang='lat' dir='ltr'>est</span> <span class='ocrx_word' id='word_1_287' title='bbox 1338 2395 1377 2454; x_wconf 92' lang='lat' dir='ltr'>ad</span> <span class='ocrx_word' id='word_1_288' title='bbox 1396 2395 1465 2454; x_wconf 90' lang='lat' dir='ltr'>ado-</span> 
     </span>
     <span class='ocr_line' id='line_1_27' title="bbox 263 2473 1538 2556; baseline -0.004 -18"><span class='ocrx_word' id='word_1_289' title='bbox 263 2479 403 2538; x_wconf 82' lang='lat' dir='ltr'>rationem</span> <span class='ocrx_word' id='word_1_290' title='bbox 415 2501 422 2556; x_wconf 88' lang='lat'><strong>;</strong></span> <span class='ocrx_word' id='word_1_291' title='bbox 444 2479 581 2556; x_wconf 85' lang='lat' dir='ltr'>pleraque</span> <span class='ocrx_word' id='word_1_292' title='bbox 595 2477 735 2538; x_wconf 85' lang='lat' dir='ltr'>Gentium</span> <span class='ocrx_word' id='word_1_293' title='bbox 749 2478 834 2541; x_wconf 86' lang='lat' dir='ltr'>Idola</span> <span class='ocrx_word' id='word_1_294' title='bbox 847 2497 906 2538; x_wconf 92' lang='lat' dir='ltr'>non</span> <span class='ocrx_word' id='word_1_295' title='bbox 919 2498 1015 2538; x_wconf 87' lang='lat' dir='ltr'>rerum</span> <span class='ocrx_word' id='word_1_296' title='bbox 1029 2479 1174 2553; x_wconf 82' lang='lat' dir='ltr'>ialsamm,</span> <span class='ocrx_word' id='word_1_297' title='bbox 1190 2477 1242 2536; x_wconf 87' lang='lat' dir='ltr'>sed</span> <span class='ocrx_word' id='word_1_298' title='bbox 1255 2493 1324 2534; x_wconf 88' lang='lat' dir='ltr'>vere</span> <span class='ocrx_word' id='word_1_299' title='bbox 1338 2475 1465 2534; x_wconf 87' lang='lat' dir='ltr'>existen·</span> <span class='ocrx_word' id='word_1_300' title='bbox 1537 2473 1538 2508; x_wconf 60' lang='lat'><strong>³</strong></span> 
     </span>
    </p>
   </div>
   <div class='ocr_carea' id='block_1_12' title="bbox 262 2548 1466 2878">
    <p class='ocr_par' dir='ltr' id='par_1_12' title="bbox 262 2548 1466 2878">
     <span class='ocr_line' id='line_1_28' title="bbox 262 2548 1466 2636; baseline -0.005 -18"><span class='ocrx_word' id='word_1_301' title='bbox 262 2558 335 2618; x_wconf 87' lang='lat' dir='ltr'>tium</span> <span class='ocrx_word' id='word_1_302' title='bbox 349 2559 464 2618; x_wconf 86' lang='lat' dir='ltr'>luerunt</span> <span class='ocrx_word' id='word_1_303' title='bbox 479 2557 633 2636; x_wconf 88' lang='lat' dir='ltr'>Imagines,</span> <span class='ocrx_word' id='word_1_304' title='bbox 648 2566 720 2636; x_wconf 87' lang='lat' dir='ltr'>puta</span> <span class='ocrx_word' id='word_1_305' title='bbox 733 2548 782 2617; x_wconf 81' lang='lat' dir='ltr'>vel</span> <span class='ocrx_word' id='word_1_306' title='bbox 795 2558 958 2634; x_wconf 86' lang='lat' dir='ltr'>Astrorum,</span> <span class='ocrx_word' id='word_1_307' title='bbox 974 2559 1023 2618; x_wconf 84' lang='lat' dir='ltr'>vel</span> <span class='ocrx_word' id='word_1_308' title='bbox 1042 2558 1210 2632; x_wconf 88' lang='lat' dir='ltr'>Hominum,</span> <span class='ocrx_word' id='word_1_309' title='bbox 1226 2556 1275 2614; x_wconf 80' lang='lat' dir='ltr'>rel</span> <span class='ocrx_word' id='word_1_310' title='bbox 1289 2555 1466 2614; x_wconf 88' lang='lat' dir='ltr'>animalium.</span> 
     </span>
     <span class='ocr_line' id='line_1_29' title="bbox 262 2634 1466 2714; baseline -0.004 -17"><span class='ocrx_word' id='word_1_311' title='bbox 262 2641 376 2698; x_wconf 84' lang='lat' dir='ltr'>Idolum</span> <span class='ocrx_word' id='word_1_312' title='bbox 394 2639 464 2697; x_wconf 78' lang='lat' dir='ltr'>nihil</span> <span class='ocrx_word' id='word_1_313' title='bbox 476 2639 583 2698; x_wconf 89' lang='lat' dir='ltr'>dicitur</span> <span class='ocrx_word' id='word_1_314' title='bbox 596 2658 661 2714; x_wconf 83' lang='lat' dir='ltr'>esse,</span> <span class='ocrx_word' id='word_1_315' title='bbox 679 2642 694 2696; x_wconf 97' lang='lat' dir='ltr'>l</span> <span class='ocrx_word' id='word_1_316' title='bbox 711 2639 775 2697; x_wconf 84' lang='lat' dir='ltr'>Cor.</span> <span class='ocrx_word' id='word_1_317' title='bbox 790 2638 851 2696; x_wconf 82' lang='lat' dir='ltr'>viii.</span> <span class='ocrx_word' id='word_1_318' title='bbox 867 2642 895 2713; x_wconf 83' lang='lat'>4,</span> <span class='ocrx_word' id='word_1_319' title='bbox 910 2658 970 2697; x_wconf 88' lang='lat' dir='ltr'>non</span> <span class='ocrx_word' id='word_1_320' title='bbox 987 2639 1139 2714; x_wconf 70' lang='lat' dir='ltr'>mbjoctioe,</span> <span class='ocrx_word' id='word_1_321' title='bbox 1161 2635 1274 2695; x_wconf 90' lang='lat' dir='ltr'>ratione</span> <span class='ocrx_word' id='word_1_322' title='bbox 1292 2634 1466 2709; x_wconf 75' lang='lat' dir='ltr'>existentia,</span> 
     </span>
     <span class='ocr_line' id='line_1_30' title="bbox 262 2715 1465 2795; baseline -0.002 -19"><span class='ocrx_word' id='word_1_323' title='bbox 262 2719 311 2776; x_wconf 82' lang='lat' dir='ltr'>vel</span> <span class='ocrx_word' id='word_1_324' title='bbox 326 2721 462 2795; x_wconf 72' lang='lat' dir='ltr'>objecuru,</span> <span class='ocrx_word' id='word_1_325' title='bbox 478 2719 587 2778; x_wconf 91' lang='lat' dir='ltr'>ratione</span> <span class='ocrx_word' id='word_1_326' title='bbox 601 2719 878 2794; x_wconf 73' lang='lat' dir='ltr'>reproeeoumtiour&#39;c5</span> <span class='ocrx_word' id='word_1_327' title='bbox 902 2718 954 2778; x_wconf 90' lang='lat' dir='ltr'>sed</span> <span class='ocrx_word' id='word_1_328' title='bbox 967 2717 1078 2777; x_wconf 81' lang='lat' dir='ltr'>ratione</span> <span class='ocrx_word' id='word_1_329' title='bbox 1092 2717 1229 2792; x_wconf 76' lang='lat' dir='ltr'>effiooeioe,</span> <span class='ocrx_word' id='word_1_330' title='bbox 1243 2723 1274 2774; x_wconf 85' lang='lat' dir='ltr'>et</span> <span class='ocrx_word' id='word_1_331' title='bbox 1289 2715 1465 2790; x_wconf 76' lang='lat' dir='ltr'>formaliter,</span> 
     </span>
     <span class='ocr_line' id='line_1_31' title="bbox 262 2799 665 2878; baseline -0.002 -20"><span class='ocrx_word' id='word_1_332' title='bbox 262 2799 331 2878; x_wconf 89' lang='lat' dir='ltr'>qnia</span> <span class='ocrx_word' id='word_1_333' title='bbox 344 2820 403 2859; x_wconf 91' lang='lat' dir='ltr'>non</span> <span class='ocrx_word' id='word_1_334' title='bbox 416 2806 461 2858; x_wconf 89' lang='lat' dir='ltr'>est</span> <span class='ocrx_word' id='word_1_335' title='bbox 474 2818 561 2858; x_wconf 85' lang='lat' dir='ltr'>verus</span> <span class='ocrx_word' id='word_1_336' title='bbox 576 2799 665 2858; x_wconf 84' lang='lat' dir='ltr'>Deus.</span> 
     </span>
    </p>
   </div>
   <div class='ocr_carea' id='block_1_13' title="bbox 304 2872 1538 2957">
    <p class='ocr_par' dir='ltr' id='par_1_13' title="bbox 304 2872 1538 2957">
     <span class='ocr_line' id='line_1_32' title="bbox 304 2872 1538 2957; baseline -0.006 -19"><span class='ocrx_word' id='word_1_337' title='bbox 304 2879 346 2939; x_wconf 90' lang='lat' dir='ltr'>X.</span> <span class='ocrx_word' id='word_1_338' title='bbox 369 2883 396 2940; x_wconf 78' lang='lat'>3.</span> <span class='ocrx_word' id='word_1_339' title='bbox 412 2878 517 2957; x_wconf 75' lang='lat' dir='ltr'>Emip.</span> <span class='ocrx_word' id='word_1_340' title='bbox 541 2879 577 2937; x_wconf 92' lang='lat' dir='ltr'>In</span> <span class='ocrx_word' id='word_1_341' title='bbox 591 2878 671 2956; x_wconf 90' lang='lat' dir='ltr'>Lege</span> <span class='ocrx_word' id='word_1_342' title='bbox 690 2897 749 2936; x_wconf 90' lang='lat' dir='ltr'>non</span> <span class='ocrx_word' id='word_1_343' title='bbox 763 2875 882 2956; x_wconf 85' lang='lat' dir='ltr'>quasvis</span> <span class='ocrx_word' id='word_1_344' title='bbox 896 2875 1044 2954; x_wconf 85' lang='lat' dir='ltr'>Imagines</span> <span class='ocrx_word' id='word_1_345' title='bbox 1064 2875 1166 2952; x_wconf 77' lang='lat' dir='ltr'>vetari,</span> <span class='ocrx_word' id='word_1_346' title='bbox 1189 2874 1241 2934; x_wconf 86' lang='lat' dir='ltr'>aed</span> <span class='ocrx_word' id='word_1_347' title='bbox 1257 2895 1323 2952; x_wconf 78' lang='lat' dir='ltr'>qum</span> <span class='ocrx_word' id='word_1_348' title='bbox 1337 2873 1409 2931; x_wconf 85' lang='lat' dir='ltr'>fiant</span> <span class='ocrx_word' id='word_1_349' title='bbox 1430 2872 1467 2931; x_wconf 87' lang='lat' dir='ltr'>ad</span> <span class='ocrx_word' id='word_1_350' title='bbox 1537 2907 1538 2942; x_wconf 74' lang='lat'>,</span> 
     </span>
    </p>
   </div>
   <div class='ocr_carea' id='block_1_14' title="bbox 255 2954 1466 3431">
    <p class='ocr_par' dir='ltr' id='par_1_14' title="bbox 255 2954 1466 3431">
     <span class='ocr_line' id='line_1_33' title="bbox 263 2954 1466 3036; baseline -0.007 -18"><span class='ocrx_word' id='word_1_351' title='bbox 263 2959 460 3020; x_wconf 84' lang='lat' dir='ltr'>adorationem</span> <span class='ocrx_word' id='word_1_352' title='bbox 473 2959 574 3036; x_wconf 75' lang='lat' dir='ltr'>latria,</span> <span class='ocrx_word' id='word_1_353' title='bbox 590 2967 619 3018; x_wconf 89' lang='lat' dir='ltr'>ct</span> <span class='ocrx_word' id='word_1_354' title='bbox 633 2979 699 3036; x_wconf 77' lang='lat' dir='ltr'>qua</span> <span class='ocrx_word' id='word_1_355' title='bbox 712 2959 868 3018; x_wconf 79' lang='lat' dir='ltr'>habeantur</span> <span class='ocrx_word' id='word_1_356' title='bbox 883 2977 942 3034; x_wconf 83' lang='lat' dir='ltr'>pro</span> <span class='ocrx_word' id='word_1_357' title='bbox 956 2957 1031 3016; x_wconf 81' lang='lat' dir='ltr'>Dr&#39;r&#39;s.</span> <span class='ocrx_word' id='word_1_358' title='bbox 1054 2955 1090 3014; x_wconf 87' lang='lat' dir='ltr'>R.</span> <span class='ocrx_word' id='word_1_359' title='bbox 1107 2955 1147 3014; x_wconf 92' lang='lat' dir='ltr'>Le</span> <span class='ocrx_word' id='word_1_360' title='bbox 1171 2955 1196 3014; x_wconf 90' lang='lat' dir='ltr'>&#39;s</span> <span class='ocrx_word' id='word_1_361' title='bbox 1209 2955 1299 3013; x_wconf 85' lang='lat' dir='ltr'>verba</span> <span class='ocrx_word' id='word_1_362' title='bbox 1312 2954 1400 3012; x_wconf 90' lang='lat' dir='ltr'>talem</span> <span class='ocrx_word' id='word_1_363' title='bbox 1415 2972 1466 3011; x_wconf 87' lang='lat' dir='ltr'>ex-</span> 
     </span>
     <span class='ocr_line' id='line_1_34' title="bbox 263 3032 1466 3118; baseline -0.006 -21"><span class='ocrx_word' id='word_1_364' title='bbox 263 3040 609 3118; x_wconf 87' lang='lat' dir='ltr'>plicationemrespuunt,</span> <span class='ocrx_word' id='word_1_365' title='bbox 625 3059 690 3116; x_wconf 87' lang='lat' dir='ltr'>quae</span> <span class='ocrx_word' id='word_1_366' title='bbox 713 3057 773 3098; x_wconf 91' lang='lat' dir='ltr'>non</span> <span class='ocrx_word' id='word_1_367' title='bbox 792 3038 880 3096; x_wconf 91' lang='lat' dir='ltr'>modo</span> <span class='ocrx_word' id='word_1_368' title='bbox 893 3037 1016 3112; x_wconf 87' lang='lat' dir='ltr'>latriam,</span> <span class='ocrx_word' id='word_1_369' title='bbox 1033 3034 1084 3094; x_wconf 88' lang='lat' dir='ltr'>sed</span> <span class='ocrx_word' id='word_1_370' title='bbox 1098 3044 1128 3095; x_wconf 87' lang='lat' dir='ltr'>et</span> <span class='ocrx_word' id='word_1_371' title='bbox 1161 3035 1250 3094; x_wconf 84' lang='lat' dir='ltr'>uliam</span> <span class='ocrx_word' id='word_1_372' title='bbox 1268 3043 1371 3092; x_wconf 85' lang='lat' dir='ltr'>vetant</span> <span class='ocrx_word' id='word_1_373' title='bbox 1384 3032 1466 3090; x_wconf 86' lang='lat' dir='ltr'>reddi</span> 
     </span>
     <span class='ocr_line' id='line_1_35' title="bbox 262 3109 1465 3196; baseline -0.006 -19"><span class='ocrx_word' id='word_1_374' title='bbox 262 3119 446 3196; x_wconf 89' lang='lat' dir='ltr'>imaginibus,</span> <span class='ocrx_word' id='word_1_375' title='bbox 457 3137 517 3178; x_wconf 84' lang='lat' dir='ltr'>vox</span> <span class='ocrx_word' id='word_1_376' title='bbox 526 3120 602 3178; x_wconf 90' lang='lat' dir='ltr'>enim</span> <span class='ocrx_word' id='word_1_377' title='bbox 610 3118 758 3177; x_wconf 88' lang='lat' dir='ltr'>Hebraicc</span> <span class='ocrx_word' id='word_1_378' title='bbox 766 3137 863 3178; x_wconf 70' lang='lat' dir='ltr'>aarum</span> <span class='ocrx_word' id='word_1_379' title='bbox 873 3115 1127 3193; x_wconf 72' lang='lat' dir='ltr'>significatam-olea</span> <span class='ocrx_word' id='word_1_380' title='bbox 1138 3114 1184 3190; x_wconf 76' lang='lat' dir='ltr'>eis,</span> <span class='ocrx_word' id='word_1_381' title='bbox 1194 3113 1272 3192; x_wconf 92' lang='lat' dir='ltr'>quod</span> <span class='ocrx_word' id='word_1_382' title='bbox 1284 3121 1328 3173; x_wconf 85' lang='lat' dir='ltr'>est</span> <span class='ocrx_word' id='word_1_383' title='bbox 1339 3109 1465 3171; x_wconf 67' lang='lat' dir='ltr'>lenius.</span> 
     </span>
     <span class='ocr_line' id='line_1_36' title="bbox 263 3193 1465 3274; baseline -0.005 -18"><span class='ocrx_word' id='word_1_384' title='bbox 263 3203 291 3256; x_wconf 70' lang='lat'>2.</span> <span class='ocrx_word' id='word_1_385' title='bbox 309 3201 340 3258; x_wconf 87' lang='lat' dir='ltr'>Si</span> <span class='ocrx_word' id='word_1_386' title='bbox 350 3206 486 3258; x_wconf 82' lang='lat' dir='ltr'>vetantur</span> <span class='ocrx_word' id='word_1_387' title='bbox 495 3206 608 3258; x_wconf 87' lang='lat' dir='ltr'>tantum</span> <span class='ocrx_word' id='word_1_388' title='bbox 620 3196 775 3274; x_wconf 79' lang='lat' dir='ltr'>Imagines,</span> <span class='ocrx_word' id='word_1_389' title='bbox 783 3217 848 3274; x_wconf 75' lang='lat' dir='ltr'>qua</span> <span class='ocrx_word' id='word_1_390' title='bbox 857 3197 1018 3255; x_wconf 85' lang='lat' dir='ltr'>habeantur</span> <span class='ocrx_word' id='word_1_391' title='bbox 1031 3195 1163 3272; x_wconf 91' lang='lat' dir='ltr'>proDiis,</span> <span class='ocrx_word' id='word_1_392' title='bbox 1177 3194 1217 3253; x_wconf 87' lang='lat' dir='ltr'>sio</span> <span class='ocrx_word' id='word_1_393' title='bbox 1228 3202 1364 3271; x_wconf 85' lang='lat' dir='ltr'>ageretur</span> <span class='ocrx_word' id='word_1_394' title='bbox 1374 3193 1410 3250; x_wconf 86' lang='lat' dir='ltr'>de</span> <span class='ocrx_word' id='word_1_395' title='bbox 1419 3193 1465 3251; x_wconf 86' lang='lat' dir='ltr'>ob·</span> 
     </span>
     <span class='ocr_line' id='line_1_37' title="bbox 255 3273 1463 3352; baseline -0.005 -17"><span class='ocrx_word' id='word_1_396' title='bbox 255 3279 331 3352; x_wconf 81' lang='lat' dir='ltr'>jecto</span> <span class='ocrx_word' id='word_1_397' title='bbox 342 3281 438 3350; x_wconf 78' lang='lat' dir='ltr'>cultu,</span> <span class='ocrx_word' id='word_1_398' title='bbox 453 3275 562 3335; x_wconf 88' lang='lat' dir='ltr'>nonde</span> <span class='ocrx_word' id='word_1_399' title='bbox 576 3279 667 3350; x_wconf 88' lang='lat' dir='ltr'>modo,</span> <span class='ocrx_word' id='word_1_400' title='bbox 683 3285 769 3352; x_wconf 86' lang='lat' dir='ltr'>atque</span> <span class='ocrx_word' id='word_1_401' title='bbox 786 3277 827 3334; x_wconf 84' lang='lat' dir='ltr'>ita</span> <span class='ocrx_word' id='word_1_402' title='bbox 840 3273 1063 3334; x_wconf 90' lang='lat' dir='ltr'>confunderetur</span> <span class='ocrx_word' id='word_1_403' title='bbox 1075 3282 1250 3352; x_wconf 71' lang='lat' dir='ltr'>preceptum</span> <span class='ocrx_word' id='word_1_404' title='bbox 1264 3273 1463 3350; x_wconf 88' lang='lat' dir='ltr'>primumcum</span> 
     </span>
     <span class='ocr_line' id='line_1_38' title="bbox 264 3351 1464 3431; baseline -0.005 -17"><span class='ocrx_word' id='word_1_405' title='bbox 264 3355 400 3415; x_wconf 83' lang='lat' dir='ltr'>secundo.</span> <span class='ocrx_word' id='word_1_406' title='bbox 433 3359 460 3414; x_wconf 83' lang='lat'>3.</span> <span class='ocrx_word' id='word_1_407' title='bbox 485 3355 516 3413; x_wconf 92' lang='lat' dir='ltr'>Si</span> <span class='ocrx_word' id='word_1_408' title='bbox 530 3353 662 3430; x_wconf 85' lang='lat' dir='ltr'>exceptio</span> <span class='ocrx_word' id='word_1_409' title='bbox 675 3355 794 3429; x_wconf 84' lang='lat' dir='ltr'>valeret,</span> <span class='ocrx_word' id='word_1_410' title='bbox 806 3353 891 3412; x_wconf 80' lang='lat' dir='ltr'>facile</span> <span class='ocrx_word' id='word_1_411' title='bbox 905 3354 1039 3414; x_wconf 83' lang='lat' dir='ltr'>Gentiles</span> <span class='ocrx_word' id='word_1_412' title='bbox 1052 3353 1168 3414; x_wconf 87' lang='lat' dir='ltr'>liberari</span> <span class='ocrx_word' id='word_1_413' title='bbox 1182 3360 1300 3431; x_wconf 88' lang='lat' dir='ltr'>possent</span> <span class='ocrx_word' id='word_1_414' title='bbox 1313 3373 1332 3410; x_wconf 91' lang='lat' dir='ltr'>a</span> <span class='ocrx_word' id='word_1_415' title='bbox 1345 3351 1464 3410; x_wconf 87' lang='lat' dir='ltr'>crimine</span> 
     </span>
    </p>
   </div>
   <div class='ocr_carea' id='block_1_15' title="bbox 262 3431 1538 3510">
    <p class='ocr_par' dir='ltr' id='par_1_15' title="bbox 262 3431 1538 3510">
     <span class='ocr_line' id='line_1_39' title="bbox 262 3431 1538 3510; baseline -0.002 -18"><span class='ocrx_word' id='word_1_416' title='bbox 262 3435 442 3508; x_wconf 86' lang='lat' dir='ltr'>idololatriae,</span> <span class='ocrx_word' id='word_1_417' title='bbox 457 3433 508 3510; x_wconf 89' lang='lat' dir='ltr'>qui</span> <span class='ocrx_word' id='word_1_418' title='bbox 522 3452 597 3510; x_wconf 85' lang='lat' dir='ltr'>saepe</span> <span class='ocrx_word' id='word_1_419' title='bbox 611 3432 782 3510; x_wconf 84' lang='lat' dir='ltr'>profitentur</span> <span class='ocrx_word' id='word_1_420' title='bbox 795 3451 826 3491; x_wconf 86' lang='lat' dir='ltr'>se</span> <span class='ocrx_word' id='word_1_421' title='bbox 839 3453 898 3492; x_wconf 91' lang='lat' dir='ltr'>non</span> <span class='ocrx_word' id='word_1_422' title='bbox 911 3433 1017 3493; x_wconf 90' lang='lat' dir='ltr'>habere</span> <span class='ocrx_word' id='word_1_423' title='bbox 1032 3433 1116 3492; x_wconf 90' lang='lat' dir='ltr'>Idola</span> <span class='ocrx_word' id='word_1_424' title='bbox 1130 3453 1182 3493; x_wconf 87' lang='lat' dir='ltr'>sua</span> <span class='ocrx_word' id='word_1_425' title='bbox 1195 3451 1247 3509; x_wconf 90' lang='lat' dir='ltr'>pro</span> <span class='ocrx_word' id='word_1_426' title='bbox 1262 3431 1344 3507; x_wconf 75' lang='lat' dir='ltr'>Diis,</span> <span class='ocrx_word' id='word_1_427' title='bbox 1369 3431 1464 3491; x_wconf 79' lang='lat' dir='ltr'>Celeus</span> <span class='ocrx_word' id='word_1_428' title='bbox 1537 3477 1538 3482; x_wconf 32' lang='lat'>1</span> 
     </span>
    </p>
   </div>
   <div class='ocr_carea' id='block_1_16' title="bbox 261 3511 1468 4707">
    <p class='ocr_par' dir='ltr' id='par_1_16' title="bbox 261 3511 1468 4707">
     <span class='ocr_line' id='line_1_40' title="bbox 263 3511 1467 3594; baseline -0.003 -22"><span class='ocrx_word' id='word_1_429' title='bbox 263 3514 341 3591; x_wconf 85' lang='lat' dir='ltr'>apud</span> <span class='ocrx_word' id='word_1_430' title='bbox 355 3513 472 3591; x_wconf 67' lang='lat' dir='ltr'>Origen.</span> <span class='ocrx_word' id='word_1_431' title='bbox 489 3512 540 3571; x_wconf 88' lang='lat' dir='ltr'>lib.</span> <span class='ocrx_word' id='word_1_432' title='bbox 550 3513 600 3570; x_wconf 84' lang='lat' dir='ltr'>vil.</span> <span class='ocrx_word' id='word_1_433' title='bbox 614 3533 643 3590; x_wconf 86' lang='lat' dir='ltr'>p.</span> <span class='ocrx_word' id='word_1_434' title='bbox 659 3515 726 3587; x_wconf 78' lang='lat'>384,</span> <span class='ocrx_word' id='word_1_435' title='bbox 746 3513 782 3577; x_wconf 64' lang='grc' dir='ltr'>τίς</span> <span class='ocrx_word' id='word_1_436' title='bbox 803 3515 854 3594; x_wconf 60' lang='lat' dir='ltr'>qd&lt;</span> <span class='ocrx_word' id='word_1_437' title='bbox 875 3511 956 3579; x_wconf 69' lang='lat' dir='ltr'>daher</span> <span class='ocrx_word' id='word_1_438' title='bbox 976 3517 1042 3589; x_wconf 67' lang='lat' dir='ltr'>ripaei</span> <span class='ocrx_word' id='word_1_439' title='bbox 1063 3514 1148 3572; x_wconf 60' lang='lat' dir='ltr'>olna</span> <span class='ocrx_word' id='word_1_440' title='bbox 1169 3515 1247 3576; x_wconf 72' lang='grc' dir='ltr'>η’πιος</span> <span class='ocrx_word' id='word_1_441' title='bbox 1267 3517 1352 3570; x_wconf 67' lang='lat' dir='ltr'>sciren</span> <span class='ocrx_word' id='word_1_442' title='bbox 1372 3513 1467 3582; x_wconf 64' lang='lat' dir='ltr'>ripr&#39;lrm</span> 
     </span>
     <span class='ocr_line' id='line_1_41' title="bbox 261 3590 1464 3670; baseline -0.001 -19"><span class='ocrx_word' id='word_1_443' title='bbox 261 3594 332 3658; x_wconf 58' lang='lat' dir='ltr'>drabe</span> <span class='ocrx_word' id='word_1_444' title='bbox 338 3623 346 3663; x_wconf 65' lang='grc' dir='ltr'><strong><em>ς</em></strong></span> <span class='ocrx_word' id='word_1_445' title='bbox 362 3593 485 3670; x_wconf 69' lang='lat' dir='ltr'>gamelei</span> <span class='ocrx_word' id='word_1_446' title='bbox 490 3595 579 3668; x_wconf 77' lang='lat' dir='ltr'>plum</span> <span class='ocrx_word' id='word_1_447' title='bbox 587 3593 754 3668; x_wconf 61' lang='lat' dir='ltr'>iufomdroeo</span> <span class='ocrx_word' id='word_1_448' title='bbox 765 3594 826 3652; x_wconf 89' lang='lat' dir='ltr'>scil.</span> <span class='ocrx_word' id='word_1_449' title='bbox 838 3595 1012 3653; x_wconf 89' lang='lat' dir='ltr'>simulachra</span> <span class='ocrx_word' id='word_1_450' title='bbox 1020 3604 1107 3670; x_wconf 82' lang='lat' dir='ltr'>putat</span> <span class='ocrx_word' id='word_1_451' title='bbox 1115 3593 1274 3652; x_wconf 72' lang='lat' dir='ltr'>mertem?</span> <span class='ocrx_word' id='word_1_452' title='bbox 1288 3590 1403 3651; x_wconf 83' lang='lat' dir='ltr'>Amob.</span> <span class='ocrx_word' id='word_1_453' title='bbox 1413 3593 1464 3650; x_wconf 91' lang='lat' dir='ltr'>lib.</span> 
     </span>
     <span class='ocr_line' id='line_1_42' title="bbox 263 3671 1462 3750; baseline 0 -19"><span class='ocrx_word' id='word_1_454' title='bbox 263 3675 304 3732; x_wconf 86' lang='lat' dir='ltr'>vi.</span> <span class='ocrx_word' id='word_1_455' title='bbox 320 3673 460 3732; x_wconf 84' lang='lat' dir='ltr'>Ethnicos</span> <span class='ocrx_word' id='word_1_456' title='bbox 473 3671 625 3750; x_wconf 89' lang='lat' dir='ltr'>loquentes</span> <span class='ocrx_word' id='word_1_457' title='bbox 638 3672 787 3746; x_wconf 86' lang='lat' dir='ltr'>inducens,</span> <span class='ocrx_word' id='word_1_458' title='bbox 803 3673 925 3732; x_wconf 85' lang='lat' dir='ltr'>“Erras</span> <span class='ocrx_word' id='word_1_459' title='bbox 947 3679 976 3731; x_wconf 90' lang='lat' dir='ltr'>et</span> <span class='ocrx_word' id='word_1_460' title='bbox 988 3673 1104 3749; x_wconf 81' lang='lat' dir='ltr'>laberis,</span> <span class='ocrx_word' id='word_1_461' title='bbox 1118 3691 1186 3732; x_wconf 87' lang='lat' dir='ltr'>nam</span> <span class='ocrx_word' id='word_1_462' title='bbox 1206 3691 1301 3748; x_wconf 87' lang='lat' dir='ltr'>neque</span> <span class='ocrx_word' id='word_1_463' title='bbox 1321 3691 1376 3731; x_wconf 87' lang='lat' dir='ltr'>noa</span> <span class='ocrx_word' id='word_1_464' title='bbox 1398 3691 1462 3746; x_wconf 86' lang='lat' dir='ltr'>aera,</span> 
     </span>
     <span class='ocr_line' id='line_1_43' title="bbox 263 3751 1464 3832; baseline -0.002 -21"><span class='ocrx_word' id='word_1_465' title='bbox 263 3773 357 3832; x_wconf 88' lang='lat' dir='ltr'>neque</span> <span class='ocrx_word' id='word_1_466' title='bbox 378 3753 441 3812; x_wconf 86' lang='lat' dir='ltr'>anri</span> <span class='ocrx_word' id='word_1_467' title='bbox 465 3751 634 3830; x_wconf 90' lang='lat' dir='ltr'>argentique</span> <span class='ocrx_word' id='word_1_468' title='bbox 648 3752 782 3810; x_wconf 87' lang='lat' dir='ltr'>materias</span> <span class='ocrx_word' id='word_1_469' title='bbox 802 3773 866 3812; x_wconf 85' lang='lat' dir='ltr'>esse</span> <span class='ocrx_word' id='word_1_470' title='bbox 880 3773 932 3831; x_wconf 88' lang='lat' dir='ltr'>per</span> <span class='ocrx_word' id='word_1_471' title='bbox 952 3771 983 3812; x_wconf 85' lang='lat' dir='ltr'>se</span> <span class='ocrx_word' id='word_1_472' title='bbox 998 3753 1086 3828; x_wconf 88' lang='lat' dir='ltr'>Deos,</span> <span class='ocrx_word' id='word_1_473' title='bbox 1108 3761 1138 3812; x_wconf 90' lang='lat' dir='ltr'>et</span> <span class='ocrx_word' id='word_1_474' title='bbox 1157 3751 1294 3828; x_wconf 87' lang='lat' dir='ltr'>religiosa</span> <span class='ocrx_word' id='word_1_475' title='bbox 1312 3770 1464 3810; x_wconf 87' lang='lat' dir='ltr'>censemus</span> 
     </span>
     <span class='ocr_line' id='line_1_44' title="bbox 264 3831 1463 3910; baseline -0.003 -17"><span class='ocrx_word' id='word_1_476' title='bbox 264 3833 409 3910; x_wconf 77' lang='lat' dir='ltr'>Numina3</span> <span class='ocrx_word' id='word_1_477' title='bbox 432 3831 484 3892; x_wconf 88' lang='lat' dir='ltr'>sed</span> <span class='ocrx_word' id='word_1_478' title='bbox 498 3832 577 3891; x_wconf 87' lang='lat' dir='ltr'>Deos</span> <span class='ocrx_word' id='word_1_479' title='bbox 591 3851 629 3890; x_wconf 83' lang='lat' dir='ltr'>ex</span> <span class='ocrx_word' id='word_1_480' title='bbox 642 3831 688 3890; x_wconf 90' lang='lat' dir='ltr'>his</span> <span class='ocrx_word' id='word_1_481' title='bbox 702 3831 852 3892; x_wconf 84' lang='lat' dir='ltr'>colimus.”</span> <span class='ocrx_word' id='word_1_482' title='bbox 894 3832 1007 3892; x_wconf 87' lang='lat' dir='ltr'>Eodem</span> <span class='ocrx_word' id='word_1_483' title='bbox 1019 3831 1106 3891; x_wconf 91' lang='lat' dir='ltr'>modo</span> <span class='ocrx_word' id='word_1_484' title='bbox 1119 3831 1278 3910; x_wconf 86' lang='lat' dir='ltr'>loquuntur</span> <span class='ocrx_word' id='word_1_485' title='bbox 1297 3831 1377 3908; x_wconf 88' lang='lat' dir='ltr'>apud</span> <span class='ocrx_word' id='word_1_486' title='bbox 1392 3831 1463 3890; x_wconf 87' lang='lat' dir='ltr'>Lec-</span> 
     </span>
     <span class='ocr_line' id='line_1_45' title="bbox 264 3909 1465 3990; baseline -0.003 -16"><span class='ocrx_word' id='word_1_487' title='bbox 264 3915 395 3989; x_wconf 88' lang='lat' dir='ltr'>tantium,</span> <span class='ocrx_word' id='word_1_488' title='bbox 405 3913 456 3972; x_wconf 91' lang='lat' dir='ltr'>lib.</span> <span class='ocrx_word' id='word_1_489' title='bbox 466 3913 495 3971; x_wconf 89' lang='lat' dir='ltr'>ii.</span> <span class='ocrx_word' id='word_1_490' title='bbox 506 3933 530 3972; x_wconf 89' lang='lat' dir='ltr'>o.</span> <span class='ocrx_word' id='word_1_491' title='bbox 542 3915 570 3970; x_wconf 80' lang='grc'>2.</span> <span class='ocrx_word' id='word_1_492' title='bbox 602 3910 730 3988; x_wconf 86' lang='lat' dir='ltr'>August</span> <span class='ocrx_word' id='word_1_493' title='bbox 745 3909 1319 3990; x_wconf 80' lang='lat' dir='ltr'>inPsal.cxiii.hoeeffi1ginmipsornm</span> <span class='ocrx_word' id='word_1_494' title='bbox 1334 3910 1423 3970; x_wconf 87' lang='lat' dir='ltr'>refert</span> <span class='ocrx_word' id='word_1_495' title='bbox 1437 3918 1465 3970; x_wconf 89' lang='lat' dir='ltr'>ot</span> 
     </span>
     <span class='ocr_line' id='line_1_46' title="bbox 264 3989 1464 4070; baseline -0.002 -20"><span class='ocrx_word' id='word_1_496' title='bbox 264 3992 378 4052; x_wconf 88' lang='lat' dir='ltr'>relellit.</span> <span class='ocrx_word' id='word_1_497' title='bbox 394 3991 593 4068; x_wconf 81' lang='lat' dir='ltr'>“Videntur,”</span> <span class='ocrx_word' id='word_1_498' title='bbox 604 3991 706 4070; x_wconf 87' lang='lat' dir='ltr'>inquit,</span> <span class='ocrx_word' id='word_1_499' title='bbox 716 3990 795 4050; x_wconf 89' lang='lat' dir='ltr'>“sibi</span> <span class='ocrx_word' id='word_1_500' title='bbox 803 3991 977 4070; x_wconf 86' lang='lat' dir='ltr'>purgatioris</span> <span class='ocrx_word' id='word_1_501' title='bbox 986 4011 1049 4051; x_wconf 87' lang='lat' dir='ltr'>esse</span> <span class='ocrx_word' id='word_1_502' title='bbox 1058 3990 1214 4069; x_wconf 88' lang='lat' dir='ltr'>religionis,</span> <span class='ocrx_word' id='word_1_503' title='bbox 1222 3991 1272 4067; x_wconf 87' lang='lat' dir='ltr'>qni</span> <span class='ocrx_word' id='word_1_504' title='bbox 1280 3989 1392 4062; x_wconf 84' lang='lat' dir='ltr'>dicunt,</span> <span class='ocrx_word' id='word_1_505' title='bbox 1404 3991 1464 4049; x_wconf 89' lang='lat' dir='ltr'>Nec</span> 
     </span>
     <span class='ocr_line' id='line_1_47' title="bbox 264 4069 1464 4150; baseline -0.001 -20"><span class='ocrx_word' id='word_1_506' title='bbox 264 4071 477 4148; x_wconf 85' lang='lat' dir='ltr'>simulachrum,</span> <span class='ocrx_word' id='word_1_507' title='bbox 493 4091 547 4130; x_wconf 91' lang='lat' dir='ltr'>nec</span> <span class='ocrx_word' id='word_1_508' title='bbox 560 4071 702 4130; x_wconf 73' lang='lat' dir='ltr'>daemonia</span> <span class='ocrx_word' id='word_1_509' title='bbox 716 4072 789 4147; x_wconf 91' lang='lat' dir='ltr'>colo,</span> <span class='ocrx_word' id='word_1_510' title='bbox 805 4069 856 4130; x_wconf 89' lang='lat' dir='ltr'>sed</span> <span class='ocrx_word' id='word_1_511' title='bbox 869 4092 921 4150; x_wconf 88' lang='lat' dir='ltr'>per</span> <span class='ocrx_word' id='word_1_512' title='bbox 934 4071 1058 4148; x_wconf 86' lang='lat' dir='ltr'>effigiem</span> <span class='ocrx_word' id='word_1_513' title='bbox 1072 4071 1249 4148; x_wconf 80' lang='lat' dir='ltr'>corporalem</span> <span class='ocrx_word' id='word_1_514' title='bbox 1263 4070 1326 4146; x_wconf 86' lang='lat' dir='ltr'>ejus</span> <span class='ocrx_word' id='word_1_515' title='bbox 1340 4070 1384 4129; x_wconf 89' lang='lat' dir='ltr'>rei</span> <span class='ocrx_word' id='word_1_516' title='bbox 1406 4071 1464 4148; x_wconf 87' lang='lat' dir='ltr'>sig·</span> 
     </span>
     <span class='ocr_line' id='line_1_48' title="bbox 263 4148 1464 4227; baseline -0.001 -19"><span class='ocrx_word' id='word_1_517' title='bbox 263 4169 332 4209; x_wconf 88' lang='lat' dir='ltr'>num</span> <span class='ocrx_word' id='word_1_518' title='bbox 356 4151 478 4224; x_wconf 88' lang='lat' dir='ltr'>intueor,</span> <span class='ocrx_word' id='word_1_519' title='bbox 493 4170 579 4227; x_wconf 91' lang='lat' dir='ltr'>quam</span> <span class='ocrx_word' id='word_1_520' title='bbox 600 4151 695 4210; x_wconf 90' lang='lat' dir='ltr'>colere</span> <span class='ocrx_word' id='word_1_521' title='bbox 715 4149 815 4226; x_wconf 86' lang='lat' dir='ltr'>debeo,</span> <span class='ocrx_word' id='word_1_522' title='bbox 837 4149 891 4210; x_wconf 73' lang='lat' dir='ltr'>dc.</span> <span class='ocrx_word' id='word_1_523' title='bbox 904 4170 964 4209; x_wconf 91' lang='lat' dir='ltr'>non</span> <span class='ocrx_word' id='word_1_524' title='bbox 983 4151 1039 4210; x_wconf 91' lang='lat' dir='ltr'>hoc</span> <span class='ocrx_word' id='word_1_525' title='bbox 1058 4151 1174 4210; x_wconf 85' lang='lat' dir='ltr'>visibile</span> <span class='ocrx_word' id='word_1_526' title='bbox 1188 4149 1261 4225; x_wconf 89' lang='lat' dir='ltr'>colo,</span> <span class='ocrx_word' id='word_1_527' title='bbox 1284 4148 1336 4208; x_wconf 88' lang='lat' dir='ltr'>sed</span> <span class='ocrx_word' id='word_1_528' title='bbox 1357 4169 1464 4209; x_wconf 88' lang='lat' dir='ltr'>numen</span> 
     </span>
     <span class='ocr_line' id='line_1_49' title="bbox 264 4228 1464 4307; baseline -0.001 -18"><span class='ocrx_word' id='word_1_529' title='bbox 264 4229 343 4307; x_wconf 88' lang='lat' dir='ltr'>qnod</span> <span class='ocrx_word' id='word_1_530' title='bbox 356 4229 417 4289; x_wconf 87' lang='lat' dir='ltr'>iilic</span> <span class='ocrx_word' id='word_1_531' title='bbox 430 4228 615 4290; x_wconf 85' lang='lat' dir='ltr'>invisibiliter</span> <span class='ocrx_word' id='word_1_532' title='bbox 628 4229 769 4290; x_wconf 85' lang='lat' dir='ltr'>habitat.”</span> <span class='ocrx_word' id='word_1_533' title='bbox 812 4231 873 4289; x_wconf 88' lang='lat' dir='ltr'>Neo</span> <span class='ocrx_word' id='word_1_534' title='bbox 887 4229 1054 4290; x_wconf 81' lang='lat' dir='ltr'>Idololatrea</span> <span class='ocrx_word' id='word_1_535' title='bbox 1075 4229 1197 4289; x_wconf 78' lang='lat' dir='ltr'>briscam</span> <span class='ocrx_word' id='word_1_536' title='bbox 1211 4229 1354 4288; x_wconf 69' lang='lat' dir='ltr'>Israelita</span> <span class='ocrx_word' id='word_1_537' title='bbox 1375 4230 1407 4288; x_wconf 90' lang='lat' dir='ltr'>in</span> <span class='ocrx_word' id='word_1_538' title='bbox 1421 4231 1464 4288; x_wconf 88' lang='lat' dir='ltr'>vi·</span> 
     </span>
     <span class='ocr_line' id='line_1_50' title="bbox 262 4309 1466 4387; baseline -0.002 -17"><span class='ocrx_word' id='word_1_539' title='bbox 262 4311 324 4370; x_wconf 88' lang='lat' dir='ltr'>tulo</span> <span class='ocrx_word' id='word_1_540' title='bbox 338 4329 433 4384; x_wconf 87' lang='lat' dir='ltr'>aureo,</span> <span class='ocrx_word' id='word_1_541' title='bbox 449 4327 535 4386; x_wconf 88' lang='lat' dir='ltr'>quem</span> <span class='ocrx_word' id='word_1_542' title='bbox 549 4329 608 4368; x_wconf 91' lang='lat' dir='ltr'>non</span> <span class='ocrx_word' id='word_1_543' title='bbox 621 4310 762 4387; x_wconf 88' lang='lat' dir='ltr'>putabant</span> <span class='ocrx_word' id='word_1_544' title='bbox 777 4309 872 4369; x_wconf 85' lang='lat' dir='ltr'>Deum</span> <span class='ocrx_word' id='word_1_545' title='bbox 884 4327 966 4387; x_wconf 70' lang='lat' dir='ltr'>esse,</span> <span class='ocrx_word' id='word_1_546' title='bbox 989 4309 1060 4384; x_wconf 82' lang='lat' dir='ltr'>Quis</span> <span class='ocrx_word' id='word_1_547' title='bbox 1067 4309 1145 4369; x_wconf 91' lang='lat' dir='ltr'>enim</span> <span class='ocrx_word' id='word_1_548' title='bbox 1159 4309 1314 4368; x_wconf 88' lang='lat' dir='ltr'>arbitretur</span> <span class='ocrx_word' id='word_1_549' title='bbox 1327 4328 1379 4367; x_wconf 89' lang='lat' dir='ltr'>cos</span> <span class='ocrx_word' id='word_1_550' title='bbox 1393 4309 1466 4368; x_wconf 87' lang='lat' dir='ltr'>adeo</span> 
     </span>
     <span class='ocr_line' id='line_1_51' title="bbox 261 4387 1467 4466; baseline -0.002 -16"><span class='ocrx_word' id='word_1_551' title='bbox 261 4391 382 4450; x_wconf 86' lang='lat' dir='ltr'>hebetes</span> <span class='ocrx_word' id='word_1_552' title='bbox 395 4388 493 4463; x_wconf 87' lang='lat' dir='ltr'>fuisse,</span> <span class='ocrx_word' id='word_1_553' title='bbox 508 4395 542 4448; x_wconf 90' lang='lat' dir='ltr'>ut</span> <span class='ocrx_word' id='word_1_554' title='bbox 556 4388 705 4448; x_wconf 89' lang='lat' dir='ltr'>crederent</span> <span class='ocrx_word' id='word_1_555' title='bbox 718 4409 791 4466; x_wconf 89' lang='lat' dir='ltr'>opus</span> <span class='ocrx_word' id='word_1_556' title='bbox 804 4408 941 4449; x_wconf 88' lang='lat' dir='ltr'>mannum</span> <span class='ocrx_word' id='word_1_557' title='bbox 956 4409 1072 4448; x_wconf 85' lang='lat' dir='ltr'>suarum</span> <span class='ocrx_word' id='word_1_558' title='bbox 1086 4389 1174 4448; x_wconf 85' lang='lat' dir='ltr'>luisse</span> <span class='ocrx_word' id='word_1_559' title='bbox 1190 4387 1284 4447; x_wconf 87' lang='lat' dir='ltr'>Deum</span> <span class='ocrx_word' id='word_1_560' title='bbox 1298 4387 1393 4462; x_wconf 86' lang='lat' dir='ltr'>illum,</span> <span class='ocrx_word' id='word_1_561' title='bbox 1437 4388 1467 4447; x_wconf 90' lang='lat' dir='ltr'>ni</span> 
     </span>
     <span class='ocr_line' id='line_1_52' title="bbox 262 4409 1466 4546; baseline -0.002 -17"><span class='ocrx_word' id='word_1_562' title='bbox 262 4489 313 4529; x_wconf 87' lang='lat' dir='ltr'>eos</span> <span class='ocrx_word' id='word_1_563' title='bbox 326 4470 467 4530; x_wconf 84' lang='lat' dir='ltr'>eduxerat</span> <span class='ocrx_word' id='word_1_564' title='bbox 480 4489 518 4526; x_wconf 84' lang='lat' dir='ltr'>ex</span> <span class='ocrx_word' id='word_1_565' title='bbox 532 4469 691 4546; x_wconf 83' lang='lat' dir='ltr'>AEgypto?</span> <span class='ocrx_word' id='word_1_566' title='bbox 711 4468 762 4527; x_wconf 89' lang='lat' dir='ltr'>sed</span> <span class='ocrx_word' id='word_1_567' title='bbox 776 4477 887 4528; x_wconf 88' lang='lat' dir='ltr'>tantum</span> <span class='ocrx_word' id='word_1_568' title='bbox 901 4468 1064 4528; x_wconf 85' lang='lat' dir='ltr'>habuerunt</span> <span class='ocrx_word' id='word_1_569' title='bbox 1077 4469 1107 4527; x_wconf 78' lang='lat' dir='ltr'>ln</span> <span class='ocrx_word' id='word_1_570' title='bbox 1121 4468 1217 4526; x_wconf 86' lang='lat' dir='ltr'>animo</span> <span class='ocrx_word' id='word_1_571' title='bbox 1230 4468 1294 4544; x_wconf 87' lang='lat' dir='ltr'>ejus</span> <span class='ocrx_word' id='word_1_572' title='bbox 1308 4409 1466 4527; x_wconf 63' lang='lat' dir='ltr'>simuledb·</span> 
     </span>
     <span class='ocr_line' id='line_1_53' title="bbox 263 4547 1466 4626; baseline -0.002 -17"><span class='ocrx_word' id='word_1_573' title='bbox 263 4569 328 4609; x_wconf 90' lang='lat' dir='ltr'>rum</span> <span class='ocrx_word' id='word_1_574' title='bbox 352 4548 408 4610; x_wconf 86' lang='lat' dir='ltr'>sibi</span> <span class='ocrx_word' id='word_1_575' title='bbox 431 4549 549 4626; x_wconf 89' lang='lat' dir='ltr'>tingere,</span> <span class='ocrx_word' id='word_1_576' title='bbox 574 4556 730 4608; x_wconf 72' lang='lat' dir='ltr'>utrorum</span> <span class='ocrx_word' id='word_1_577' title='bbox 752 4549 846 4608; x_wconf 89' lang='lat' dir='ltr'>Deum</span> <span class='ocrx_word' id='word_1_578' title='bbox 868 4549 898 4607; x_wconf 91' lang='lat' dir='ltr'>in</span> <span class='ocrx_word' id='word_1_579' title='bbox 916 4549 972 4607; x_wconf 90' lang='lat' dir='ltr'>hac</span> <span class='ocrx_word' id='word_1_580' title='bbox 992 4548 1119 4625; x_wconf 90' lang='lat' dir='ltr'>imagine</span> <span class='ocrx_word' id='word_1_581' title='bbox 1140 4547 1275 4622; x_wconf 85' lang='lat' dir='ltr'>colerent,</span> <span class='ocrx_word' id='word_1_582' title='bbox 1301 4554 1377 4606; x_wconf 86' lang='lat' dir='ltr'>teste</span> <span class='ocrx_word' id='word_1_583' title='bbox 1402 4548 1466 4625; x_wconf 92' lang='lat' dir='ltr'>ipsc</span> 
     </span>
     <span class='ocr_line' id='line_1_54' title="bbox 263 4627 1468 4707; baseline -0.002 -19"><span class='ocrx_word' id='word_1_584' title='bbox 263 4629 390 4706; x_wconf 81' lang='lat' dir='ltr'>Acrone,</span> <span class='ocrx_word' id='word_1_585' title='bbox 405 4629 455 4707; x_wconf 90' lang='lat' dir='ltr'>qui</span> <span class='ocrx_word' id='word_1_586' title='bbox 474 4627 579 4690; x_wconf 79' lang='lat' dir='ltr'>lectum</span> <span class='ocrx_word' id='word_1_587' title='bbox 600 4627 668 4690; x_wconf 84' lang='lat' dir='ltr'>huic</span> <span class='ocrx_word' id='word_1_588' title='bbox 692 4627 770 4688; x_wconf 92' lang='lat' dir='ltr'>idolo</span> <span class='ocrx_word' id='word_1_589' title='bbox 793 4635 990 4688; x_wconf 85' lang='lat' dir='ltr'>consecratum</span> <span class='ocrx_word' id='word_1_590' title='bbox 1004 4635 1090 4688; x_wconf 86' lang='lat' dir='ltr'>vocat</span> <span class='ocrx_word' id='word_1_591' title='bbox 1101 4629 1208 4702; x_wconf 77' lang='lat' dir='ltr'>festam</span> <span class='ocrx_word' id='word_1_592' title='bbox 1226 4627 1351 4703; x_wconf 78' lang='lat' dir='ltr'>Jehoooe,</span> <span class='ocrx_word' id='word_1_593' title='bbox 1368 4627 1468 4688; x_wconf 83' lang='lat' dir='ltr'>Exod.</span> 
     </span>
    </p>
   </div>
   <div class='ocr_carea' id='block_1_17' title="bbox 0 0 1567 5198">
    <p class='ocr_par' dir='ltr' id='par_1_17' title="bbox 0 0 1567 5198">
     <span class='ocr_line' id='line_1_55' title="bbox 0 0 1567 5198; baseline 0 0"><span class='ocrx_word' id='word_1_594' title='bbox 0 0 1567 5198; x_wconf 95' lang='lat' dir='ltr'> </span> 
     </span>
    </p>
   </div>
  </div>
 </body>
</html>
