3146 5210
152 389 266 438 cunsr.
282 367 360 450 xta]
503 391 542 430 os
558 391 673 432 orrrero
687 389 805 430 cunrsrr
820 389 1012 430 uuorsroruo.
1305 375 1361 431 407

153 529 267 604 rituale,
290 539 349 589 tam
370 551 408 588 ex
429 531 551 608 Judaeis,
574 551 659 609 quarn
682 551 720 590 cx
742 531 895 605 Gentibus,
916 531 1001 590 Rom.
1014 532 1053 589 iv.
1067 533 1113 605 13,
1131 531 1196 590 Cal.
1212 531 1252 589 iii.
1268 534 1295 604 8,
1314 535 1359 606 lc,

154 609 270 668 Hebii.
282 613 328 685 16,
335 629 385 688 per
391 612 527 688 populum
537 621 567 669 et
576 631 687 689 eorpus,
698 631 749 670 seu
759 611 909 670 eeclesiam
920 610 1035 686 Christi,
1048 611 1153 670 Mattb.
1163 610 1181 668 i.
1190 613 1237 686 21,
1249 611 1323 688 Eph.
1332 631 1359 670 v.

152 693 202 764 23,
215 710 346 768 pervasa
356 691 557 750 misericordiae
567 699 725 768 praeparata
736 691 773 749 ad
782 691 912 768 gloriam,
926 691 1010 748 Rom.
1023 691 1063 748 ix.
1075 694 1122 764 23,
1134 694 1181 765 24,
1192 711 1243 768 per
1252 711 1301 748 eos
1310 692 1360 767 qui

152 771 239 828 electi
250 771 356 830 suntin
367 770 438 847 ipso,
449 779 477 830 et
488 771 684 850 praedestinati
693 771 920 848 adadoptionem
930 780 959 829 et
969 769 1207 845 conformitatem,
1220 791 1284 829 cum
1297 771 1359 848 ipso

154 850 239 909 Rom.
256 851 316 909 viii.
332 853 379 925 30,
396 851 472 928 Eph.
487 853 506 909 i.
521 853 549 926 4,
566 855 593 926 5,
609 871 659 929 per
670 851 789 910 secundi
808 850 915 908 Adami
940 851 1146 928 posteritatem,
1163 851 1271 927 quaein
1286 851 1358 928 ipso,

152 929 329 988 vivificanda
343 939 387 990 est
401 939 470 1006 tota,
487 932 617 1009 opposite
638 931 676 990 ad
696 931 893 1008 posteritatem
910 929 995 1008 primi
1011 930 1127 1004 Adami,
1143 931 1173 987 in
1187 951 1245 1007 quo
1260 951 1359 989 omnes

152 1010 322 1086 moriuntur,
341 1013 355 1068 1
373 1011 437 1070 Cor.
453 1032 503 1070 xv.
519 1015 566 1086 22,
582 1013 630 1070 23.
674 1012 721 1068 Ex
741 1011 847 1088 quibus
862 1010 995 1070 omnibus
1010 1021 1088 1088 patet
1102 1011 1144 1069 ita
1157 1011 1292 1086 restringi
1308 1011 1357 1068 ob·

145 1089 258 1166 jectum
273 1089 399 1149 dationis
413 1091 528 1168 Christi,
545 1101 577 1150 ut
590 1091 628 1150 ad
639 1111 738 1150 omnes
753 1101 782 1151 ct
796 1091 927 1167 singulos
938 1091 1056 1149 extendi
1071 1111 1128 1148 nou
1144 1091 1243 1167 possit,
1260 1090 1310 1148 sed
1321 1090 1358 1148 ad

151 1169 294 1246 quosdam
309 1179 430 1230 tantum.

192 1249 288 1316 XIX,
312 1251 511 1328 Nequicquam
521 1251 586 1328 quis
601 1259 759 1327 reponeret,
774 1253 791 1282 ‘⁴
804 1249 959 1309 Dationem
970 1249 1054 1308 istam
1070 1249 1175 1308 Christi
1186 1250 1274 1310 fuisse
1288 1269 1357 1308 eon·

151 1329 331 1405 ditionatam,
347 1351 405 1389 non
420 1331 600 1407 absolutam,
623 1331 758 1389 nimirum
772 1351 806 1390 ea
816 1330 881 1407 lege
893 1337 922 1389 et
933 1329 1105 1404 conditione,
1115 1341 1148 1390 ut
1161 1330 1293 1388 homines
1307 1330 1357 1388 be·

151 1409 288 1468 aeficium
301 1410 357 1469 hoc
371 1411 426 1469 sibi
441 1411 570 1470 oblatum
590 1432 641 1489 per
661 1410 748 1469 fidem
770 1410 938 1488 reciperent,
953 1409 1032 1486 quod
1049 1429 1114 1468 eum
1129 1430 1146 1468 a
1160 1410 1262 1486 majori
1275 1419 1357 1488 parte

152 1509 210 1548 non
230 1489 289 1565 fiat
312 1490 416 1548 mirum
430 1510 487 1550 nou
511 1511 582 1566 esse,
599 1492 623 1549 si
645 1490 724 1549 datio
749 1491 805 1548 ista
826 1497 923 1548 manet
945 1489 1026 1548 irrita
1044 1497 1177 1566 respectu
1199 1490 1356 1566 ipsorum.”

152 1567 227 1644 Quia
241 1569 333 1648 gratis
347 1571 518 1649 supponitur
534 1571 621 1630 telem
642 1571 788 1629 dationem
810 1589 873 1629 esse
895 1569 1128 1644 conditionatum,
1145 1589 1209 1628 cum
1224 1570 1356 1647 nuspiam

153 1649 303 1728 Scriptura
323 1649 407 1710 istius
428 1651 601 1710 conditionis
621 1650 792 1710 meminerit.
835 1649 918 1708 Licet
938 1648 1015 1708 enim
1036 1647 1108 1706 fides
1129 1657 1305 1725 proponatur
1325 1657 1358 1708 ut

151 1729 279 1788 medium
303 1740 332 1790 et
354 1729 481 1790 conditio
504 1731 665 1790 necessaria
688 1730 726 1788 ad
751 1728 942 1808 receptionem
966 1736 995 1786 et
1009 1748 1093 1786 usum
1108 1728 1191 1786 istius
1206 1728 1355 1804 beneficii,

154 1808 221 1867 Nou
234 1809 265 1868 in
279 1830 313 1868 eo
326 1819 422 1888 potest
436 1811 546 1870 censeri
567 1810 694 1870 conditio
716 1809 925 1887 prasupposita
941 1807 1051 1866 dationi
1076 1808 1192 1881 Christi,
1215 1827 1279 1867 cunr
1295 1808 1357 1884 ipsa

154 1889 192 1947 sit
213 1887 320 1948 donum
341 1890 451 1967 gratiae,
467 1900 496 1950 51
516 1890 626 1950 fructus
648 1890 732 1950 istius
753 1889 887 1948 dationis.
930 1887 1055 1947 Accedit
1075 1887 1154 1964 quod
1168 1888 1193 1946 si
1207 1887 1286 1947 datio
1301 1887 1357 1946 ista

154 1967 262 2027 Christi
284 1970 380 2047 aliqua
400 1970 564 2030 conditione
585 1971 733 2046 niteretur,
753 1969 810 2029 Vel
832 1970 868 2028 ab
882 1968 999 2026 homine
1014 1967 1160 2044 penderet,
1176 1967 1225 2026 vel
1239 1987 1257 2024 a
1272 1967 1356 2026 Deo:

174 2047 233 2108 rius
244 2049 301 2108 dici
315 2070 373 2108 non
386 2059 483 2126 potest
496 2051 553 2109 nisi
567 2071 584 2108 a
599 2050 719 2127 Pelagio
733 2074 739 2109 :
762 2049 786 2108 si
797 2048 941 2128 posterius
956 2047 1101 2122 asseritur,
1117 2067 1152 2106 eo
1166 2067 1212 2106 res
1225 2047 1308 2122 redit,
1324 2055 1357 2108 ut

152 2069 307 2188 dicendum
322 2131 360 2189 sit
375 2131 521 2190 Christum
535 2131 634 2189 datum
649 2150 712 2188 esse
733 2129 817 2188 nobis
838 2149 856 2188 a
878 2129 941 2187 Deo
956 2127 986 2186 in
1002 2127 1192 2202 servatorem,
1209 2147 1244 2186 ea
1257 2127 1356 2184 condi-

153 2208 240 2285 tione,
253 2217 285 2268 ut
299 2210 383 2269 nobis
397 2210 458 2288 ipse
473 2230 539 2270 eum
553 2211 635 2269 daret
656 2230 707 2287 per
727 2209 795 2267 fidei
816 2207 1044 2286 productionem,
1060 2206 1107 2264 vel
1123 2208 1177 2266 sub
1192 2206 1357 2265 conditione

152 2287 228 2364 fidei,
245 2309 331 2365 quam
354 2289 416 2368 ipse
438 2299 534 2349 tamen
557 2291 625 2350 dere
647 2310 705 2348 non
730 2290 803 2366 vult,
827 2288 876 2366 qui
896 2288 975 2348 solus
988 2296 1092 2366 potest,
1108 2286 1187 2363 quod
1200 2306 1285 2346 nemo
1299 2307 1357 2345 non

152 2367 234 2428 videt
247 2369 403 2428 absurdum
417 2390 489 2430 esse.

194 2447 272 2508 XX.
295 2449 361 2508 Hoc
371 2451 465 2528 ipsum
475 2471 543 2510 vero
554 2449 675 2510 ulterius
686 2448 780 2508 adhue
790 2447 975 2506 confirmatur
988 2467 1026 2508 ex
1040 2446 1220 2505 connexione
1234 2445 1358 2523 duplicis

153 2528 264 2605 extrue,
280 2530 333 2588 sub
348 2550 405 2606 qua
429 2530 513 2588 nobis
524 2530 608 2590 datus
618 2538 670 2603 est,
691 2529 779 2588 Vadis
793 2527 911 2601 scilieet,
928 2535 957 2585 et
973 2527 1082 2604 Capitis
1090 2550 1102 2600 ;
1123 2525 1217 2585 Vadis
1231 2526 1357 2603 quidem,

152 2618 185 2668 ut
198 2629 250 2688 pro
265 2609 348 2669 nobis
363 2609 565 2670 satisfaciendo
580 2610 701 2669 salutem
722 2608 806 2667 nobis
828 2607 1004 2685 acquireret3
1028 2607 1137 2684 Capitis
1150 2626 1228 2680 vero,
1244 2613 1276 2664 ut
1293 2605 1356 2682 Spi-

152 2689 211 2748 ritu
224 2709 277 2749 suo
291 2690 321 2747 in
336 2689 419 2748 nobis
440 2689 585 2768 operando
600 2710 663 2749 eam
684 2689 768 2747 nobis
789 2688 954 2765 applicaret.
999 2687 1040 2746 Ut
1059 2706 1128 2762 ergo
1143 2705 1201 2743 nou
1215 2684 1300 2743 datus
1315 2693 1359 2744 est

154 2769 247 2847 Caput
262 2769 395 2828 omnibus
409 2777 439 2828 51
453 2770 584 2847 singulis,
601 2769 651 2828 sed
667 2777 778 2828 tentum
801 2767 871 2827 solis
894 2766 1035 2824 Membris
1050 2765 1118 2838 suis,
1134 2763 1164 2822 id
1179 2772 1224 2823 est
1237 2763 1356 2837 Electis,

152 2849 203 2926 qui
227 2849 329 2908 salutis
351 2859 418 2908 actu
442 2849 515 2909 fiunt
538 2850 701 2928 participes.
745 2849 874 2906 Itanon
898 2847 1019 2904 aliorum
1044 2844 1144 2903 debuit
1166 2863 1229 2902 esse
1246 2842 1308 2902 Vas
1329 2851 1359 2902 51

156 2927 302 3006 Sponsor3
325 2930 398 2989 Cum
419 2930 519 2990 eadem
541 2931 578 2988 sit
599 2929 748 3006 utriusque
764 2928 865 3004 σχίηυς
879 2925 969 3000 ratio,
992 2925 1053 2984 Nec
1068 2924 1160 3000 major
1176 2922 1280 2981 debeat
1294 2941 1358 2981 esse

154 3007 285 3068 extensio
299 3009 384 3069 unius
399 3030 485 3087 quam
499 3009 626 3070 alterius.
670 3009 752 3066 Idem
773 3007 870 3065 evinci
890 3013 986 3083 potest
999 3024 1037 3064 ex
1051 3003 1240 3080 conjunctione
1253 3003 1358 3060 Mortis

153 3097 181 3146 et
193 3089 417 3149 Rearrrectionis
430 3089 542 3164 Ctrt'rti,
555 3090 585 3148 in
596 3089 701 3167 quibus
712 3087 821 3164 duplex
832 3087 888 3145 ista
896 3084 997 3143 relatio
1011 3082 1113 3162 patuit,
1129 3081 1270 3159 siquidem
1284 3081 1358 3140 mori

153 3167 254 3229 debuit
267 3179 300 3229 ut
313 3170 384 3244 Vas,
401 3177 430 3230 51
452 3189 601 3247 resurgere
626 3177 658 3228 ut
681 3168 783 3245 Caput.
826 3165 898 3225 Cum
920 3183 990 3222 vcro
1004 3163 1104 3222 eadem
1120 3161 1157 3220 sit
1171 3161 1243 3220 ratio
1257 3161 1358 3219 mortis

153 3256 183 3308 et
195 3249 421 3324 resurrectionis,
437 3270 490 3308 nec
504 3269 591 3308 causa
605 3249 665 3309 ulla
684 3247 747 3306 dari
760 3246 860 3324 possit,
877 3264 927 3304 eur
940 3243 991 3301 illa
1004 3243 1091 3302 latius
1105 3241 1161 3300 ista
1175 3239 1356 3314 extendatur,

152 3347 210 3404 quo
224 3329 257 3388 fit
270 3337 303 3388 ut
317 3327 427 3388 Paulus
440 3337 529 3407 ponat
549 3330 612 3388 heco
626 3329 683 3388 duo
694 3337 831 3406 tanquam
842 3321 1041 3400 ἰσοδυναμοῦντα,
1054 3331 1083 3382 51
1096 3320 1216 3398 aequalis
1229 3319 1357 3379 latitudi-

152 3407 207 3483 nis,
225 3407 370 3470 Christum
387 3411 405 3442 “
416 3419 560 3468 mortuum
572 3429 634 3468 esse
645 3416 762 3486 propter
772 3413 890 3485 peecata
903 3413 1002 3463 nostre
1016 3413 1044 3464 et
1059 3403 1228 3461 suscitatum
1242 3407 1359 3478 pmpter

149 3488 386 3566 justificationem
396 3490 553 3564 nostram,’'
567 3489 651 3547 Rom.
663 3488 702 3546 iv.
715 3490 762 3562 25,
775 3491 832 3545 512
845 3487 910 3545 Cor.
920 3505 949 3543 v.
966 3487 1012 3559 14,
1030 3485 1076 3558 15,
1089 3489 1217 3574 testetur,
1232 3483 1249 3512 “
1261 3479 1357 3573 Chris:

152 3577 214 3628 tum
228 3577 373 3628 mortuum
388 3589 451 3629 esse
472 3590 524 3647 pro
549 3568 691 3644 omnibus,
707 3575 740 3626 ut
760 3566 810 3644 qui
831 3566 966 3642 deinceps
988 3564 1099 3636 vivant,
1114 3582 1173 3621 non
1187 3568 1289 3619 vivant
1303 3561 1359 3652 srbr

151 3648 232 3726 ipsis,
248 3649 300 3708 sed
314 3649 358 3708 illi
371 3650 421 3727 qui
435 3657 566 3708 mortuus
587 3657 631 3708 est
652 3657 681 3708 et
703 3646 858 3706 suscitatus
874 3665 926 3724 pro
941 3645 1033 3722 ipso.''
1076 3643 1143 3701 Non
1156 3661 1208 3720 pro
1222 3640 1287 3699 aliis
1301 3639 1359 3698 dier

152 3736 248 3804 potest
262 3739 400 3804 mortuus,
416 3749 502 3807 quam
517 3749 569 3808 pro
590 3727 626 3786 iis
646 3747 699 3804 pro
720 3726 825 3804 quibus
838 3724 1005 3801 resurrexit,
1019 3724 1088 3802 quia
1100 3722 1245 3782 fructuum
1258 3719 1360 3779 mortis

154 3807 261 3865 Christi
275 3829 359 3868 nemo
380 3810 412 3868 fit
433 3810 577 3887 particeps
597 3807 654 3866 nisi
674 3827 725 3884 per
741 3805 989 3866 resurrectionem.
1032 3804 1075 3862 At
1088 3823 1146 3861 non
1156 3822 1211 3938 pre
1226 3799 1360 3859 omnibus

155 3890 346 4021 Γῖξωθῑὶθῦθ
360 3897 393 3948 ul
407 3888 508 3967 caput,
524 3889 562 3948 ad
576 3888 698 3949 salutem
707 3895 798 3945 morte
810 3893 920 3964 parturn
935 3884 1006 3962 ipsis
1021 3881 1154 3942 conferen
1176 3900 1222 3937 am
1236 3897 1282 3936 res
1296 3879 1360 3954 ipsa

155 3973 396 4138 {1182an
458 4049 554 4108 XXI.
576 4047 683 4121 Tertio,
705 4045 805 4106 eadem
819 4045 927 4104 veritas
941 4040 1106 4114 adstruitur,
1121 4041 1174 4096 Ea
1191 4036 1361 4094 conawiene

193 4148 375 4196 scortationis
416 4127 629 4202 Satirsactr'onic,
645 4136 671 4186 et
684 4125 892 4186 Intercessienr'c
908 4121 1020 4184 Christi.
1047 4121 1118 4178 Cum
1134 4117 1209 4176 enim
1225 4118 1282 4174 sint
1296 4134 1359 4192 par-

193 4213 219 4251 ⁰l
240 4205 398 4254 Intercessro.
418 4214 462 4266 tes
483 4207 612 4284 ejusdem
632 4206 763 4264 Muneris
785 4202 986 4275 Sacerdotalis,
1008 4198 1115 4257 debent
1129 4193 1360 4288 etiamejusdem

194 4265 240 4311 '¹¹⁸⁴
419 4306 482 4346 esse
510 4286 679 4361 latitudinis,
702 4293 735 4344 ut
756 4304 808 4363 pro
829 4284 935 4361 quibus
962 4277 1123 4353 intercedit,
1144 4295 1197 4354 pro
1217 4295 1253 4332 us
1274 4283 1360 4332 etlam

156 4361 337 4438 satisfecerit,
358 4383 411 4424 nec
424 4386 476 4444 pro
490 4366 555 4426 aliis
569 4366 740 4426 satisfecerit
760 4384 846 4442 quam
867 4383 919 4440 pro
939 4359 1045 4438 quibus
1066 4355 1226 4416 intercedit.
1277 4353 1361 4411 Idem

156 4443 233 4505 enim
255 4442 343 4502 debet
363 4463 426 4504 esse
447 4447 592 4524 objectmn
612 4455 671 4506 tam
698 4448 819 4521 iturust,
842 4463 928 4520 quam
950 4441 1112 4516 ἰμφιιησμοῦ,
1135 4445 1168 4495 ut
1187 4433 1311 4526 aPaulo
1333 4439 1361 4491 et

156 4525 178 4586 J
180 4525 294 4584 ohanne
308 4522 501 4585 indissolubili
516 4527 633 4586 vinculo
650 4532 867 4598 connectuntur,
885 4525 900 4580 1
916 4521 938 4581 J
940 4521 986 4579 eh.
1001 4519 1031 4577 ii.
1049 4523 1075 4594 l,
1091 4521 1118 4592 2,
1135 4517 1219 4573 Rom.
1235 4533 1297 4571 vm.
1313 4515 1361 4571 34.

157 4605 200 4664 At
213 4625 266 4684 pro
281 4603 415 4664 omnibus
429 4615 459 4666 et
473 4606 596 4684 singulis
616 4627 674 4665 nen
690 4605 875 4677 intercedere,
896 4601 947 4660 sed
962 4620 1014 4678 pro
1028 4598 1104 4658 datis
1118 4604 1229 4656 tantum
1241 4613 1262 4686 a
1275 4590 1363 4651 Patre

158 4685 290 4747 Christus
304 4685 367 4764 ipse
382 4706 519 4766 expresse
533 4694 662 4762 testatur,
675 4687 696 4748 J
699 4687 746 4746 oh.
761 4685 832 4760 xvii,
846 4686 873 4759 9,
893 4684 961 4742 Non
969 4701 1028 4758 pro
1042 4679 1153 4753 mecedo,
1169 4677 1271 4752 inquit,
1284 4693 1362 4751 repo,
