3186 5210
237 303 295 360 554
639 319 729 360 cocus
751 319 879 360 uncinus
901 319 1034 368 curarue.
1225 297 1350 377 [coner.
1367 315 1442 354 xvu.

277 459 440 518 XXXIV.
463 461 536 518 Cum
550 459 692 519 certitudo
706 480 793 537 quam
807 479 944 536 urgemus
963 461 1067 520 debeat
1080 478 1144 518 csse
1159 477 1271 534 semper
1285 459 1445 535 conjuncta

235 559 301 600 cum
324 559 378 598 usu
402 539 570 612 mediorum,
586 539 692 599 frustra
713 549 889 617 quareretur
905 541 935 598 in
949 547 1099 616 peccatore
1113 539 1319 616 impoenitente.
1364 537 1443 595 Etsi

233 619 328 678 fidelis
342 619 498 696 aliquando
513 639 613 678 verum
628 629 724 679 actum
738 621 822 679 istius
831 619 1011 678 certitudinis
1025 639 1143 678 exerere
1154 618 1256 696 potuit,
1268 618 1338 676 dum
1354 618 1384 675 in
1394 617 1443 674 via

235 708 265 758 et
281 700 365 775 praxi
382 699 542 760 sanctitatis
556 699 629 774 luit;
652 699 713 758 fieri
728 718 786 756 non
799 707 895 776 potest
907 707 940 758 ut
954 719 1020 758 eum
1034 707 1133 758 exerat
1147 699 1261 776 pariter,
1277 697 1348 756 dum
1363 698 1442 756 carni

235 778 376 855 indulget,
393 781 442 838 vel
456 799 545 856 greve
559 779 677 856 aliquod
690 787 841 856 peccatum
855 780 1025 856 committit3
1048 779 1116 856 quia
1134 799 1193 837 non
1207 777 1294 836 debet
1308 778 1443 854 ignorare

235 860 479 936 perseverantiam
507 861 536 917 ln
563 867 681 935 peccato
709 879 772 918 esse
797 867 926 916 hanaen
953 879 1018 919 cum
1046 859 1102 918 ista
1132 857 1313 917 certitudine.
1371 857 1443 916 Ideo

236 959 384 1016 nunquam
395 959 429 998 eo
443 938 595 997 adducitur
610 947 642 996 ut
655 939 741 1012 dicat,
752 939 855 998 Certus
867 938 910 998 fui
924 939 1013 998 semel
1024 937 1060 997 de
1071 939 1174 998 Gratia
1185 939 1249 1012 Dei,
1265 937 1358 996 debeo
1372 947 1443 1014 er'go

234 1027 330 1080 certus
344 1037 407 1078 esse
421 1019 451 1075 in
461 1026 608 1094 posterum
622 1017 658 1076 ds
673 1039 715 1093 ea,
731 1019 869 1096 quicquid
882 1018 1002 1094 faciem
1024 1019 1093 1095 quia
1105 1026 1138 1078 ut
1151 1017 1333 1076 certitudinis
1344 1027 1441 1075 actum

235 1117 294 1157 non
308 1098 421 1156 exeruit
435 1097 465 1154 in
478 1099 632 1174 praeterito,
648 1098 706 1157 nisi
720 1119 785 1158 eum
801 1117 855 1157 usu
875 1098 1044 1174 mediorum,
1059 1099 1101 1157 ita
1124 1117 1178 1156 nec
1199 1106 1295 1174 potest
1309 1117 1376 1155 eum
1390 1117 1443 1156 ex-

234 1197 313 1237 erere
327 1177 357 1234 in
371 1178 506 1254 praesenti
519 1177 576 1236 nisi
590 1178 620 1236 in
634 1177 735 1238 eodem
750 1186 835 1252 statu,
850 1187 879 1238 et
893 1198 951 1237 non
966 1179 1057 1238 aliter.
1100 1179 1140 1238 Et
1154 1179 1179 1236 si
1192 1177 1268 1254 prior
1283 1185 1366 1235 actus
1380 1197 1441 1235 cer·

236 1255 368 1316 titudinis
382 1257 499 1334 respicit
513 1258 599 1316 etiam
614 1257 749 1332 futurum,
764 1259 882 1334 respicit
891 1259 964 1318 illud
972 1258 1002 1316 in
1013 1257 1114 1317 eadem
1127 1256 1290 1335 hypothesi,
1306 1257 1443 1316 nimirum

237 1337 262 1396 si
276 1345 373 1396 utetur
386 1337 498 1412 mediis,
514 1347 543 1396 et
557 1338 639 1396 sitin
649 1339 698 1396 via
708 1338 878 1397 sanctitatis.

279 1417 424 1476 XXXV.
447 1417 599 1478 Dubitetio
616 1418 785 1477 Sanctorum
804 1425 849 1478 est
869 1425 939 1477 nota
959 1417 1142 1490 infirmitatis,
1158 1434 1215 1472 non
1230 1414 1443 1474 firmamentum

236 1496 457 1556 incertitudinis.
500 1497 634 1558 Ostendit
648 1497 882 1575 quidaliquando
896 1497 947 1556 fiat
956 1497 992 1556 de
1006 1497 1091 1570 Iacto,
1107 1495 1246 1571 neuquid
1260 1495 1323 1553 fieri
1337 1495 1444 1554 debeat

236 1577 272 1636 de
291 1578 366 1655 jure.
410 1577 452 1637 Ut
465 1597 523 1636 non
537 1577 682 1636 laudanda
705 1579 750 1654 sit,
777 1586 806 1636 et
827 1577 865 1637 ad
878 1578 1015 1637 virtutem
1039 1575 1211 1635 humilitatis
1234 1574 1395 1647 referenda,
1410 1583 1444 1634 ut

237 1657 347 1716 vellent
363 1656 515 1731 Pontificii,
541 1656 593 1716 sed
617 1656 811 1734 oppugnanda
833 1658 912 1716 omni
935 1657 1040 1732 studio,
1056 1665 1085 1716 et
1099 1655 1276 1732 deploranda
1290 1664 1323 1714 ut
1336 1654 1445 1714 vitiosa

236 1737 396 1812 infirmitas,
412 1736 449 1794 ad
463 1737 574 1814 peccati
587 1737 724 1814 reliquias
737 1737 893 1814 pertinens.

278 1816 439 1876 XXXVI.
464 1817 504 1876 Ut
525 1817 667 1877 certitudo
691 1817 915 1877 Perseverautiae
940 1825 984 1876 est
1006 1815 1140 1875 solatium
1161 1814 1363 1888 laborantium,
1386 1833 1445 1872 non

236 1897 399 1957 securitatis
413 1904 513 1973 meter,
529 1916 594 1974 quae
605 1916 670 1957 cum
681 1897 802 1956 lascivia
812 1905 841 1956 et
852 1897 969 1974 ignavie
983 1895 1078 1954 caruis
1089 1895 1246 1954 consistere
1259 1894 1362 1970 possit,
1378 1914 1445 1952 cum

239 1977 333 2036 invia
347 1977 508 2036 sanctitatis
524 1976 739 2036 ambulantibus
761 1985 874 2037 tannim
894 1975 1013 2036 concedi
1027 1983 1131 2052 queat,
1155 1975 1202 2033 Ita
1215 1973 1345 2034 defectus
1360 1973 1446 2033 istius

238 2055 427 2132 certitudinis,
440 2076 498 2115 non
513 2057 610 2116 statim
624 2056 853 2134 desperationem
867 2057 953 2116 debet
966 2055 1133 2132 producere,
1149 2054 1231 2131 quasi
1246 2063 1343 2112 actum
1366 2063 1446 2113 esset

238 2137 275 2196 de
290 2137 391 2210 salute,
415 2155 481 2195 cum
495 2157 553 2194 non
568 2157 681 2214 semper
694 2136 766 2196 fides
785 2145 881 2196 actum
903 2137 990 2196 istum
1015 2133 1195 2195 certitudinis
1219 2133 1323 2192 elicere
1345 2141 1445 2210 queat.

239 2216 298 2274 Hic
312 2215 426 2292 proprie
440 2215 527 2274 fretus
541 2225 586 2276 est
599 2217 688 2275 animi
701 2217 732 2275 ia
752 2217 878 2277 Domino
893 2215 1061 2288 confirmati,
1077 2223 1107 2274 et
1120 2233 1255 2273 sensuum
1271 2215 1445 2272 exercitato·

239 2313 312 2354 rum.
355 2294 427 2352 Ideo
440 2295 569 2352 nondum
584 2296 759 2355 confirmatis
774 2297 917 2373 gradatim
931 2303 960 2356 et
985 2295 1089 2354 sensim
1104 2295 1161 2352 viis
1176 2293 1294 2352 Domini
1309 2293 1445 2353 insisten-

240 2373 317 2446 dum,
333 2372 429 2448 potius
443 2392 530 2449 quam
544 2373 685 2432 immensa
698 2375 749 2432 illa
762 2376 983 2451 perseverantiae
995 2374 1152 2453 spatiauno
1166 2373 1234 2432 fidei
1244 2373 1351 2432 intuitu
1366 2393 1445 2432 eom-

239 2451 392 2531 plectenda
414 2459 445 2510 et
468 2459 534 2510 ante
559 2453 697 2528 capenda.
753 2455 793 2512 Et
812 2454 843 2510 in
863 2455 918 2513 hae
937 2454 1005 2514 fidei
1029 2455 1112 2531 praxi
1139 2453 1215 2511 malo
1238 2473 1446 2530 nonnunquam

239 2531 364 2610 gemitus
379 2531 478 2590 audire
491 2532 627 2607 lugentis,
643 2552 731 2609 quam
745 2532 908 2608 cachinnos,
924 2553 983 2592 non
996 2543 1056 2594 tam
1069 2533 1135 2608 fide,
1147 2552 1235 2610 quam
1244 2532 1379 2609 opinione
1393 2553 1445 2592 ex·

240 2611 377 2687 ultantis;
400 2620 430 2671 et
444 2631 520 2689 eaepe
533 2610 575 2686 fit,
587 2612 680 2688 utqui
694 2620 880 2690 praesumunt,
897 2613 1007 2692 seipsos
1021 2613 1131 2688 fallant,
1146 2613 1197 2690 qui
1207 2633 1278 2670 vero
1288 2613 1445 2689 suspirant,

240 2701 349 2754 etcum
372 2691 532 2752 Publiceno
556 2693 656 2752 oculos
680 2694 811 2753 attollere
834 2693 1029 2768 reformidant,
1054 2713 1116 2752 rern
1129 2702 1226 2752 tamen
1240 2692 1341 2770 ipsam,
1358 2713 1446 2769 quam

239 2793 299 2834 non
319 2771 428 2847 vident,
450 2773 584 2846 habeant,
607 2792 673 2832 eum
698 2793 785 2850 quern
815 2781 948 2850 quarunt
979 2774 1084 2833 Jesum
1104 2779 1273 2850 praesentem
1294 2773 1445 2850 aspiciant,

240 2874 310 2946 nec·
323 2851 517 2930 dIgnoscant;
548 2852 612 2911 Alii
639 2872 710 2912 vero
738 2853 817 2930 quod
847 2853 954 2913 habere
982 2861 1094 2931 putant,
1122 2853 1177 2913 sibi
1197 2861 1298 2930 postea
1320 2854 1463 2913 sentiant

240 2952 321 3010 enpr.

280 3011 459 3072 XXXVII.
481 3011 552 3072 Alia
572 3019 618 3072 est
638 3013 773 3072 ecaritate
796 3014 899 3088 camb,
923 3033 988 3091 qua
1002 3011 1121 3074 feriatur
1135 3019 1164 3071 et
1184 3012 1244 3070 ctio
1258 3012 1341 3088 segni
1355 3012 1447 3072 vitam

242 3099 319 3152 amat
330 3090 437 3168 fallere,
454 3091 525 3151 Alia
537 3093 672 3152 secentas
680 3094 802 3154 bonanae
809 3094 906 3170 fidelis
917 3101 946 3152 et
959 3093 1008 3170 pii,
1024 3093 1075 3169 qui
1088 3100 1153 3151 orat
1166 3111 1278 3168 semper
1291 3101 1321 3150 et
1333 3093 1448 3154 laborat

241 3173 272 3232 in
299 3172 417 3250 negotio
445 3172 554 3234 salutis.
599 3172 641 3233 Ut
663 3172 694 3231 in
716 3173 805 3248 Urbe,
830 3173 887 3232 alia
913 3182 958 3233 est
984 3173 1123 3232 secruitas
1146 3172 1294 3231 homiuum
1317 3173 1447 3249 stupido·

242 3273 315 3326 rum,
330 3253 381 3328 qui
395 3272 496 3311 somno
510 3261 539 3311 et
552 3253 621 3311 vino
636 3253 742 3330 sepulti
756 3260 888 3329 stertunt,
904 3260 934 3312 et
947 3253 1056 3312 incauti
1069 3251 1229 3329 capiuntur,
1247 3252 1304 3310 alia
1323 3251 1447 3329 vigilan·

242 3332 315 3390 tlum
343 3339 372 3389 et
396 3332 594 3406 excitatorum,
610 3333 660 3408 qui
686 3333 825 3392 excubias
852 3341 951 3410 agrmt,
967 3353 1003 3392 ne
1027 3332 1184 3409 improviso
1198 3331 1316 3390 incursu
1328 3333 1446 3392 turben·

243 3417 298 3484 tur,
314 3429 367 3467 nec
380 3411 484 3486 panico
494 3419 611 3485 terrore,
627 3429 680 3472 nec
704 3412 806 3472 insano
829 3421 909 3472 metu
933 3414 1125 3491 corripiuntur
1145 3410 1183 3470 ad
1197 3413 1349 3472 stationem
1365 3411 1447 3472 dese·

244 3487 371 3548 rendam.
415 3489 495 3548 Tella
519 3499 564 3549 est
588 3492 727 3552 securitas
750 3501 849 3552 sancta
871 3493 992 3570 piorum,
1007 3513 1072 3571 quie
1093 3490 1274 3568 vigilantiam
1288 3501 1318 3551 et
1332 3492 1448 3569 pietatis

245 3565 372 3626 studium
386 3585 445 3625 non
458 3570 544 3628 modo
568 3589 626 3628 non
649 3571 787 3647 excludit,
811 3573 862 3632 sed
877 3574 1012 3651 supponit
1033 3571 1194 3633 necessario
1208 3580 1241 3632 ut
1255 3581 1366 3632 certum
1380 3593 1447 3633 con·

247 3645 420 3708 servationis
434 3665 494 3706 suec
508 3647 644 3707 medium.

288 3727 475 3804 (lateraque
490 3728 547 3788 hnc
561 3727 713 3806 pertinent,
728 3737 863 3808 petantur
877 3751 914 3792 ex
926 3732 1005 3792 Loco
1020 3733 1075 3792 IV.
1086 3685 1152 3806 'Qu
1174 3730 1235 3790 xiii.
