3108 5198
248 387 287 445 42
456 407 474 428 2
683 395 774 439 nocue
790 393 969 440 annuemus.
1254 369 1385 458 [consu.
1401 395 1468 439 ιιι.

247 543 342 605 servis
354 550 384 602 et
400 540 569 603 concivibus
589 539 719 616 debetur,
734 559 793 599 nou
813 537 963 616 rels'ps‘onh,
978 535 1072 615 qualis
1087 535 1150 596 Deo
1165 537 1309 613 convenit,
1325 547 1404 598 cont,
1421 539 1468 600 F.

249 623 379 683 Msuieh.
393 623 444 680 lib.
459 639 510 678 xx.
525 639 587 698 cap.
603 622 652 679 21.

551 698 678 759 XVIII.
702 694 839 776 Septimo,
862 698 929 756 Non
948 695 1035 775 pauci
1054 713 1093 754 ex
1106 695 1293 756 Adversariis
1306 695 1393 757 nohis
1407 697 1466 758 hic

248 766 491 873 ffijffizmrff'
510 778 730 857 adstipulantur,
756 779 926 854 Cassander,
949 777 1073 836 consult.
1096 783 1149 835 art.
1173 779 1212 835 20
1235 784 1264 835 et
1285 780 1333 852 21,
1356 777 1465 837 varios

469 858 476 871 “
511 879 622 918 errores
642 859 673 916 in
693 860 749 917 hoc
770 859 863 936 capite
884 864 974 917 notat.
1015 857 1094 915 Vives
1108 855 1137 913 in
1152 856 1233 934 Aug.
1248 855 1284 915 de
1299 857 1331 916 Ο.
1348 857 1388 915 D.
1402 857 1463 918 lib.

249 941 311 1001 viii.
327 961 351 1000 c.
367 943 415 1016 2⁷,
431 940 556 1018 ingenue
569 938 684 1015 latetur,
699 938 778 1016 quod
791 939 876 997 multi
891 936 1077 996 “Christiani
1092 935 1122 994 ln
1136 955 1167 994 re
1188 935 1264 994 boun
1284 936 1464 1014 plerumque

248 1029 379 1100 peccaut,
402 1019 481 1098 quod
504 1019 597 1078 Ilisos
618 1017 758 1095 divasque
779 1037 837 1076 nou
859 1017 944 1076 aliter
956 1022 1131 1075 venerantur
1151 1035 1238 1092 quam
1261 1017 1374 1092 Deum;
1400 1037 1463 1076 nec

249 1100 349 1161 videre
364 1119 394 1158 se
409 1100 439 1158 in
453 1099 552 1159 muItIs
565 1097 644 1176 quod
666 1098 704 1157 sit
723 1097 877 1157 discrimen
897 1097 972 1155 inter
985 1115 1085 1155 eorum
1099 1095 1262 1172 opinionem
1276 1095 1313 1154 de
1329 1095 1463 1170 Sanctis,

249 1189 279 1241 et
300 1179 379 1258 quod
399 1179 532 1238 Gentiles
552 1178 693 1255 putabant
715 1176 751 1236 de
773 1177 838 1235 Diis
860 1176 949 1235 suis.'’
992 1175 1153 1234 Cerdinalis
1167 1176 1317 1251 Rictelr‘ne,
1337 1174 1390 1233 lib.
1412 1176 1461 1236 iii.

250 1281 314 1338 cap.
329 1263 348 1318 4
363 1258 491 1318 methodi
506 1278 574 1334 sua,
590 1257 723 1334 agnoscit
737 1257 898 1316 Ecclesiam
918 1254 1094 1334 primitivam
1115 1263 1182 1314 aute
1195 1254 1235 1313 iv.
1250 1255 1381 1314 seculum
1395 1273 1462 1314 non

249 1341 402 1398 invocasse
415 1339 545 1413 Sanctae,
555 1346 586 1396 et
595 1335 740 1414 pertendit
751 1336 912 1396 Ecclesiam
923 1335 1102 1395 catholicam
1111 1353 1170 1394 non
1181 1333 1310 1412 obligare
1321 1334 1463 1394 absolute

251 1419 430 1480 Christianos
443 1418 482 1476 ad
502 1416 643 1476 orandum
663 1416 814 1475 actualiter
836 1415 966 1491 Sanctos,
988 1435 1017 1491 p.
1032 1416 1103 1473 410.
1146 1414 1194 1473 Sic
1208 1413 1319 1473 scilicet
1333 1423 1462 1473 conmur

250 1499 390 1558 iuvidiam
411 1497 581 1556 idololatria
602 1495 639 1554 ab
661 1495 793 1556 Ecclesia
813 1514 866 1554 sua
888 1495 1017 1570 amoliri;
1041 1493 1101 1554 Sed
1120 1493 1234 1570 frustra,
1257 1513 1324 1553 oum
1345 1494 1402 1553 hoc
1416 1514 1461 1552 ex

123 1605 125 1610 ’
250 1578 398 1640 sanctione
412 1576 573 1655 multiplici,
589 1584 619 1635 et
632 1574 716 1653 proxi
729 1575 865 1635 continua
878 1574 1071 1634 confirmetur.

553 1655 648 1715 XIX.
669 1655 700 1714 A
716 1656 886 1715 Sanctorum
897 1653 1059 1713 viventium
1072 1653 1301 1731 interpellatione
1312 1651 1401 1728 civili
1417 1654 1462 1712 ad

260 1722 477 1826 scrupus-plutio-
510 1735 723 1794 invocationem
749 1735 915 1813 religiosam
942 1733 1143 1793 defunctorum
1169 1752 1228 1792 non
1250 1733 1330 1791 valet
1353 1751 1460 1793 conse·

397 1815 404 1828 “
512 1815 639 1893 quentia.
682 1814 757 1891 Quia
769 1815 940 1874 interritos
952 1821 1053 1873 mutua
1067 1821 1111 1872 est
1125 1812 1282 1872 officiorum
1293 1813 1459 1872 eommuni-

250 1897 343 1972 catio;
365 1895 545 1956 Intervivos
567 1905 597 1955 et
618 1902 747 1954 mortuos
769 1893 859 1970 nulla,
881 1895 932 1953 Ise
950 1892 1096 1969 lxiii.16;
1119 1893 1199 1951 Eccl.
1220 1893 1262 1953 is.
1282 1894 1309 1967 6,
1326 1897 1354 1950 7.
1398 1893 1460 1951 Illa

249 1977 386 2036 mandato
407 1985 436 2036 et
455 1975 644 2054 promissione
667 1975 731 2050 Dei,
753 1981 784 2033 et
805 1973 932 2034 laudetis
954 1974 1124 2033 Sanctorum
1139 1973 1207 2032 vet.
1222 1981 1251 2030 et
1272 1970 1358 2030 Novi.
1374 1972 1457 2032 Test.

249 2055 391 2133 exemplis
415 2055 535 2131 nititur;
562 2055 635 2113 Hae
655 2073 726 2113 vero
745 2054 804 2112 illis
825 2053 1000 2114 destituitur.
1042 2051 1099 2110 Illa
1120 2060 1165 2112 est
1185 2071 1264 2110 mere
1287 2051 1403 2110 socialis
1425 2061 1459 2112 et

249 2143 357 2194 mutua
371 2134 535 2192 dilectionis
548 2133 684 2208 effectus3
707 2133 770 2192 Ista
783 2133 919 2210 religiosa
932 2133 1028 2192 cultus
1043 2131 1106 2190 Deo
1121 2131 1175 2190 soli
1195 2131 1286 2190 debiti
1305 2149 1373 2209 pars
1395 2133 1456 2210 pri-

248 2213 348 2272 marie.
391 2212 448 2272 Ille
469 2213 530 2271 sola
544 2211 683 2271 charitate
697 2212 859 2270 virentium
881 2213 999 2287 nititur3
1022 2213 1084 2272 Ista
1102 2231 1201 2270 eorum
1223 2211 1310 2270 etiam
1332 2211 1455 2271 meritis.

250 2293 313 2351 Nec
327 2292 352 2350 si
368 2291 467 2351 Sancti
477 2290 607 2350 defuncti
619 2291 722 2368 majori
733 2299 801 2350 suut
811 2310 889 2350 nune
899 2292 1038 2351 charitate
1052 2291 1174 2369 praediti,
1189 2291 1326 2350 continuo
1337 2311 1355 2348 a
1367 2291 1457 2350 nobis

248 2371 379 2431 invocari
389 2371 508 2446 voluut;
531 2371 596 2429 Imo
609 2389 661 2447 per
674 2372 860 2430 retorsiouem
875 2371 967 2431 multo
986 2372 1082 2431 minus
1102 2389 1189 2450 quam
1203 2371 1234 2428 in
1254 2371 1309 2429 hac
1322 2370 1385 2429 vita
1398 2371 1457 2430 hoc

269 2452 448 2524 emiserunt,
464 2449 532 2509 Act.
554 2470 584 2509 x.
606 2459 636 2510 et
656 2450 726 2526 xiv,
744 2459 778 2510 ut
798 2451 849 2528 qui
867 2451 955 2529 longe
976 2471 1052 2512 nunc
1073 2449 1227 2528 perfectius
1249 2458 1356 2509 norunt
1376 2450 1458 2510 hunc

248 2473 387 2592 ionorem
401 2529 457 2590 soli
470 2530 534 2589 Deo
548 2529 656 2590 deberi.
699 2531 738 2590 Et
762 2531 788 2589 si
806 2529 972 2609 compellari
993 2539 1149 2610 potuerunt
1169 2549 1187 2588 a
1207 2530 1290 2589 nohis
1304 2530 1367 2588 sive
1381 2549 1457 2591 voce

249 2612 312 2671 sive
327 2610 456 2688 epistola,
472 2609 540 2687 quin
560 2609 696 2687 inquilini
715 2609 866 2670 nobiscum
879 2619 962 2670 erant
981 2612 1012 2669 in
1032 2611 1127 2688 patria
1139 2619 1260 2686 terrene,
1281 2629 1341 2668 nou
1355 2611 1458 2670 statim

248 2691 378 2750 invocari
392 2689 499 2749 debent
512 2690 543 2747 in
555 2689 649 2768 patrie
660 2689 779 2766 coelesti,
795 2710 859 2768 quse
869 2690 1038 2768 longissime
1049 2710 1067 2748 e
1077 2689 1161 2750 nobis
1172 2689 1269 2749 distat.
1306 2689 1337 2748 Si
1352 2689 1457 2749 eadem

248 2780 294 2831 est
307 2770 380 2829 ratio
394 2769 586 2830 invocationis
602 2770 772 2829 Sanctorum
783 2790 817 2829 ac
827 2771 1056 2848 compellationis
1065 2769 1244 2847 viventium
1265 2769 1323 2828 Gur
1334 2769 1456 2847 Paulus,

249 2851 301 2929 qui
313 2850 400 2910 toties
419 2849 505 2927 jubet
518 2849 590 2908 alios
611 2869 663 2927 pro
677 2850 742 2909 aliis
762 2850 881 2928 precari,
897 2869 1042 2927 nunquam
1065 2849 1150 2927 jubet
1172 2849 1294 2908 Sanctos
1308 2848 1455 2926 invocare,

248 2951 303 2991 neo
327 2931 389 3008 ipse
412 2930 462 2988 vel
488 2929 674 3007 Stephanum,
697 2931 747 2988 vel
771 2931 806 2988 B.
830 2929 991 3008 Virginem,
1015 2930 1063 2988 vel
1087 2929 1176 2988 alium
1199 2929 1307 3006 legitor
1330 2934 1457 2990 orasse?

250 3012 371 3070 Frustra
385 3029 455 3088 ergo
468 3011 591 3070 Fratres
605 3010 814 3087 Wallenharqii‚
825 3009 918 3070 Meth.
930 3009 1010 3086 Aug.
1026 3029 1051 3068 c.
1067 3012 1114 3084 32,
1125 3017 1154 3068 et
1164 3010 1323 3086 Episcopus
1339 3009 1455 3069 Conde-

166 3091 171 3100 '
248 3093 357 3166 mener's,
370 3089 491 3168 Exposi.
501 3089 550 3149 fid.
566 3089 688 3166 cathol,
700 3091 811 3150 vellent
823 3089 908 3148 nobis
921 3087 1102 3168 persuadere,
1114 3107 1172 3147 non
1186 3089 1271 3147 aliter
1284 3089 1456 3150 Pontificios

248 3171 384 3231 invocare
400 3170 522 3229 Sanctos
540 3163 714 3245 demortuos,
737 3189 824 3246 quam
846 3168 1005 3228 Reformati
1029 3169 1151 3228 Sanetos
1165 3168 1306 3244 viventes,
1324 3177 1357 3228 ut
1371 3179 1456 3230 orent

196 3323 199 3330 ἦ
249 3270 301 3327 pro
321 3249 422 3324 nobis3
446 3249 519 3307 Cum
539 3248 709 3324 protestatio
730 3248 768 3308 sit
788 3249 932 3307 contraria
952 3247 1037 3324 facto,
1059 3257 1090 3308 et
1110 3267 1157 3308 res
1178 3247 1242 3326 ipsa
1254 3247 1361 3307 clamet
1374 3250 1455 3309 aliud

249 3347 313 3387 esse
335 3335 432 3406 petere
446 3328 570 3401 veniam,
592 3327 808 3402 protectionem,
830 3328 960 3402 salutem,
982 3328 1182 3388 liberationem
1200 3347 1218 3386 a
1235 3327 1320 3386 melis
1334 3337 1364 3388 et
1378 3330 1453 3406 sim,

250 3407 330 3466 aliud
343 3426 414 3465 vero
427 3413 525 3483 petere
538 3423 637 3464 corum
651 3405 895 3465 intercessionem.
931 3408 993 3466 Nec
1006 3408 1054 3466 hic
1067 3407 1188 3467 intentio
1203 3406 1343 3466 Ecclesia
1357 3417 1456 3486 potest

251 3485 378 3562 obtendi,
393 3485 444 3544 uhi
457 3484 548 3542 verba
561 3484 625 3561 ipsa
639 3485 812 3544 contrarium
826 3485 973 3562 evincunt,
988 3487 1045 3546 nisi
1058 3487 1183 3546 velimus
1196 3507 1259 3546 eam
1280 3487 1366 3547 nobis
1385 3489 1455 3548 illu·

248 3566 318 3626 dere
332 3565 417 3640 velle,
432 3563 512 3623 alind
526 3563 675 3622 sentiendo
690 3571 719 3623 et
731 3564 811 3624 aliud
825 3565 979 3643 loquendo,
995 3566 1074 3645 quod
1086 3587 1171 3626 nemo
1185 3567 1314 3627 discrit-

291 3644 369 3704 XX.
390 3643 483 3703 Aliud
504 3650 548 3702 est
566 3642 711 3703 Jacobum
725 3653 832 3722 optare,
854 3654 888 3706 ut
907 3647 960 3705 filii
978 3647 1102 3724 Josephi
1117 3647 1257 3724 EphrsIm
1272 3654 1302 3706 et
1316 3646 1455 3708 Msnssse

248 3733 389 3784 nocentur
409 3724 445 3783 de
467 3722 582 3782 nornine
605 3742 667 3799 suo,
691 3731 720 3782 et
742 3725 800 3784 sint
821 3724 878 3785 duo
895 3727 991 3804 capita
1003 3726 1130 3786 tribuum
1151 3725 1227 3786 inter
1246 3725 1322 3785 filios
1335 3727 1453 3802 JacobI,

249 3825 340 3883 quum
358 3804 399 3864 ait
418 3823 448 3863 se
469 3811 566 3880 pctore
580 3823 679 3862 nomen
691 3823 771 3863 mam
784 3825 870 3881 sape*
883 3816 994 3883 nepotes
1007 3807 1141 3880 invocari,
1157 3805 1232 3866 Gen.
1246 3805 1341 3864 xlviii.
1358 3809 1406 3882 16,
1421 3816 1456 3867 ut

249 3891 411 3962 agnoscunt
429 3883 575 3956 Testatus,
597 3881 712 3958 Ribera,
729 3885 894 3961 Cajetenus,
913 3885 1063 3945 Cornelius
1083 3905 1101 3944 a
1122 3884 1240 3963 Lepide,
1256 3885 1346 3945 Arias
1367 3887 1454 3946 Mon·

248 3973 342 4040 tanus,
358 3973 388 4024 et
401 3963 460 4040 alii,
467 3959 508 4022 ‘ut
521 3962 592 4021 alibi
612 3962 760 4040 Scriptura
772 3965 909 4042 quuitur,
925 3965 984 4024 Isa.
998 3965 1038 4025 iv.
1056 3968 1091 4036 13
1123 3965 1215 4025 Aliud
1228 3965 1305 4024 velle
1320 3985 1351 4026 se
1366 3967 1404 4026 eb
1418 3967 1455 4026 iis

248 4043 378 4102 invocari
391 4052 457 4120 post
471 4042 589 4115 obitum,
605 4042 684 4119 quod
697 4063 847 4121 negamus.

310 4171 431 4220 nur-1·
509 4121 649 4261 ,stt
664 4123 1454 4282 euertissenunnutt”utu

215 4330 217 4334 .
248 4279 372 4339 advocet
386 4277 471 4338 vivos
486 4279 685 4358 suffragantes,
700 4303 716 4342 e
731 4284 837 4360 quibus
850 4291 939 4362 negat
951 4283 1044 4343 ullum
1066 4285 1205 4344 Sanctum
1219 4303 1317 4344 secum
1331 4303 1454 4343 consen-

247 4361 367 4420 tientem
380 4357 540 4437 producere
552 4379 647 4438 posse,
662 4363 713 4440 qui
727 4363 848 4422 affirmet
863 4365 958 4424 Deum
972 4364 1140 4424 innocentes
1154 4373 1184 4422 et
1204 4363 1300 4440 justos
1314 4361 1452 4441 affligere,

247 4449 281 4500 nt
294 4438 446 4500 antithesis
467 4437 560 4514 docet,
582 4448 611 4499 et
632 4450 786 4501 contextus
807 4443 905 4502 series.
947 4443 1043 4518 Quum
1065 4443 1202 4502 inclamat
1223 4443 1332 4502 amicos
1346 4443 1453 4519 Johns,

247 4539 310 4598 cap.
325 4520 387 4578 xix.
409 4521 457 4594 21,
478 4538 530 4596 per
549 4537 607 4596 nn,
622 4522 717 4596 socios,
733 4540 855 4598 quorum
875 4523 1101 4582 misericordiam
1122 4523 1265 4600 implorat,
1281 4521 1392 4599 Angeli
1406 4523 1455 4582 vel

247 4599 364 4659 Coelites
384 4619 443 4658 non
461 4599 672 4678 intelliguntur,
686 4609 786 4678 utpote
801 4601 851 4680 qui
873 4603 937 4679 ejus
952 4603 1021 4661 socii
1036 4610 1066 4662 et
1085 4600 1240 4662 familiares
1254 4621 1312 4660 non
1326 4601 1452 4678 fuerunt,

246 4678 299 4735 sed
322 4679 365 4737 illi
386 4697 460 4756 quos
486 4678 556 4738 olim
577 4679 672 4740 socios
692 4689 722 4739 et
742 4681 851 4740 amieos
872 4681 982 4758 habuit,
1004 4701 1078 4759 quos
1098 4681 1136 4740 ad
1161 4681 1316 4759 repetam
1336 4681 1452 4741 invitat.
