3202 5194
137 369 305 453 aunensi]
584 389 623 430 nn
638 391 764 432 amusan
778 391 911 434 ananim.
1291 377 1348 436 153
1391 347 1393 352 Ι

137 532 238 598 trallae
252 536 391 614 ῃςιτιμίς,
408 529 477 590 Aa.
488 529 539 588 vii.
554 533 583 590 8.
612 533 735 592 Romen.
749 534 791 593 ix.
808 536 837 610 4,
852 532 1024 594 Judaeorum
1039 531 1175 592 dicuntur
1189 535 1252 592 esse
1267 534 1350 599 leati-

136 641 190 692 m,
218 633 277 672 non
301 613 401 689 utique
425 611 705 707 Testamentaaua
729 614 814 707 plura
837 633 895 672 non
919 613 1043 688 fuerunt,
1070 612 1122 672 sed
1145 613 1262 690 soedere,
1285 633 1350 692 que

138 699 524 849 ssttttttlgtttt
535 692 1023 852 ldrttttltstlltttt
1040 692 1351 850 ‘lttltlt'tltlt

136 862 262 914 vocetur
271 852 416 912 Mediator
426 848 536 917 tasse
547 853 624 930 apud
636 854 737 930 Hebr.,
747 851 822 933 (cap.
831 853 902 930 viii,
913 853 979 934 ix.,)
990 861 1019 913 et
1028 854 1148 930 sanguis
1157 855 1220 932 ejus
1231 855 1351 932 sanguia

139 934 260 1008 διαθήκης,
282 934 352 991 licet
371 933 445 990 ratio
459 932 639 993 Testamenti
659 942 837 1010 connotetur,
853 953 912 992 non
932 941 1029 1011 potest
1049 953 1103 992 nec
1124 933 1212 992 debet
1233 933 1351 994 excludi

141 1019 225 1092 σχέσις
247 1013 401 1086 loederalis,
417 1012 485 1089 quia
499 1014 750 1072 Testamentorum
766 1015 881 1091 proprie
901 1033 961 1072 nou
975 1013 1081 1073 dautm
1107 1013 1275 1090 sponsores,
1299 1013 1351 1073 sed

138 1097 217 1155 inter
229 1101 326 1173 partes
341 1092 479 1152 adversas
501 1093 644 1153 mediator
665 1094 851 1154 constituitur
871 1093 910 1153 ad
931 1113 981 1154 ees
1003 1093 1240 1171 reconciliandas,
1256 1102 1285 1153 et
1299 1114 1351 1173 per

139 1175 237 1234 soedus
250 1175 326 1246 inter
340 1192 371 1232 se
386 1172 535 1232 uniendas.

185 1255 241 1312 vl.
264 1253 427 1312 Fatendum
442 1253 560 1329 quidem
581 1253 728 1314 notionem
742 1255 1001 1314 Testamenteriam
1021 1254 1070 1313 hic
1090 1255 1233 1333 praecipue
1254 1255 1353 1332 urgeri

142 1336 181 1394 ab
202 1333 356 1412 Apostolo,
379 1333 471 1392 Hebr.
486 1333 527 1391 ix.
545 1337 590 1410 15,
613 1343 646 1394 ut
666 1335 824 1394 necessitas
845 1334 947 1394 mortis
972 1343 1001 1394 et
1025 1335 1230 1394 satisfactionis
1244 1335 1353 1395 Christi

141 1425 282 1493 tanquam
296 1413 454 1472 Testatoris
475 1413 581 1473 clarius
601 1413 777 1492 designetur,
794 1422 823 1474 et
837 1415 938 1493 gratiae
953 1414 1088 1490 efficacia,
1110 1415 1158 1473 cui
1178 1415 1209 1473 in
1224 1415 1350 1474 solidum

144 1494 243 1554 omnia
257 1492 508 1571 aceeptaferenda
521 1503 589 1554 suut
603 1495 633 1552 in
653 1495 761 1554 foedere
782 1497 892 1573 gretia,
908 1495 1010 1554 fortius
1024 1503 1177 1554 asseratur.
1221 1494 1279 1554 Sed
1293 1515 1352 1554 non

145 1574 296 1634 exclusive
309 1575 365 1632 hoc
378 1573 504 1650 intelligi
518 1582 614 1652 potest
635 1575 672 1633 ad
685 1576 854 1634 relationem
869 1575 1044 1651 foederalom,
1059 1595 1124 1652 quae
1138 1574 1225 1633 fidem
1240 1584 1269 1634 et
1283 1575 1350 1634 obe·

145 1654 286 1713 dientiam
309 1673 327 1712 a
348 1660 430 1729 perte
453 1653 579 1713 hominis
600 1655 737 1732 postulat.
780 1655 866 1730 Quod
889 1675 955 1714 cum
975 1675 1027 1732 per
1048 1674 1079 1713 se
1100 1655 1209 1712 clarum
1230 1654 1276 1729 sit,
1296 1674 1350 1714 nec

144 1743 268 1812 negetur
282 1753 300 1792 a
313 1731 458 1808 fratribus,
474 1733 581 1794 frustra
594 1735 712 1794 videtur
726 1734 762 1793 da
776 1755 811 1794 eo
823 1736 935 1793 moveri
954 1735 1159 1809 controversie,
1175 1753 1240 1810 quse
1254 1753 1306 1810 per
1319 1754 1351 1793 se

144 1814 301 1890 evanescit,
318 1813 343 1872 si
357 1819 479 1890 unaque
495 1815 543 1874 hic
558 1813 648 1891 σχέσις,
663 1815 881 1874 testamentaria
894 1821 923 1873 et
937 1813 1091 1888 foederelis,
1108 1813 1282 1888 attendetur,
1297 1813 1349 1872 ille

144 1893 262 1971 quidem
283 1901 317 1954 ut
340 1893 486 1972 precipua
509 1904 539 1955 et
562 1895 707 1974 primaria,
722 1895 780 1954 ista
792 1913 862 1954 vero
882 1903 916 1954 ut
936 1893 1106 1953 secundarie
1126 1893 1214 1971 priori
1235 1893 1349 1952 subser-

143 1993 236 2034 erens.

441 2054 516 2114 VII.
538 2055 652 2114 Latinis
660 2057 756 2131 sadus
770 2055 880 2114 variam
894 2052 1116 2131 originationem
1131 2052 1263 2129 sortitur;
1279 2053 1349 2128 Qui-

146 2163 150 2181 ι
190 2119 352 2222 Ffflffil'
402 2135 478 2211 dm,
488 2143 521 2194 ut
531 2137 644 2211 Festtrs,
655 2156 673 2193 a
672 2137 807 2212 ferienda
816 2134 927 2194 dictum
935 2134 1122 2211 voluntquia
1135 2133 1349 2211 inpaciscendo

402 2215 498 2276 hostie
513 2215 676 2291 feriebatur,
692 2225 722 2276 et
735 2214 907 2291 caedebatur,
921 2214 978 2273 tels
992 2215 1114 2274 exitium
1128 2213 1172 2271 illi
1186 2214 1347 2290 imprecan-

142 2295 247 2374 du,qui
260 2297 371 2374 primus
384 2295 478 2354 foedus
489 2295 641 2372 violasset,
657 2297 741 2374 cujus
755 2295 872 2354 modum
888 2295 990 2353 Livius
1004 2294 1166 2370 exequitur,
1181 2292 1233 2353 lib.
1247 2293 1276 2370 i,
1292 2293 1349 2352 for-

143 2377 252 2436 mulam
272 2376 388 2436 loederis
408 2375 473 2434 initi
493 2375 568 2434 inter
582 2376 694 2453 Regem
709 2376 743 2436 P.
759 2375 796 2434 R.
819 2383 849 2434 et
862 2375 1044 2434 Albanorum
1059 2373 1239 2434 Dictatorem
1251 2393 1350 2433 recen·

143 2456 254 2533 sando;
276 2457 316 2516 Et
329 2457 413 2535 Virg.
427 2455 489 2514 viii.
504 2455 644 2516 AEneid.:

477 2618 520 2675 Et
533 2636 606 2676 casa
612 2617 892 2694 jeeqalaetfoedera
900 2636 1004 2694 porca.

142 2775 205 2834 Alii
219 2777 398 2836 commodius
412 2778 497 2856 afide
511 2775 621 2836 dictum
629 2783 741 2854 putent,
756 2785 789 2836 ut
802 2777 867 2837 vult
877 2775 976 2852 Isido,
992 2776 1043 2835 lib.
1054 2774 1115 2834 eiii.
1126 2773 1226 2852 Origi,
1237 2774 1305 2853 quie
1318 2773 1349 2834 iu

141 2855 248 2915 saedere
273 2858 509 2935 interponebatur
530 2856 622 2932 fides;
644 2856 721 2916 unde
734 2858 855 2932 Ennius,
870 2865 904 2917 ut
927 2865 972 2915 est
996 2854 1073 2932 apud
1087 2855 1257 2930 Varronem,
1273 2854 1350 2914 dixit

132 2939 212 3015 fidas
225 2957 278 3015 pro
294 2941 413 3013 fadae,·
435 2938 478 2998 Ut
491 2956 560 2997 sene
574 2936 670 2996 fredus
683 2957 742 2997 non
756 2937 814 2996 elie
834 2937 871 2997 de
893 2955 981 2996 musa
1001 2935 1097 3010 initur,
1112 2954 1200 3012 quam
1220 2943 1253 2994 ut
1273 2935 1349 2992 inter

141 3025 238 3094 partos
251 3017 324 3076 fides
339 3026 460 3078 constet.

148 3131 170 3166 -,
344 3153 350 3166 ,
445 3097 536 3156 VIII.
559 3096 691 3156 Foederis
712 3105 809 3157 autem
824 3096 880 3156 Dei
901 3115 960 3155 uon
981 3115 1040 3155 una
1059 3101 1104 3154 est
1125 3093 1298 3170 significatio
1318 3093 1349 3154 in

141 3151 200 3209 ΕΜ
211 3152 374 3234 l⁰¹¹¹⁰¹¹l¹¹¹¹⁸'
407 3179 562 3255 Scripture.
604 3177 728 3254 Proprie
748 3186 830 3236 notat
849 3185 966 3255 pactum
981 3183 1010 3234 et
1031 3175 1252 3233 conventionem
1272 3173 1349 3232 inter

144 3258 240 3318 Deum
254 3267 284 3318 et
297 3259 445 3318 hominem
465 3259 575 3334 initam,
591 3277 656 3334 qua
671 3265 785 3318 constet
804 3258 910 3336 partim
929 3255 1107 3332 crapulatione
1128 3255 1217 3330 officii,
1234 3273 1285 3312 seu
1306 3253 1349 3314 rei

141 3338 322 3416 prestanda,
339 3339 444 3416 partim
463 3338 649 3414 promanans
667 3339 790 3414 mantii,
806 3357 863 3416 quo
885 3357 972 3396 sensu
993 3335 1123 3410 sumitur,
1140 3335 1214 3394 Gen.
1230 3334 1302 3393 xvii.
1318 3338 1346 3410 2,

141 3419 312 3478 ubidicitur
327 3419 407 3478 Deus
428 3419 523 3478 fredus
536 3417 613 3477 velle
635 3418 764 3477 stabilire
786 3439 853 3477 cum
866 3417 1044 3476 Abrahamo.
1084 3416 1247 3492 Imprapric
1260 3414 1348 3473 modo

143 3499 267 3558 sumitur
275 3518 329 3577 pro
338 3499 462 3578 simplici
472 3498 671 3576 promissione,
683 3509 724 3574 ut,
735 3499 810 3558 Gen.
825 3499 866 3557 ix.
876 3501 904 3574 9,
916 3495 1068 3574 promissio
1083 3495 1119 3554 de
1130 3515 1189 3554 non
1199 3494 1346 3572 perdendo

143 3579 250 3639 mundo
264 3599 317 3657 per
330 3579 473 3639 diluvium
487 3587 607 3638 vocetur
620 3577 733 3654 soedus3
756 3578 842 3638 modo
856 3587 983 3655 metouy.
998 3596 1050 3653 pro
1063 3576 1191 3652 mahala
1205 3584 1234 3635 et
1254 3595 1347 3634 secra-

143 3660 248 3718 mentis
262 3659 388 3736 soederis,
403 3667 437 3719 ut
450 3659 630 3718 circumcisio
644 3667 766 3718 vocatur
778 3659 881 3733 foedus,
898 3658 973 3717 Gen.
987 3656 1069 3734 xvii,
1085 3664 1115 3715 et
1124 3655 1195 3714 Luc.
1209 3655 1282 3714 xxii.
1298 3657 1345 3732 20,

143 3737 229 3798 Calin
243 3740 461 3800 Eucharisticus
475 3739 581 3798 dicitur
601 3758 657 3797 aeae
677 3741 717 3798 N.
730 3742 761 3798 Τ.
783 3739 813 3796 ia
833 3738 969 3815 wopaina
985 3737 1098 3814 Otr-isti,
1119 3736 1160 3795 id.
1181 3735 1297 3812 signum
1318 3744 1347 3794 et

141 3819 270 3976 iil?
261 3839 359 3958 silui
362 3842 376 3958 1³
390 3818 506 3975 ,tlt
514 3839 579 3976 ll>
590 3819 841 3975 ‘llllflllliss
852 3815 1346 3976 lllmllolllnilllllllll}

140 3982 377 4056 mactumsoedaa,
401 3979 477 4038 Dan.
492 3979 533 4037 xi.
548 3982 596 4053 28,
612 3981 669 4054 305
694 3979 780 4037 modo
794 3999 847 4056 pro
862 3978 980 4053 Messin,
996 3977 1113 4036 foederis
1134 3976 1219 4034 istius
1241 3971 1343 4032 firnde·

141 4068 247 4135 mento,
264 4060 294 4117 in
307 4080 366 4137 quo
386 4059 539 4120 nobiscum
559 4059 663 4118 initum
678 4069 730 4134 est,
747 4059 805 4119 Isa.
820 4059 894 4118 xlix.
910 4060 937 4134 8,
954 4058 1021 4117 dedi
1033 4066 1058 4116 tc
1072 4057 1102 4114 ia
1116 4058 1214 4131 sadus
1232 4053 1343 4130 populi,

141 4137 195 4198 &a
229 4139 288 4199 Sed
301 4159 364 4215 nos,
380 4140 477 4198 missis
491 4139 655 4217 impropriis
669 4137 936 4216 significationibus,
952 4137 1097 4216 propriam
1110 4135 1158 4194 hic
1172 4143 1344 4212 spectemus,

139 4219 256 4296 quando
270 4219 306 4279 de
321 4220 428 4279 foedere
442 4220 632 4298 disputemus.

181 4299 242 4358 IX.
264 4299 395 4360 Vocatur
409 4309 506 4360 autem
520 4299 630 4359 Foedus
644 4298 722 4358 istud
728 4301 824 4374 sadus
841 4299 953 4376 mutia,
969 4305 1031 4357 tum
1045 4297 1204 4370 causaliter,
1219 4293 1288 4371 quia
1301 4299 1346 4352 est

142 4397 180 4437 ex
190 4379 285 4456 gratie
298 4380 397 4439 stricte
411 4381 498 4456 dicte,
508 4379 603 4457 quelis
613 4379 709 4439 locum
720 4380 808 4438 habet
821 4399 891 4456 erge
904 4387 1093 4456 peccatorem,
1110 4377 1180 4434 Luc.
1196 4375 1215 4432 i.
1231 4376 1278 4448 54,
1295 4375 1343 4447 55,

141 4461 189 4534 72,
206 4463 253 4533 74,
277 4459 353 4538 Eph.
367 4460 387 4519 i.
403 4463 430 4537 6,
445 4461 503 4520 Tit.
519 4463 547 4535 3,
562 4463 591 4534 4,
613 4467 675 4519 tum
696 4460 888 4534 materialiter,
904 4458 973 4536 quie
993 4455 1089 4515 omnia
1109 4456 1140 4512 in
1159 4455 1216 4512 hoc
1236 4452 1344 4511 foedere

142 4545 210 4596 sunt
233 4539 369 4616 gratuita,
394 4541 522 4618 ipsaeque
545 4540 618 4599 adeo
640 4539 828 4615 conditiones,
849 4537 1021 4612 dccxxxi,
1044 4535 1131 4594 Erec.
1145 4532 1259 4607 xxxvi,
1281 4541 1344 4591 turn

136 4619 268 4695 finaliter
281 4619 351 4695 quia
363 4639 415 4697 per
428 4620 502 4680 illud
524 4619 642 4678 divitias
663 4639 722 4679 sua
737 4619 838 4697 gratia
853 4619 934 4678 Deus
947 4616 1041 4675 voluit
1061 4614 1252 4688 manifestare,
1269 4612 1345 4690 Eph.

143 4696 172 4755 ii.
188 4701 216 4756 7.
259 4697 374 4760 Dicitur
386 4700 474 4762 etiam
487 4701 698 4779 Evangelicum,
713 4699 783 4778 quie
802 4698 940 4758 doctrinae
955 4695 1111 4774 Evangelii
1131 4703 1176 4756 cst
1189 4693 1344 4776 objectum,
