<?xml version="1.0" encoding="UTF-8"?>
<!DOCTYPE html PUBLIC "-//W3C//DTD XHTML 1.0 Transitional//EN"
    "http://www.w3.org/TR/xhtml1/DTD/xhtml1-transitional.dtd">
<html xmlns="http://www.w3.org/1999/xhtml" xml:lang="en" lang="en">
 <head>
  <title>
</title>
<meta http-equiv="Content-Type" content="text/html;charset=utf-8" />
  <meta name='ocr-system' content='tesseract 3.04.00' />
  <meta name='ocr-capabilities' content='ocr_page ocr_carea ocr_par ocr_line ocrx_word'/>
</head>
<body>
  <div class='ocr_page' id='page_1' title='image "./francisciturret00pictgoog_0061.png"; bbox 0 0 3108 5198; ppageno 0'>
   <div class='ocr_carea' id='block_1_1' title="bbox 698 332 1474 415">
    <p class='ocr_par' dir='ltr' id='par_1_1' title="bbox 698 332 1474 415">
     <span class='ocr_line' id='line_1_1' title="bbox 698 332 1474 415; baseline 0 -19"><span class='ocrx_word' id='word_1_1' title='bbox 698 355 789 396; x_wconf 80' lang='lat' dir='ltr'>iocus</span> <span class='ocrx_word' id='word_1_2' title='bbox 802 354 982 396; x_wconf 76' lang='lat' dir='ltr'>economus.</span> <span class='ocrx_word' id='word_1_3' title='bbox 1269 332 1412 415; x_wconf 74' lang='lat' dir='ltr'>[onmem.</span> <span class='ocrx_word' id='word_1_4' title='bbox 1437 357 1474 396; x_wconf 85' lang='lat' dir='ltr'>v.</span> 
     </span>
    </p>
   </div>
   <div class='ocr_carea' id='block_1_2' title="bbox 709 571 965 650">
    <p class='ocr_par' dir='ltr' id='par_1_2' title="bbox 709 571 965 650">
     <span class='ocr_line' id='line_1_2' title="bbox 709 571 965 650; baseline -0.012 -14"><span class='ocrx_word' id='word_1_5' title='bbox 709 573 902 650; x_wconf 83' lang='lat' dir='ltr'>QUAESTIO</span> <span class='ocrx_word' id='word_1_6' title='bbox 926 571 965 634; x_wconf 87' lang='lat' dir='ltr'>V.</span> 
     </span>
    </p>
   </div>
   <div class='ocr_carea' id='block_1_3' title="bbox 525 749 1143 796">
    <p class='ocr_par' dir='ltr' id='par_1_3' title="bbox 525 749 1143 796">
     <span class='ocr_line' id='line_1_3' title="bbox 525 749 1143 796; baseline -0.003 -1"><span class='ocrx_word' id='word_1_7' title='bbox 525 755 564 795; x_wconf 82' lang='lat' dir='ltr'>DE</span> <span class='ocrx_word' id='word_1_8' title='bbox 579 753 731 796; x_wconf 70' lang='lat' dir='ltr'>nmmum:</span> <span class='ocrx_word' id='word_1_9' title='bbox 744 751 972 794; x_wconf 71' lang='lat' dir='ltr'><strong>PRAECEP&#39;I&#39;OBUM</strong></span> <span class='ocrx_word' id='word_1_10' title='bbox 985 749 1143 794; x_wconf 67' lang='lat' dir='ltr'>mutuom.</span> 
     </span>
    </p>
   </div>
   <div class='ocr_carea' id='block_1_4' title="bbox 235 893 1462 1033">
    <p class='ocr_par' dir='ltr' id='par_1_4' title="bbox 235 893 1462 1033">
     <span class='ocr_line' id='line_1_4' title="bbox 235 893 1462 1033; baseline -0.002 -77"><span class='ocrx_word' id='word_1_11' title='bbox 235 897 518 976; x_wconf 71' lang='lat' dir='ltr'>Anroeaqoaoor</span> <span class='ocrx_word' id='word_1_12' title='bbox 540 894 944 1033; x_wconf 56' lang='lat' dir='ltr'>Hoeoeptafflmpffiil&#39;mabuloe</span> <span class='ocrx_word' id='word_1_13' title='bbox 963 893 1148 971; x_wconf 60' lang='lat' dir='ltr'>umquem,</span> <span class='ocrx_word' id='word_1_14' title='bbox 1170 896 1462 954; x_wconf 65' lang='lat' dir='ltr'>mmmdcc!</span> 
     </span>
    </p>
   </div>
   <div class='ocr_carea' id='block_1_5' title="bbox 236 1131 1458 2091">
    <p class='ocr_par' dir='ltr' id='par_1_5' title="bbox 539 1131 1458 1212">
     <span class='ocr_line' id='line_1_5' title="bbox 539 1131 1458 1212; baseline 0.002 -20"><span class='ocrx_word' id='word_1_15' title='bbox 539 1135 564 1193; x_wconf 90' lang='grc' dir='ltr'>Ι.</span> <span class='ocrx_word' id='word_1_16' title='bbox 586 1135 653 1194; x_wconf 88' lang='lat' dir='ltr'>Non</span> <span class='ocrx_word' id='word_1_17' title='bbox 666 1132 813 1211; x_wconf 86' lang='lat' dir='ltr'>quseritur,</span> <span class='ocrx_word' id='word_1_18' title='bbox 830 1131 881 1192; x_wconf 87' lang='lat' dir='ltr'>An</span> <span class='ocrx_word' id='word_1_19' title='bbox 893 1140 1038 1212; x_wconf 69' lang='lat' dir='ltr'>precepta</span> <span class='ocrx_word' id='word_1_20' title='bbox 1058 1131 1117 1192; x_wconf 90' lang='lat' dir='ltr'>sint</span> <span class='ocrx_word' id='word_1_21' title='bbox 1128 1131 1221 1212; x_wconf 85' lang='lat' dir='ltr'>plura,</span> <span class='ocrx_word' id='word_1_22' title='bbox 1236 1132 1286 1191; x_wconf 84' lang='lat' dir='ltr'>vel</span> <span class='ocrx_word' id='word_1_23' title='bbox 1303 1133 1458 1211; x_wconf 72' lang='lat' dir='ltr'><strong>pauciora</strong></span> 
     </span>
    </p>

    <p class='ocr_par' dir='ltr' id='par_1_6' title="bbox 265 1199 1457 1304">
     <span class='ocr_line' id='line_1_6' title="bbox 265 1199 1457 1304; baseline 0.003 -33"><span class='ocrx_word' id='word_1_24' title='bbox 265 1199 444 1304; x_wconf 46' lang='lat' dir='ltr'>summ·</span> <span class='ocrx_word' id='word_1_25' title='bbox 496 1232 616 1274; x_wconf 86' lang='lat' dir='ltr'>numero</span> <span class='ocrx_word' id='word_1_26' title='bbox 630 1213 756 1290; x_wconf 85' lang='lat' dir='ltr'>denario,</span> <span class='ocrx_word' id='word_1_27' title='bbox 772 1214 809 1273; x_wconf 90' lang='lat' dir='ltr'>de</span> <span class='ocrx_word' id='word_1_28' title='bbox 822 1214 878 1273; x_wconf 90' lang='lat' dir='ltr'>hoc</span> <span class='ocrx_word' id='word_1_29' title='bbox 892 1213 969 1272; x_wconf 82' lang='lat' dir='ltr'>enim</span> <span class='ocrx_word' id='word_1_30' title='bbox 983 1220 1096 1273; x_wconf 78' lang='lat' dir='ltr'>constat</span> <span class='ocrx_word' id='word_1_31' title='bbox 1109 1212 1184 1272; x_wconf 88' lang='lat' dir='ltr'>inter</span> <span class='ocrx_word' id='word_1_32' title='bbox 1204 1231 1322 1273; x_wconf 84' lang='lat' dir='ltr'>omnes:</span> <span class='ocrx_word' id='word_1_33' title='bbox 1352 1215 1457 1274; x_wconf 85' lang='lat' dir='ltr'>Unde</span> 
     </span>
    </p>

    <p class='ocr_par' dir='ltr' id='par_1_7' title="bbox 388 1289 1453 1372">
     <span class='ocr_line' id='line_1_7' title="bbox 388 1289 1453 1372; baseline 0 -19"><span class='ocrx_word' id='word_1_34' title='bbox 388 1289 395 1301; x_wconf 84' lang='lat'>&#39;</span> <span class='ocrx_word' id='word_1_35' title='bbox 496 1313 602 1354; x_wconf 90' lang='lat' dir='ltr'>nomen</span> <span class='ocrx_word' id='word_1_36' title='bbox 616 1293 759 1372; x_wconf 89' lang='lat' dir='ltr'>Decalogi</span> <span class='ocrx_word' id='word_1_37' title='bbox 773 1292 848 1371; x_wconf 86' lang='lat' dir='ltr'>Legi</span> <span class='ocrx_word' id='word_1_38' title='bbox 861 1293 960 1354; x_wconf 87' lang='lat' dir='ltr'>datum</span> <span class='ocrx_word' id='word_1_39' title='bbox 984 1301 1100 1370; x_wconf 79' lang='lat' dir='ltr'>propter</span> <span class='ocrx_word' id='word_1_40' title='bbox 1120 1291 1220 1352; x_wconf 88' lang='lat' dir='ltr'>decem</span> <span class='ocrx_word' id='word_1_41' title='bbox 1233 1293 1345 1354; x_wconf 82' lang='lat' dir='ltr'>verbe:</span> <span class='ocrx_word' id='word_1_42' title='bbox 1366 1295 1453 1370; x_wconf 83' lang='lat' dir='ltr'>Nec,</span> 
     </span>
    </p>

    <p class='ocr_par' dir='ltr' id='par_1_8' title="bbox 237 1372 1454 1452">
     <span class='ocr_line' id='line_1_8' title="bbox 237 1372 1454 1452; baseline -0.001 -19"><span class='ocrx_word' id='word_1_43' title='bbox 237 1373 288 1433; x_wconf 85' lang='lat' dir='ltr'>An</span> <span class='ocrx_word' id='word_1_44' title='bbox 301 1373 401 1434; x_wconf 85' lang='lat' dir='ltr'>decem</span> <span class='ocrx_word' id='word_1_45' title='bbox 415 1372 472 1433; x_wconf 89' lang='lat' dir='ltr'>ista</span> <span class='ocrx_word' id='word_1_46' title='bbox 483 1383 628 1452; x_wconf 72' lang='lat' dir='ltr'>precepta</span> <span class='ocrx_word' id='word_1_47' title='bbox 641 1374 850 1434; x_wconf 81' lang='lat' dir='ltr'>distribuantur</span> <span class='ocrx_word' id='word_1_48' title='bbox 868 1374 899 1432; x_wconf 90' lang='lat' dir='ltr'>in</span> <span class='ocrx_word' id='word_1_49' title='bbox 913 1373 986 1434; x_wconf 82' lang='lat' dir='ltr'>duas</span> <span class='ocrx_word' id='word_1_50' title='bbox 999 1372 1122 1449; x_wconf 84' lang='lat' dir='ltr'>tabulas,</span> <span class='ocrx_word' id='word_1_51' title='bbox 1137 1373 1193 1432; x_wconf 88' lang='lat' dir='ltr'>hoo</span> <span class='ocrx_word' id='word_1_52' title='bbox 1209 1373 1287 1431; x_wconf 91' lang='lat' dir='ltr'>enim</span> <span class='ocrx_word' id='word_1_53' title='bbox 1306 1374 1399 1434; x_wconf 86' lang='lat' dir='ltr'>etiam</span> <span class='ocrx_word' id='word_1_54' title='bbox 1415 1375 1454 1432; x_wconf 91' lang='lat' dir='ltr'>in</span> 
     </span>
    </p>

    <p class='ocr_par' dir='ltr' id='par_1_9' title="bbox 236 1453 1455 1612">
     <span class='ocr_line' id='line_1_9' title="bbox 236 1453 1455 1531; baseline -0.001 -18"><span class='ocrx_word' id='word_1_55' title='bbox 236 1454 368 1513; x_wconf 85' lang='lat' dir='ltr'>confesso</span> <span class='ocrx_word' id='word_1_56' title='bbox 392 1461 456 1512; x_wconf 88' lang='lat' dir='ltr'>est:</span> <span class='ocrx_word' id='word_1_57' title='bbox 487 1453 546 1514; x_wconf 85' lang='lat' dir='ltr'>Sed</span> <span class='ocrx_word' id='word_1_58' title='bbox 564 1453 708 1531; x_wconf 92' lang='lat' dir='ltr'>quomodo</span> <span class='ocrx_word' id='word_1_59' title='bbox 732 1453 932 1514; x_wconf 87' lang='lat' dir='ltr'>distribuenda</span> <span class='ocrx_word' id='word_1_60' title='bbox 956 1453 1022 1528; x_wconf 80' lang='lat' dir='ltr'>sint,</span> <span class='ocrx_word' id='word_1_61' title='bbox 1048 1460 1077 1512; x_wconf 93' lang='lat' dir='ltr'>et</span> <span class='ocrx_word' id='word_1_62' title='bbox 1098 1461 1170 1529; x_wconf 90' lang='lat' dir='ltr'>quot</span> <span class='ocrx_word' id='word_1_63' title='bbox 1190 1460 1221 1511; x_wconf 89' lang='lat' dir='ltr'>et</span> <span class='ocrx_word' id='word_1_64' title='bbox 1244 1473 1377 1530; x_wconf 82' lang='lat' dir='ltr'>quamam</span> <span class='ocrx_word' id='word_1_65' title='bbox 1405 1453 1455 1512; x_wconf 82' lang='lat' dir='ltr'>ad</span> 
     </span>
     <span class='ocr_line' id='line_1_10' title="bbox 236 1532 1426 1612; baseline -0.002 -18"><span class='ocrx_word' id='word_1_66' title='bbox 236 1541 388 1611; x_wconf 84' lang='lat' dir='ltr'>utramque</span> <span class='ocrx_word' id='word_1_67' title='bbox 402 1532 531 1593; x_wconf 85' lang='lat' dir='ltr'>tabulam</span> <span class='ocrx_word' id='word_1_68' title='bbox 543 1535 723 1612; x_wconf 84' lang='lat' dir='ltr'>pertineant:</span> <span class='ocrx_word' id='word_1_69' title='bbox 745 1535 791 1592; x_wconf 90' lang='lat' dir='ltr'>De</span> <span class='ocrx_word' id='word_1_70' title='bbox 804 1534 860 1592; x_wconf 91' lang='lat' dir='ltr'>hoc</span> <span class='ocrx_word' id='word_1_71' title='bbox 874 1533 951 1593; x_wconf 90' lang='lat' dir='ltr'>enim</span> <span class='ocrx_word' id='word_1_72' title='bbox 961 1533 1076 1592; x_wconf 81' lang='lat' dir='ltr'>variant</span> <span class='ocrx_word' id='word_1_73' title='bbox 1085 1532 1246 1592; x_wconf 82' lang='lat' dir='ltr'><strong>Doctorum</strong></span> <span class='ocrx_word' id='word_1_74' title='bbox 1259 1534 1426 1594; x_wconf 73' lang='lat' dir='ltr'>sententiae.</span> 
     </span>
    </p>

    <p class='ocr_par' dir='ltr' id='par_1_10' title="bbox 278 1611 1451 1691">
     <span class='ocr_line' id='line_1_11' title="bbox 278 1611 1451 1691; baseline 0.002 -20"><span class='ocrx_word' id='word_1_75' title='bbox 278 1614 321 1672; x_wconf 95' lang='lat' dir='ltr'>Il.</span> <span class='ocrx_word' id='word_1_76' title='bbox 344 1611 467 1689; x_wconf 83' lang='lat' dir='ltr'>Quidam</span> <span class='ocrx_word' id='word_1_77' title='bbox 481 1613 596 1690; x_wconf 88' lang='lat' dir='ltr'>utrique</span> <span class='ocrx_word' id='word_1_78' title='bbox 610 1613 730 1673; x_wconf 83' lang='lat' dir='ltr'>Tabulse</span> <span class='ocrx_word' id='word_1_79' title='bbox 744 1613 833 1690; x_wconf 85' lang='lat' dir='ltr'>quina</span> <span class='ocrx_word' id='word_1_80' title='bbox 846 1620 990 1691; x_wconf 65' lang='lat' dir='ltr'>praecepta</span> <span class='ocrx_word' id='word_1_81' title='bbox 1002 1613 1161 1690; x_wconf 78' lang='lat' dir='ltr'>assignent,</span> <span class='ocrx_word' id='word_1_82' title='bbox 1171 1621 1205 1672; x_wconf 91' lang='lat' dir='ltr'>ut</span> <span class='ocrx_word' id='word_1_83' title='bbox 1214 1613 1237 1673; x_wconf 85' lang='lat' dir='ltr'>J</span> <span class='ocrx_word' id='word_1_84' title='bbox 1238 1613 1373 1691; x_wconf 89' lang='lat' dir='ltr'>osephus,</span> <span class='ocrx_word' id='word_1_85' title='bbox 1387 1614 1451 1674; x_wconf 89' lang='lat' dir='ltr'>lib.</span> 
     </span>
    </p>

    <p class='ocr_par' dir='ltr' id='par_1_11' title="bbox 236 1691 1451 1771">
     <span class='ocr_line' id='line_1_12' title="bbox 236 1691 1451 1771; baseline 0.001 -19"><span class='ocrx_word' id='word_1_86' title='bbox 236 1692 277 1752; x_wconf 90' lang='lat' dir='ltr'>iii.</span> <span class='ocrx_word' id='word_1_87' title='bbox 293 1693 395 1770; x_wconf 88' lang='lat' dir='ltr'>Antiq.</span> <span class='ocrx_word' id='word_1_88' title='bbox 411 1713 436 1754; x_wconf 92' lang='lat' dir='ltr'>c.</span> <span class='ocrx_word' id='word_1_89' title='bbox 447 1696 476 1752; x_wconf 89' lang='grc'>4.</span> <span class='ocrx_word' id='word_1_90' title='bbox 507 1694 524 1726; x_wconf 87' lang='grc'>“</span> <span class='ocrx_word' id='word_1_91' title='bbox 540 1692 654 1753; x_wconf 78' lang='lat' dir='ltr'>Profert</span> <span class='ocrx_word' id='word_1_92' title='bbox 667 1694 767 1753; x_wconf 85' lang='lat' dir='ltr'>Moses</span> <span class='ocrx_word' id='word_1_93' title='bbox 777 1693 850 1754; x_wconf 89' lang='lat' dir='ltr'>duas</span> <span class='ocrx_word' id='word_1_94' title='bbox 860 1693 974 1753; x_wconf 84' lang='lat' dir='ltr'>tabulas</span> <span class='ocrx_word' id='word_1_95' title='bbox 988 1693 1168 1752; x_wconf 87' lang='lat' dir='ltr'>continentes</span> <span class='ocrx_word' id='word_1_96' title='bbox 1182 1691 1282 1754; x_wconf 88' lang='lat' dir='ltr'>decom</span> <span class='ocrx_word' id='word_1_97' title='bbox 1295 1703 1451 1771; x_wconf 74' lang='lat' dir='ltr'>precepta</span> 
     </span>
    </p>

    <p class='ocr_par' dir='ltr' id='par_1_12' title="bbox 237 1771 1451 1852">
     <span class='ocr_line' id='line_1_13' title="bbox 237 1771 1451 1852; baseline 0 -20"><span class='ocrx_word' id='word_1_98' title='bbox 237 1772 386 1852; x_wconf 83' lang='lat' dir='ltr'>inscripta,</span> <span class='ocrx_word' id='word_1_99' title='bbox 401 1773 431 1832; x_wconf 92' lang='lat' dir='ltr'>in</span> <span class='ocrx_word' id='word_1_100' title='bbox 446 1773 569 1850; x_wconf 82' lang='lat' dir='ltr'>singulis</span> <span class='ocrx_word' id='word_1_101' title='bbox 583 1774 700 1852; x_wconf 83' lang='lat' dir='ltr'>quinc,’&#39;</span> <span class='ocrx_word' id='word_1_102' title='bbox 715 1793 803 1851; x_wconf 87' lang='lat' dir='ltr'>quem</span> <span class='ocrx_word' id='word_1_103' title='bbox 817 1773 947 1850; x_wconf 87' lang='lat' dir='ltr'>sequitur</span> <span class='ocrx_word' id='word_1_104' title='bbox 962 1772 1066 1847; x_wconf 80' lang='lat' dir='ltr'>Philo,</span> <span class='ocrx_word' id='word_1_105' title='bbox 1081 1771 1233 1832; x_wconf 77' lang='lat' dir='ltr'>deDecal</span> <span class='ocrx_word' id='word_1_106' title='bbox 1247 1791 1315 1850; x_wconf 86' lang='lat' dir='ltr'>pag.</span> <span class='ocrx_word' id='word_1_107' title='bbox 1330 1776 1401 1849; x_wconf 79' lang='lat'>477,</span> <span class='ocrx_word' id='word_1_108' title='bbox 1415 1782 1451 1832; x_wconf 86' lang='lat' dir='ltr'>et</span> 
     </span>
    </p>

    <p class='ocr_par' dir='ltr' id='par_1_13' title="bbox 237 1851 1448 1990">
     <span class='ocr_line' id='line_1_14' title="bbox 237 1851 1448 1990; baseline -0.001 -77"><span class='ocrx_word' id='word_1_109' title='bbox 237 1872 275 1913; x_wconf 83' lang='lat' dir='ltr'>ex</span> <span class='ocrx_word' id='word_1_110' title='bbox 289 1853 420 1931; x_wconf 83' lang='lat' dir='ltr'>patribus</span> <span class='ocrx_word' id='word_1_111' title='bbox 435 1853 537 1912; x_wconf 87' lang='lat' dir='ltr'>Irense.</span> <span class='ocrx_word' id='word_1_112' title='bbox 551 1854 602 1915; x_wconf 91' lang='lat' dir='ltr'>lib.</span> <span class='ocrx_word' id='word_1_113' title='bbox 618 1853 648 1914; x_wconf 88' lang='lat' dir='ltr'>ii.</span> <span class='ocrx_word' id='word_1_114' title='bbox 663 1873 726 1931; x_wconf 80' lang='lat' dir='ltr'>cap.</span> <span class='ocrx_word' id='word_1_115' title='bbox 741 1857 800 1931; x_wconf 71' lang='lat' dir='ltr'>ts,</span> <span class='ocrx_word' id='word_1_116' title='bbox 824 1853 883 1913; x_wconf 84' lang='lat' dir='ltr'>Sed</span> <span class='ocrx_word' id='word_1_117' title='bbox 902 1871 1061 1990; x_wconf 78' lang='lat' dir='ltr'>perpetum,</span> <span class='ocrx_word' id='word_1_118' title='bbox 1077 1851 1146 1929; x_wconf 84' lang='lat' dir='ltr'>quis</span> <span class='ocrx_word' id='word_1_119' title='bbox 1159 1851 1292 1912; x_wconf 80' lang='lat' dir='ltr'>Christus</span> <span class='ocrx_word' id='word_1_120' title='bbox 1312 1872 1448 1930; x_wconf 69' lang='lat' dir='ltr'>praecep-</span> 
     </span>
    </p>

    <p class='ocr_par' dir='ltr' id='par_1_14' title="bbox 237 1931 1448 2091">
     <span class='ocr_line' id='line_1_15' title="bbox 237 1931 1448 2011; baseline 0.001 -19"><span class='ocrx_word' id='word_1_121' title='bbox 237 1940 300 1992; x_wconf 89' lang='lat' dir='ltr'>tum</span> <span class='ocrx_word' id='word_1_122' title='bbox 313 1933 447 2011; x_wconf 88' lang='lat' dir='ltr'>quintum</span> <span class='ocrx_word' id='word_1_123' title='bbox 463 1933 517 1993; x_wconf 91' lang='lat' dir='ltr'>sub</span> <span class='ocrx_word' id='word_1_124' title='bbox 538 1933 666 1994; x_wconf 82' lang='lat' dir='ltr'>secunda</span> <span class='ocrx_word' id='word_1_125' title='bbox 679 1933 779 1994; x_wconf 85' lang='lat' dir='ltr'>tabula</span> <span class='ocrx_word' id='word_1_126' title='bbox 793 1953 908 2011; x_wconf 87' lang='lat' dir='ltr'>compre</span> <span class='ocrx_word' id='word_1_127' title='bbox 929 1931 1018 2007; x_wconf 85' lang='lat' dir='ltr'>ondit,</span> <span class='ocrx_word' id='word_1_128' title='bbox 1034 1931 1119 1990; x_wconf 86' lang='lat' dir='ltr'>Matt.</span> <span class='ocrx_word' id='word_1_129' title='bbox 1134 1931 1197 1990; x_wconf 87' lang='lat' dir='ltr'>xix.</span> <span class='ocrx_word' id='word_1_130' title='bbox 1214 1933 1260 2006; x_wconf 88' lang='lat'>18,</span> <span class='ocrx_word' id='word_1_131' title='bbox 1275 1940 1305 1991; x_wconf 88' lang='lat' dir='ltr'>et</span> <span class='ocrx_word' id='word_1_132' title='bbox 1320 1931 1448 2007; x_wconf 84' lang='lat' dir='ltr'>Paulus,</span> 
     </span>
     <span class='ocr_line' id='line_1_16' title="bbox 238 2010 1447 2091; baseline 0.002 -21"><span class='ocrx_word' id='word_1_133' title='bbox 238 2011 314 2090; x_wconf 85' lang='lat' dir='ltr'>Eph.</span> <span class='ocrx_word' id='word_1_134' title='bbox 329 2013 369 2072; x_wconf 84' lang='lat' dir='ltr'>vi.</span> <span class='ocrx_word' id='word_1_135' title='bbox 384 2016 412 2088; x_wconf 76' lang='lat'>1,</span> <span class='ocrx_word' id='word_1_136' title='bbox 428 2012 498 2072; x_wconf 90' lang='lat' dir='ltr'>dum</span> <span class='ocrx_word' id='word_1_137' title='bbox 508 2021 594 2073; x_wconf 84' lang='lat' dir='ltr'>vocat</span> <span class='ocrx_word' id='word_1_138' title='bbox 607 2013 732 2091; x_wconf 89' lang='lat' dir='ltr'>primum</span> <span class='ocrx_word' id='word_1_139' title='bbox 745 2013 914 2072; x_wconf 82' lang='lat' dir='ltr'>mendstum</span> <span class='ocrx_word' id='word_1_140' title='bbox 925 2031 991 2074; x_wconf 90' lang='lat' dir='ltr'>cum</span> <span class='ocrx_word' id='word_1_141' title='bbox 1003 2010 1192 2090; x_wconf 81' lang='lat' dir='ltr'>promissione</span> <span class='ocrx_word' id='word_1_142' title='bbox 1207 2011 1344 2072; x_wconf 72' lang='lat' dir='ltr'>secundm</span> <span class='ocrx_word' id='word_1_143' title='bbox 1357 2013 1447 2072; x_wconf 83' lang='lat' dir='ltr'>tebu-</span> 
     </span>
    </p>
   </div>
   <div class='ocr_carea' id='block_1_6' title="bbox 236 2090 1547 2170">
    <p class='ocr_par' dir='ltr' id='par_1_15' title="bbox 236 2090 1547 2170">
     <span class='ocr_line' id='line_1_17' title="bbox 236 2090 1547 2170; baseline 0.005 -22"><span class='ocrx_word' id='word_1_144' title='bbox 236 2091 293 2151; x_wconf 80' lang='lat' dir='ltr'>lae:</span> <span class='ocrx_word' id='word_1_145' title='bbox 326 2092 402 2150; x_wconf 84' lang='lat' dir='ltr'>Nam</span> <span class='ocrx_word' id='word_1_146' title='bbox 420 2091 451 2149; x_wconf 90' lang='lat' dir='ltr'>in</span> <span class='ocrx_word' id='word_1_147' title='bbox 464 2092 558 2170; x_wconf 84' lang='lat' dir='ltr'>prims</span> <span class='ocrx_word' id='word_1_148' title='bbox 570 2092 722 2169; x_wconf 89' lang='lat' dir='ltr'>promissio</span> <span class='ocrx_word' id='word_1_149' title='bbox 736 2091 821 2151; x_wconf 87' lang='lat' dir='ltr'>datur</span> <span class='ocrx_word' id='word_1_150' title='bbox 840 2092 983 2168; x_wconf 77' lang='lat' dir='ltr'>secund03</span> <span class='ocrx_word' id='word_1_151' title='bbox 1014 2091 1054 2150; x_wconf 87' lang='lat' dir='ltr'>Et</span> <span class='ocrx_word' id='word_1_152' title='bbox 1066 2091 1109 2150; x_wconf 87' lang='lat' dir='ltr'>rei</span> <span class='ocrx_word' id='word_1_153' title='bbox 1126 2099 1230 2151; x_wconf 80' lang='lat' dir='ltr'>natura</span> <span class='ocrx_word' id='word_1_154' title='bbox 1242 2090 1298 2150; x_wconf 94' lang='lat' dir='ltr'>hoc</span> <span class='ocrx_word' id='word_1_155' title='bbox 1312 2092 1448 2169; x_wconf 79' lang='lat' dir='ltr'>evincit3</span> <span class='ocrx_word' id='word_1_156' title='bbox 1546 2127 1547 2130; x_wconf 34' lang='lat'>¹</span> 
     </span>
    </p>
   </div>
   <div class='ocr_carea' id='block_1_7' title="bbox 237 2170 1449 2488">
    <p class='ocr_par' dir='ltr' id='par_1_16' title="bbox 237 2170 1449 2328">
     <span class='ocr_line' id='line_1_18' title="bbox 237 2170 1449 2250; baseline 0.003 -22"><span class='ocrx_word' id='word_1_157' title='bbox 237 2170 306 2246; x_wconf 88' lang='lat' dir='ltr'>quia</span> <span class='ocrx_word' id='word_1_158' title='bbox 319 2170 377 2228; x_wconf 85' lang='lat' dir='ltr'>alia</span> <span class='ocrx_word' id='word_1_159' title='bbox 391 2179 459 2229; x_wconf 90' lang='lat' dir='ltr'>sunt</span> <span class='ocrx_word' id='word_1_160' title='bbox 472 2171 620 2248; x_wconf 77' lang='lat' dir='ltr'>religionis</span> <span class='ocrx_word' id='word_1_161' title='bbox 640 2171 733 2230; x_wconf 85' lang='lat' dir='ltr'>officia</span> <span class='ocrx_word' id='word_1_162' title='bbox 753 2189 822 2248; x_wconf 83' lang='lat' dir='ltr'>erga</span> <span class='ocrx_word' id='word_1_163' title='bbox 837 2171 941 2248; x_wconf 84' lang='lat' dir='ltr'>Deum,</span> <span class='ocrx_word' id='word_1_164' title='bbox 956 2191 1021 2250; x_wconf 87' lang='lat' dir='ltr'>quse</span> <span class='ocrx_word' id='word_1_165' title='bbox 1041 2171 1142 2248; x_wconf 82' lang='lat' dir='ltr'>prims,</span> <span class='ocrx_word' id='word_1_166' title='bbox 1163 2171 1221 2231; x_wconf 81' lang='lat' dir='ltr'>alia</span> <span class='ocrx_word' id='word_1_167' title='bbox 1241 2171 1391 2232; x_wconf 75' lang='lat' dir='ltr'>charitatis</span> <span class='ocrx_word' id='word_1_168' title='bbox 1414 2182 1449 2232; x_wconf 89' lang='lat' dir='ltr'>et</span> 
     </span>
     <span class='ocr_line' id='line_1_19' title="bbox 240 2249 1080 2328; baseline 0.002 -20"><span class='ocrx_word' id='word_1_169' title='bbox 240 2249 335 2308; x_wconf 90' lang='lat' dir='ltr'>cultus</span> <span class='ocrx_word' id='word_1_170' title='bbox 349 2268 420 2326; x_wconf 81' lang='lat' dir='ltr'>erge</span> <span class='ocrx_word' id='word_1_171' title='bbox 435 2249 612 2327; x_wconf 73' lang='lat' dir='ltr'>Superiores,</span> <span class='ocrx_word' id='word_1_172' title='bbox 628 2270 693 2328; x_wconf 82' lang='lat' dir='ltr'>quse</span> <span class='ocrx_word' id='word_1_173' title='bbox 708 2250 834 2310; x_wconf 76' lang='lat' dir='ltr'>soconda</span> <span class='ocrx_word' id='word_1_174' title='bbox 847 2251 1080 2327; x_wconf 79' lang='lat' dir='ltr'>praescribuntur.</span> 
     </span>
    </p>

    <p class='ocr_par' dir='ltr' id='par_1_17' title="bbox 238 2327 1445 2488">
     <span class='ocr_line' id='line_1_20' title="bbox 279 2327 1445 2409; baseline 0.004 -24"><span class='ocrx_word' id='word_1_175' title='bbox 279 2328 339 2387; x_wconf 93' lang='grc' dir='ltr'>ΠΙ.</span> <span class='ocrx_word' id='word_1_176' title='bbox 362 2327 424 2386; x_wconf 84' lang='lat' dir='ltr'>Alii</span> <span class='ocrx_word' id='word_1_177' title='bbox 431 2329 532 2406; x_wconf 83' lang='lat' dir='ltr'>primae</span> <span class='ocrx_word' id='word_1_178' title='bbox 542 2329 648 2389; x_wconf 83' lang='lat' dir='ltr'>tebulae</span> <span class='ocrx_word' id='word_1_179' title='bbox 659 2330 714 2388; x_wconf 84' lang='lat' dir='ltr'>trie</span> <span class='ocrx_word' id='word_1_180' title='bbox 728 2330 821 2388; x_wconf 92' lang='lat' dir='ltr'>solum</span> <span class='ocrx_word' id='word_1_181' title='bbox 830 2331 980 2408; x_wconf 81' lang='lat' dir='ltr'>assignant</span> <span class='ocrx_word' id='word_1_182' title='bbox 992 2337 1144 2409; x_wconf 74' lang='lat' dir='ltr'>precepta,</span> <span class='ocrx_word' id='word_1_183' title='bbox 1155 2330 1279 2408; x_wconf 88' lang='lat' dir='ltr'>primum</span> <span class='ocrx_word' id='word_1_184' title='bbox 1293 2337 1324 2390; x_wconf 86' lang='lat' dir='ltr'>et</span> <span class='ocrx_word' id='word_1_185' title='bbox 1337 2351 1445 2390; x_wconf 85' lang='lat' dir='ltr'>sccun-</span> 
     </span>
     <span class='ocr_line' id='line_1_21' title="bbox 238 2406 1444 2488; baseline 0.002 -21"><span class='ocrx_word' id='word_1_186' title='bbox 238 2406 307 2468; x_wconf 90' lang='lat' dir='ltr'>dum</span> <span class='ocrx_word' id='word_1_187' title='bbox 321 2408 352 2466; x_wconf 89' lang='lat' dir='ltr'>in</span> <span class='ocrx_word' id='word_1_188' title='bbox 365 2427 456 2468; x_wconf 90' lang='lat' dir='ltr'>unum</span> <span class='ocrx_word' id='word_1_189' title='bbox 470 2409 658 2487; x_wconf 87' lang='lat' dir='ltr'>conjiciendo,</span> <span class='ocrx_word' id='word_1_190' title='bbox 669 2418 699 2469; x_wconf 88' lang='lat' dir='ltr'>et</span> <span class='ocrx_word' id='word_1_191' title='bbox 712 2409 855 2469; x_wconf 85' lang='lat' dir='ltr'>decimum</span> <span class='ocrx_word' id='word_1_192' title='bbox 869 2411 900 2468; x_wconf 90' lang='lat' dir='ltr'>in</span> <span class='ocrx_word' id='word_1_193' title='bbox 910 2410 968 2470; x_wconf 94' lang='lat' dir='ltr'>duo</span> <span class='ocrx_word' id='word_1_194' title='bbox 980 2410 1154 2486; x_wconf 83' lang='lat' dir='ltr'>divellendo,</span> <span class='ocrx_word' id='word_1_195' title='bbox 1164 2429 1230 2488; x_wconf 84' lang='lat' dir='ltr'>quse</span> <span class='ocrx_word' id='word_1_196' title='bbox 1243 2409 1298 2470; x_wconf 82' lang='lat' dir='ltr'>fuit</span> <span class='ocrx_word' id='word_1_197' title='bbox 1306 2411 1444 2472; x_wconf 82' lang='lat' dir='ltr'>Clemen-</span> 
     </span>
    </p>
   </div>
   <div class='ocr_carea' id='block_1_8' title="bbox 117 2486 1444 2570">
    <p class='ocr_par' dir='ltr' id='par_1_18' title="bbox 117 2486 1444 2570">
     <span class='ocr_line' id='line_1_22' title="bbox 117 2486 1444 2570; baseline 0.005 -24"><span class='ocrx_word' id='word_1_198' title='bbox 117 2553 122 2564; x_wconf 34' lang='grc' dir='ltr'>Ι</span> <span class='ocrx_word' id='word_1_199' title='bbox 238 2487 277 2546; x_wconf 88' lang='lat' dir='ltr'>tis</span> <span class='ocrx_word' id='word_1_200' title='bbox 293 2486 453 2547; x_wconf 79' lang='lat' dir='ltr'>Alexandr.</span> <span class='ocrx_word' id='word_1_201' title='bbox 474 2488 600 2566; x_wconf 83' lang='lat' dir='ltr'>partitio,</span> <span class='ocrx_word' id='word_1_202' title='bbox 622 2489 673 2548; x_wconf 93' lang='lat' dir='ltr'>lib.</span> <span class='ocrx_word' id='word_1_203' title='bbox 688 2489 728 2549; x_wconf 82' lang='lat' dir='ltr'>vi.</span> <span class='ocrx_word' id='word_1_204' title='bbox 745 2489 868 2550; x_wconf 82' lang='lat' dir='ltr'>Stroms.</span> <span class='ocrx_word' id='word_1_205' title='bbox 890 2499 920 2550; x_wconf 89' lang='lat' dir='ltr'>et</span> <span class='ocrx_word' id='word_1_206' title='bbox 933 2490 1013 2568; x_wconf 85' lang='lat' dir='ltr'>Aug.</span> <span class='ocrx_word' id='word_1_207' title='bbox 1028 2510 1058 2567; x_wconf 92' lang='lat' dir='ltr'>q.</span> <span class='ocrx_word' id='word_1_208' title='bbox 1077 2492 1116 2549; x_wconf 79' lang='lat'>71</span> <span class='ocrx_word' id='word_1_209' title='bbox 1137 2491 1168 2548; x_wconf 87' lang='lat' dir='ltr'>in</span> <span class='ocrx_word' id='word_1_210' title='bbox 1183 2490 1278 2550; x_wconf 83' lang='lat' dir='ltr'>Exod</span> <span class='ocrx_word' id='word_1_211' title='bbox 1300 2499 1330 2549; x_wconf 88' lang='lat' dir='ltr'>et</span> <span class='ocrx_word' id='word_1_212' title='bbox 1344 2490 1444 2570; x_wconf 80' lang='lat' dir='ltr'>Epist.</span> 
     </span>
    </p>
   </div>
   <div class='ocr_carea' id='block_1_9' title="bbox 231 2566 1446 4728">
    <p class='ocr_par' dir='ltr' id='par_1_19' title="bbox 234 2566 1446 3582">
     <span class='ocr_line' id='line_1_23' title="bbox 241 2566 1445 2649; baseline 0.005 -25"><span class='ocrx_word' id='word_1_213' title='bbox 241 2569 307 2644; x_wconf 83' lang='lat'>119,</span> <span class='ocrx_word' id='word_1_214' title='bbox 323 2566 361 2626; x_wconf 86' lang='lat' dir='ltr'>ad</span> <span class='ocrx_word' id='word_1_215' title='bbox 382 2567 499 2639; x_wconf 79' lang='lat' dir='ltr'>anua,</span> <span class='ocrx_word' id='word_1_216' title='bbox 514 2588 601 2645; x_wconf 82' lang='lat' dir='ltr'>quum</span> <span class='ocrx_word' id='word_1_217' title='bbox 624 2576 783 2646; x_wconf 88' lang='lat' dir='ltr'>sequuntur</span> <span class='ocrx_word' id='word_1_218' title='bbox 797 2569 952 2646; x_wconf 88' lang='lat' dir='ltr'>Pontifioii,</span> <span class='ocrx_word' id='word_1_219' title='bbox 974 2579 1004 2629; x_wconf 84' lang='lat' dir='ltr'>et</span> <span class='ocrx_word' id='word_1_220' title='bbox 1018 2569 1186 2630; x_wconf 83' lang='lat' dir='ltr'>Luthcreui.</span> <span class='ocrx_word' id='word_1_221' title='bbox 1229 2569 1292 2628; x_wconf 84' lang='lat' dir='ltr'>Alii</span> <span class='ocrx_word' id='word_1_222' title='bbox 1312 2570 1445 2649; x_wconf 86' lang='lat' dir='ltr'>deniqne</span> 
     </span>
     <span class='ocr_line' id='line_1_24' title="bbox 238 2646 1446 2728; baseline 0.005 -23"><span class='ocrx_word' id='word_1_223' title='bbox 238 2647 338 2725; x_wconf 86' lang='lat' dir='ltr'>primus</span> <span class='ocrx_word' id='word_1_224' title='bbox 358 2646 465 2707; x_wconf 74' lang='lat' dir='ltr'>tabula</span> <span class='ocrx_word' id='word_1_225' title='bbox 484 2656 608 2726; x_wconf 82' lang='lat' dir='ltr'>quatuor</span> <span class='ocrx_word' id='word_1_226' title='bbox 631 2648 789 2726; x_wconf 79' lang='lat' dir='ltr'>vindicant,</span> <span class='ocrx_word' id='word_1_227' title='bbox 811 2649 945 2710; x_wconf 71' lang='lat' dir='ltr'>secundm</span> <span class='ocrx_word' id='word_1_228' title='bbox 965 2669 1036 2709; x_wconf 85' lang='lat' dir='ltr'>vero</span> <span class='ocrx_word' id='word_1_229' title='bbox 1061 2668 1121 2726; x_wconf 82' lang='lat' dir='ltr'>sex,</span> <span class='ocrx_word' id='word_1_230' title='bbox 1144 2669 1209 2728; x_wconf 83' lang='lat' dir='ltr'>quse</span> <span class='ocrx_word' id='word_1_231' title='bbox 1230 2651 1375 2710; x_wconf 83' lang='lat' dir='ltr'>sententie</span> <span class='ocrx_word' id='word_1_232' title='bbox 1395 2661 1446 2711; x_wconf 90' lang='lat' dir='ltr'>est</span> 
     </span>
     <span class='ocr_line' id='line_1_25' title="bbox 239 2727 1443 2808; baseline 0.005 -24"><span class='ocrx_word' id='word_1_233' title='bbox 239 2727 440 2806; x_wconf 83' lang='lat' dir='ltr'>Parsphrastis</span> <span class='ocrx_word' id='word_1_234' title='bbox 450 2727 578 2788; x_wconf 82' lang='lat' dir='ltr'>Cheldaei</span> <span class='ocrx_word' id='word_1_235' title='bbox 586 2729 617 2787; x_wconf 91' lang='lat' dir='ltr'>in</span> <span class='ocrx_word' id='word_1_236' title='bbox 630 2728 725 2789; x_wconf 83' lang='lat' dir='ltr'>Exod.</span> <span class='ocrx_word' id='word_1_237' title='bbox 734 2749 785 2788; x_wconf 83' lang='lat' dir='ltr'>xx.</span> <span class='ocrx_word' id='word_1_238' title='bbox 795 2737 825 2788; x_wconf 87' lang='lat' dir='ltr'>ct</span> <span class='ocrx_word' id='word_1_239' title='bbox 834 2731 1038 2808; x_wconf 88' lang='lat' dir='ltr'>plerorumque</span> <span class='ocrx_word' id='word_1_240' title='bbox 1048 2729 1176 2806; x_wconf 74' lang='lat' dir='ltr'>Petrum,</span> <span class='ocrx_word' id='word_1_241' title='bbox 1188 2729 1331 2807; x_wconf 84' lang='lat' dir='ltr'>Origenis,</span> <span class='ocrx_word' id='word_1_242' title='bbox 1344 2731 1443 2790; x_wconf 83' lang='lat' dir='ltr'>Atha·</span> 
     </span>
     <span class='ocr_line' id='line_1_26' title="bbox 239 2806 1444 2887; baseline 0.003 -21"><span class='ocrx_word' id='word_1_243' title='bbox 239 2806 322 2882; x_wconf 83' lang='lat' dir='ltr'>nasii,</span> <span class='ocrx_word' id='word_1_244' title='bbox 348 2806 505 2884; x_wconf 85' lang='lat' dir='ltr'>Ambrosii,</span> <span class='ocrx_word' id='word_1_245' title='bbox 521 2808 728 2886; x_wconf 73' lang='lat' dir='ltr'>chrysostomi,</span> <span class='ocrx_word' id='word_1_246' title='bbox 749 2816 779 2868; x_wconf 90' lang='lat' dir='ltr'>et</span> <span class='ocrx_word' id='word_1_247' title='bbox 797 2808 927 2886; x_wconf 84' lang='lat' dir='ltr'>aliorum,</span> <span class='ocrx_word' id='word_1_248' title='bbox 943 2829 1031 2887; x_wconf 86' lang='lat' dir='ltr'>quam</span> <span class='ocrx_word' id='word_1_249' title='bbox 1049 2817 1079 2868; x_wconf 89' lang='lat' dir='ltr'>et</span> <span class='ocrx_word' id='word_1_250' title='bbox 1095 2829 1150 2870; x_wconf 89' lang='lat' dir='ltr'>nos</span> <span class='ocrx_word' id='word_1_251' title='bbox 1171 2811 1326 2887; x_wconf 82' lang='lat' dir='ltr'>sequimur.</span> <span class='ocrx_word' id='word_1_252' title='bbox 1372 2811 1444 2870; x_wconf 86' lang='lat' dir='ltr'>Hoc</span> 
     </span>
     <span class='ocr_line' id='line_1_27' title="bbox 239 2887 1446 2968; baseline 0.003 -22"><span class='ocrx_word' id='word_1_253' title='bbox 239 2893 353 2947; x_wconf 81' lang='lat' dir='ltr'>tantum</span> <span class='ocrx_word' id='word_1_254' title='bbox 366 2887 554 2948; x_wconf 84' lang='lat' dir='ltr'>observamus</span> <span class='ocrx_word' id='word_1_255' title='bbox 567 2909 633 2948; x_wconf 91' lang='lat' dir='ltr'>cum</span> <span class='ocrx_word' id='word_1_256' title='bbox 647 2887 770 2964; x_wconf 80' lang='lat' dir='ltr'>Nostris,</span> <span class='ocrx_word' id='word_1_257' title='bbox 790 2889 878 2949; x_wconf 89' lang='lat' dir='ltr'>talem</span> <span class='ocrx_word' id='word_1_258' title='bbox 897 2909 960 2950; x_wconf 87' lang='lat' dir='ltr'>esse</span> <span class='ocrx_word' id='word_1_259' title='bbox 982 2889 1208 2950; x_wconf 75' lang='lat' dir='ltr'>controversiam</span> <span class='ocrx_word' id='word_1_260' title='bbox 1221 2889 1315 2964; x_wconf 81' lang='lat' dir='ltr'>istum,</span> <span class='ocrx_word' id='word_1_261' title='bbox 1330 2889 1369 2949; x_wconf 87' lang='lat' dir='ltr'>do</span> <span class='ocrx_word' id='word_1_262' title='bbox 1382 2910 1446 2968; x_wconf 79' lang='lat' dir='ltr'>qna</span> 
     </span>
     <span class='ocr_line' id='line_1_28' title="bbox 239 2967 1444 3046; baseline 0.002 -20"><span class='ocrx_word' id='word_1_263' title='bbox 239 2979 305 3026; x_wconf 90' lang='lat' dir='ltr'>eum</span> <span class='ocrx_word' id='word_1_264' title='bbox 319 2987 464 3046; x_wconf 86' lang='lat' dir='ltr'>quoquam</span> <span class='ocrx_word' id='word_1_265' title='bbox 484 2968 582 3029; x_wconf 88' lang='lat' dir='ltr'>odiose</span> <span class='ocrx_word' id='word_1_266' title='bbox 602 2977 632 3030; x_wconf 89' lang='lat' dir='ltr'>et</span> <span class='ocrx_word' id='word_1_267' title='bbox 647 2967 831 3046; x_wconf 83' lang='lat' dir='ltr'>pertinaciter</span> <span class='ocrx_word' id='word_1_268' title='bbox 851 2989 910 3029; x_wconf 92' lang='lat' dir='ltr'>non</span> <span class='ocrx_word' id='word_1_269' title='bbox 932 2970 971 3029; x_wconf 89' lang='lat' dir='ltr'>sit</span> <span class='ocrx_word' id='word_1_270' title='bbox 987 2969 1227 3045; x_wconf 89' lang='lat' dir='ltr'>contendendum,</span> <span class='ocrx_word' id='word_1_271' title='bbox 1248 2969 1336 3028; x_wconf 92' lang='lat' dir='ltr'>modo</span> <span class='ocrx_word' id='word_1_272' title='bbox 1357 2971 1444 3030; x_wconf 83' lang='lat' dir='ltr'>selva</span> 
     </span>
     <span class='ocr_line' id='line_1_29' title="bbox 238 3049 1441 3128; baseline 0.005 -22"><span class='ocrx_word' id='word_1_273' title='bbox 238 3055 353 3107; x_wconf 87' lang='lat' dir='ltr'>maneat</span> <span class='ocrx_word' id='word_1_274' title='bbox 377 3049 466 3109; x_wconf 86' lang='lat' dir='ltr'>totius</span> <span class='ocrx_word' id='word_1_275' title='bbox 489 3049 631 3128; x_wconf 81' lang='lat' dir='ltr'>Decelogi</span> <span class='ocrx_word' id='word_1_276' title='bbox 649 3049 788 3125; x_wconf 67' lang='lat' dir='ltr'>doctrina</span> <span class='ocrx_word' id='word_1_277' title='bbox 813 3068 867 3108; x_wconf 87' lang='lat' dir='ltr'>neo</span> <span class='ocrx_word' id='word_1_278' title='bbox 887 3049 1035 3109; x_wconf 86' lang='lat' dir='ltr'>mutiletur</span> <span class='ocrx_word' id='word_1_279' title='bbox 1054 3056 1263 3127; x_wconf 70' lang='lat' dir='ltr'>preceptorum</span> <span class='ocrx_word' id='word_1_280' title='bbox 1283 3069 1441 3127; x_wconf 87' lang='lat' dir='ltr'>numerns;</span> 
     </span>
     <span class='ocr_line' id='line_1_30' title="bbox 239 3126 1442 3207; baseline 0.004 -22"><span class='ocrx_word' id='word_1_281' title='bbox 239 3126 325 3202; x_wconf 87' lang='lat' dir='ltr'>Quod</span> <span class='ocrx_word' id='word_1_282' title='bbox 338 3127 448 3188; x_wconf 79' lang='lat' dir='ltr'>faciunt</span> <span class='ocrx_word' id='word_1_283' title='bbox 460 3129 509 3188; x_wconf 90' lang='lat' dir='ltr'>bio</span> <span class='ocrx_word' id='word_1_284' title='bbox 530 3129 685 3204; x_wconf 87' lang='lat' dir='ltr'>Pontificii,</span> <span class='ocrx_word' id='word_1_285' title='bbox 700 3128 751 3207; x_wconf 93' lang='lat' dir='ltr'>qui</span> <span class='ocrx_word' id='word_1_286' title='bbox 771 3129 930 3188; x_wconf 89' lang='lat' dir='ltr'>secundum</span> <span class='ocrx_word' id='word_1_287' title='bbox 944 3129 1170 3206; x_wconf 76' lang='lat' dir='ltr'>praeceptumde</span> <span class='ocrx_word' id='word_1_288' title='bbox 1185 3129 1368 3207; x_wconf 66' lang='lat' dir='ltr'>sculptilibus</span> <span class='ocrx_word' id='word_1_289' title='bbox 1389 3131 1442 3190; x_wconf 86' lang='lat' dir='ltr'>ad·</span> 
     </span>
     <span class='ocr_line' id='line_1_31' title="bbox 234 3206 1442 3288; baseline 0.004 -23"><span class='ocrx_word' id='word_1_290' title='bbox 234 3206 364 3283; x_wconf 76' lang='lat' dir='ltr'>jungtmt</span> <span class='ocrx_word' id='word_1_291' title='bbox 377 3208 469 3282; x_wconf 88' lang='lat' dir='ltr'>primo</span> <span class='ocrx_word' id='word_1_292' title='bbox 484 3207 521 3266; x_wconf 87' lang='lat' dir='ltr'>de</span> <span class='ocrx_word' id='word_1_293' title='bbox 540 3209 577 3266; x_wconf 90' lang='lat' dir='ltr'>iis</span> <span class='ocrx_word' id='word_1_294' title='bbox 597 3207 700 3267; x_wconf 80' lang='lat' dir='ltr'>alienis</span> <span class='ocrx_word' id='word_1_295' title='bbox 718 3227 778 3267; x_wconf 90' lang='lat' dir='ltr'>non</span> <span class='ocrx_word' id='word_1_296' title='bbox 797 3207 948 3284; x_wconf 82' lang='lat' dir='ltr'>habendis,</span> <span class='ocrx_word' id='word_1_297' title='bbox 963 3209 1047 3286; x_wconf 89' lang='lat' dir='ltr'>quasi</span> <span class='ocrx_word' id='word_1_298' title='bbox 1065 3217 1142 3270; x_wconf 86' lang='lat' dir='ltr'>osset</span> <span class='ocrx_word' id='word_1_299' title='bbox 1159 3217 1271 3270; x_wconf 80' lang='lat' dir='ltr'>tautum</span> <span class='ocrx_word' id='word_1_300' title='bbox 1292 3211 1442 3288; x_wconf 79' lang='lat' dir='ltr'>appendix</span> 
     </span>
     <span class='ocr_line' id='line_1_32' title="bbox 237 3285 1442 3368; baseline 0.007 -26"><span class='ocrx_word' id='word_1_301' title='bbox 237 3286 287 3342; x_wconf 88' lang='lat' dir='ltr'>vel</span> <span class='ocrx_word' id='word_1_302' title='bbox 301 3285 457 3361; x_wconf 77' lang='lat' dir='ltr'>explicatio</span> <span class='ocrx_word' id='word_1_303' title='bbox 476 3285 580 3362; x_wconf 88' lang='lat' dir='ltr'>primi;</span> <span class='ocrx_word' id='word_1_304' title='bbox 610 3287 675 3344; x_wconf 91' lang='lat' dir='ltr'>Imo</span> <span class='ocrx_word' id='word_1_305' title='bbox 689 3295 719 3345; x_wconf 88' lang='lat' dir='ltr'>et</span> <span class='ocrx_word' id='word_1_306' title='bbox 739 3305 906 3364; x_wconf 86' lang='lat' dir='ltr'>expungere</span> <span class='ocrx_word' id='word_1_307' title='bbox 928 3288 1022 3348; x_wconf 88' lang='lat' dir='ltr'>solent</span> <span class='ocrx_word' id='word_1_308' title='bbox 1042 3309 1080 3348; x_wconf 85' lang='lat' dir='ltr'>ex</span> <span class='ocrx_word' id='word_1_309' title='bbox 1095 3289 1262 3364; x_wconf 77' lang='lat' dir='ltr'>Brevioriis,</span> <span class='ocrx_word' id='word_1_310' title='bbox 1277 3309 1314 3349; x_wconf 90' lang='lat' dir='ltr'>ne</span> <span class='ocrx_word' id='word_1_311' title='bbox 1330 3292 1442 3368; x_wconf 87' lang='lat' dir='ltr'>populo</span> 
     </span>
     <span class='ocr_line' id='line_1_33' title="bbox 237 3361 1442 3443; baseline 0.007 -22"><span class='ocrx_word' id='word_1_312' title='bbox 237 3361 417 3439; x_wconf 86' lang='lat' dir='ltr'>innotescet;</span> <span class='ocrx_word' id='word_1_313' title='bbox 439 3384 505 3443; x_wconf 86' lang='lat' dir='ltr'>quse</span> <span class='ocrx_word' id='word_1_314' title='bbox 519 3384 605 3424; x_wconf 86' lang='lat' dir='ltr'>causa</span> <span class='ocrx_word' id='word_1_315' title='bbox 624 3364 688 3440; x_wconf 80' lang='lat' dir='ltr'>fuit,</span> <span class='ocrx_word' id='word_1_316' title='bbox 703 3373 736 3424; x_wconf 90' lang='lat' dir='ltr'>ut</span> <span class='ocrx_word' id='word_1_317' title='bbox 749 3364 867 3442; x_wconf 85' lang='lat' dir='ltr'>quidam</span> <span class='ocrx_word' id='word_1_318' title='bbox 881 3386 919 3425; x_wconf 89' lang='lat' dir='ltr'>ex</span> <span class='ocrx_word' id='word_1_319' title='bbox 932 3368 1038 3428; x_wconf 81' lang='lat' dir='ltr'>nostris</span> <span class='ocrx_word' id='word_1_320' title='bbox 1050 3369 1154 3430; x_wconf 84' lang='lat' dir='ltr'>fortius</span> <span class='ocrx_word' id='word_1_321' title='bbox 1166 3368 1339 3429; x_wconf 82' lang='lat' dir='ltr'>divisionem</span> <span class='ocrx_word' id='word_1_322' title='bbox 1352 3369 1442 3430; x_wconf 81' lang='lat' dir='ltr'>istam</span> 
     </span>
     <span class='ocr_line' id='line_1_34' title="bbox 237 3443 1441 3580; baseline 0.007 -78"><span class='ocrx_word' id='word_1_323' title='bbox 237 3443 460 3580; x_wconf 53' lang='lat' dir='ltr'>exegitpverint,</span> <span class='ocrx_word' id='word_1_324' title='bbox 489 3451 520 3503; x_wconf 92' lang='lat' dir='ltr'>et</span> <span class='ocrx_word' id='word_1_325' title='bbox 546 3444 696 3504; x_wconf 82' lang='lat' dir='ltr'>sententies</span> <span class='ocrx_word' id='word_1_326' title='bbox 726 3452 849 3522; x_wconf 74' lang='lat' dir='ltr'>receptes</span> <span class='ocrx_word' id='word_1_327' title='bbox 876 3445 1059 3524; x_wconf 74' lang='lat' dir='ltr'>adhaesednt,</span> <span class='ocrx_word' id='word_1_328' title='bbox 1091 3449 1137 3508; x_wconf 88' lang='lat' dir='ltr'>his</span> <span class='ocrx_word' id='word_1_329' title='bbox 1166 3449 1349 3528; x_wconf 88' lang='lat' dir='ltr'>potissimum</span> <span class='ocrx_word' id='word_1_330' title='bbox 1375 3451 1441 3510; x_wconf 84' lang='lat' dir='ltr'>nixi</span> 
     </span>
     <span class='ocr_line' id='line_1_35' title="bbox 240 3523 410 3582; baseline 0.012 -2"><span class='ocrx_word' id='word_1_331' title='bbox 240 3523 346 3581; x_wconf 79' lang='lat' dir='ltr'>rationi</span> <span class='ocrx_word' id='word_1_332' title='bbox 367 3541 410 3582; x_wconf 95' lang='lat' dir='ltr'>us.</span> 
     </span>
    </p>

    <p class='ocr_par' dir='ltr' id='par_1_20' title="bbox 233 3601 1443 4482">
     <span class='ocr_line' id='line_1_36' title="bbox 278 3601 1442 3684; baseline 0.009 -25"><span class='ocrx_word' id='word_1_333' title='bbox 278 3601 335 3660; x_wconf 88' lang='lat' dir='ltr'>IV.</span> <span class='ocrx_word' id='word_1_334' title='bbox 357 3601 464 3679; x_wconf 86' lang='lat' dir='ltr'>Primo,</span> <span class='ocrx_word' id='word_1_335' title='bbox 480 3602 555 3678; x_wconf 82' lang='lat' dir='ltr'>Quia</span> <span class='ocrx_word' id='word_1_336' title='bbox 567 3603 624 3664; x_wconf 91' lang='lat' dir='ltr'>nisi</span> <span class='ocrx_word' id='word_1_337' title='bbox 638 3602 743 3664; x_wconf 87' lang='lat' dir='ltr'>divisio</span> <span class='ocrx_word' id='word_1_338' title='bbox 763 3611 863 3665; x_wconf 82' lang='lat' dir='ltr'>nostra</span> <span class='ocrx_word' id='word_1_339' title='bbox 880 3606 978 3668; x_wconf 91' lang='lat' dir='ltr'>locum</span> <span class='ocrx_word' id='word_1_340' title='bbox 990 3608 1104 3684; x_wconf 77' lang='lat' dir='ltr'>hebeat,</span> <span class='ocrx_word' id='word_1_341' title='bbox 1120 3608 1333 3669; x_wconf 82' lang='lat' dir='ltr'>confundentur</span> <span class='ocrx_word' id='word_1_342' title='bbox 1345 3607 1442 3670; x_wconf 87' lang='lat' dir='ltr'>officia</span> 
     </span>
     <span class='ocr_line' id='line_1_37' title="bbox 239 3681 1443 3766; baseline 0.008 -26"><span class='ocrx_word' id='word_1_343' title='bbox 239 3681 404 3758; x_wconf 84' lang='lat' dir='ltr'>Religionis</span> <span class='ocrx_word' id='word_1_344' title='bbox 417 3701 487 3759; x_wconf 87' lang='lat' dir='ltr'>erga</span> <span class='ocrx_word' id='word_1_345' title='bbox 501 3683 605 3760; x_wconf 87' lang='lat' dir='ltr'>Deum,</span> <span class='ocrx_word' id='word_1_346' title='bbox 615 3704 680 3762; x_wconf 82' lang='lat' dir='ltr'>quae</span> <span class='ocrx_word' id='word_1_347' title='bbox 694 3684 794 3744; x_wconf 85' lang='lat' dir='ltr'>tabula</span> <span class='ocrx_word' id='word_1_348' title='bbox 806 3685 907 3763; x_wconf 85' lang='lat' dir='ltr'>prima,</span> <span class='ocrx_word' id='word_1_349' title='bbox 922 3707 988 3748; x_wconf 91' lang='lat' dir='ltr'>cum</span> <span class='ocrx_word' id='word_1_350' title='bbox 1001 3687 1103 3748; x_wconf 85' lang='lat' dir='ltr'>officiis</span> <span class='ocrx_word' id='word_1_351' title='bbox 1112 3689 1235 3766; x_wconf 76' lang='lat' dir='ltr'>justitias</span> <span class='ocrx_word' id='word_1_352' title='bbox 1249 3697 1278 3750; x_wconf 88' lang='lat' dir='ltr'>et</span> <span class='ocrx_word' id='word_1_353' title='bbox 1292 3689 1443 3750; x_wconf 80' lang='lat' dir='ltr'>charitatis</span> 
     </span>
     <span class='ocr_line' id='line_1_38' title="bbox 238 3762 1442 3847; baseline 0.009 -28"><span class='ocrx_word' id='word_1_354' title='bbox 238 3780 309 3838; x_wconf 85' lang='lat' dir='ltr'>erga</span> <span class='ocrx_word' id='word_1_355' title='bbox 330 3762 502 3839; x_wconf 86' lang='lat' dir='ltr'>proximum,</span> <span class='ocrx_word' id='word_1_356' title='bbox 518 3783 583 3840; x_wconf 77' lang='lat' dir='ltr'>quse</span> <span class='ocrx_word' id='word_1_357' title='bbox 604 3763 705 3824; x_wconf 85' lang='lat' dir='ltr'>tabule</span> <span class='ocrx_word' id='word_1_358' title='bbox 722 3765 850 3824; x_wconf 88' lang='lat' dir='ltr'>secunda</span> <span class='ocrx_word' id='word_1_359' title='bbox 870 3767 1071 3845; x_wconf 58' lang='lat' dir='ltr'>continentum</span> <span class='ocrx_word' id='word_1_360' title='bbox 1100 3769 1230 3844; x_wconf 83' lang='lat' dir='ltr'>Qustuor</span> <span class='ocrx_word' id='word_1_361' title='bbox 1250 3769 1327 3829; x_wconf 88' lang='lat' dir='ltr'>enim</span> <span class='ocrx_word' id='word_1_362' title='bbox 1346 3769 1442 3847; x_wconf 81' lang='lat' dir='ltr'>prima</span> 
     </span>
     <span class='ocr_line' id='line_1_39' title="bbox 237 3843 1441 3937; baseline 0.008 -38"><span class='ocrx_word' id='word_1_363' title='bbox 237 3850 382 3921; x_wconf 70' lang='lat' dir='ltr'>precepta</span> <span class='ocrx_word' id='word_1_364' title='bbox 407 3843 586 3937; x_wconf 74' lang='lat' dir='ltr'>religionem,</span> <span class='ocrx_word' id='word_1_365' title='bbox 612 3854 641 3904; x_wconf 91' lang='lat' dir='ltr'>et</span> <span class='ocrx_word' id='word_1_366' title='bbox 665 3843 849 3906; x_wconf 79' lang='lat' dir='ltr'>dilectionem</span> <span class='ocrx_word' id='word_1_367' title='bbox 872 3847 928 3906; x_wconf 91' lang='lat' dir='ltr'>Dei</span> <span class='ocrx_word' id='word_1_368' title='bbox 950 3856 1090 3926; x_wconf 84' lang='lat' dir='ltr'>spectant,</span> <span class='ocrx_word' id='word_1_369' title='bbox 1116 3869 1169 3910; x_wconf 86' lang='lat' dir='ltr'>sex</span> <span class='ocrx_word' id='word_1_370' title='bbox 1187 3868 1258 3910; x_wconf 85' lang='lat' dir='ltr'>vero</span> <span class='ocrx_word' id='word_1_371' title='bbox 1279 3849 1441 3928; x_wconf 83' lang='lat' dir='ltr'>posteriora</span> 
     </span>
     <span class='ocr_line' id='line_1_40' title="bbox 237 3941 1439 4085; baseline 0.007 -25"><span class='ocrx_word' id='word_1_372' title='bbox 237 3941 780 4083; x_wconf 44' lang='lat' dir='ltr'>amprperpepplppiproffuppupiaeoepmm</span> <span class='ocrx_word' id='word_1_373' title='bbox 801 4005 926 4082; x_wconf 88' lang='lat' dir='ltr'>primum</span> <span class='ocrx_word' id='word_1_374' title='bbox 950 4014 979 4066; x_wconf 87' lang='lat' dir='ltr'>et</span> <span class='ocrx_word' id='word_1_375' title='bbox 1000 4008 1167 4085; x_wconf 85' lang='lat' dir='ltr'>secundum,</span> <span class='ocrx_word' id='word_1_376' title='bbox 1190 4007 1341 4069; x_wconf 85' lang='lat' dir='ltr'>sententiis</span> <span class='ocrx_word' id='word_1_377' title='bbox 1355 4007 1439 4069; x_wconf 81' lang='lat' dir='ltr'>diffs-</span> 
     </span>
     <span class='ocr_line' id='line_1_41' title="bbox 238 4082 1441 4164; baseline 0.009 -26"><span class='ocrx_word' id='word_1_378' title='bbox 238 4089 319 4157; x_wconf 90' lang='lat' dir='ltr'>runt;</span> <span class='ocrx_word' id='word_1_379' title='bbox 337 4082 416 4160; x_wconf 84' lang='lat' dir='ltr'>Ergo</span> <span class='ocrx_word' id='word_1_380' title='bbox 425 4092 455 4143; x_wconf 90' lang='lat' dir='ltr'>et</span> <span class='ocrx_word' id='word_1_381' title='bbox 465 4085 575 4144; x_wconf 88' lang='lat' dir='ltr'>ordine.</span> <span class='ocrx_word' id='word_1_382' title='bbox 591 4085 670 4144; x_wconf 89' lang='lat' dir='ltr'>Hlud</span> <span class='ocrx_word' id='word_1_383' title='bbox 680 4093 814 4145; x_wconf 85' lang='lat' dir='ltr'>versatur</span> <span class='ocrx_word' id='word_1_384' title='bbox 823 4087 901 4146; x_wconf 87' lang='lat' dir='ltr'>circa</span> <span class='ocrx_word' id='word_1_385' title='bbox 913 4091 940 4145; x_wconf 71' lang='lat' dir='ltr'>rt</span> <span class='ocrx_word' id='word_1_386' title='bbox 953 4084 977 4146; x_wconf 76' lang='lat' dir='ltr'>&#39;is</span> <span class='ocrx_word' id='word_1_387' title='bbox 991 4107 1042 4148; x_wconf 89' lang='lat' dir='ltr'>seu</span> <span class='ocrx_word' id='word_1_388' title='bbox 1053 4090 1185 4164; x_wconf 68' lang='lat' dir='ltr'>obicem</span> <span class='ocrx_word' id='word_1_389' title='bbox 1195 4089 1299 4163; x_wconf 83' lang='lat' dir='ltr'>cultus,</span> <span class='ocrx_word' id='word_1_390' title='bbox 1308 4095 1342 4147; x_wconf 90' lang='lat' dir='ltr'>ut</span> <span class='ocrx_word' id='word_1_391' title='bbox 1350 4107 1441 4149; x_wconf 82' lang='lat' dir='ltr'>verus</span> 
     </span>
     <span class='ocr_line' id='line_1_42' title="bbox 238 4159 1439 4246; baseline 0.008 -28"><span class='ocrx_word' id='word_1_392' title='bbox 238 4159 320 4219; x_wconf 87' lang='lat' dir='ltr'>Deus</span> <span class='ocrx_word' id='word_1_393' title='bbox 333 4161 452 4236; x_wconf 90' lang='lat' dir='ltr'>colatur,</span> <span class='ocrx_word' id='word_1_394' title='bbox 469 4164 554 4224; x_wconf 88' lang='lat' dir='ltr'>Istud</span> <span class='ocrx_word' id='word_1_395' title='bbox 568 4165 644 4224; x_wconf 84' lang='lat' dir='ltr'>circe</span> <span class='ocrx_word' id='word_1_396' title='bbox 663 4170 691 4224; x_wconf 68' lang='lat' dir='ltr'>sl</span> <span class='ocrx_word' id='word_1_397' title='bbox 711 4171 777 4224; x_wconf 70' lang='grc' dir='ltr'><strong><em>ποῖον</em></strong></span> <span class='ocrx_word' id='word_1_398' title='bbox 798 4185 849 4226; x_wconf 87' lang='lat' dir='ltr'>seu</span> <span class='ocrx_word' id='word_1_399' title='bbox 869 4169 983 4226; x_wconf 81' lang='lat' dir='ltr'>modum</span> <span class='ocrx_word' id='word_1_400' title='bbox 1003 4168 1106 4243; x_wconf 87' lang='lat' dir='ltr'>cultus,</span> <span class='ocrx_word' id='word_1_401' title='bbox 1122 4176 1155 4228; x_wconf 92' lang='lat' dir='ltr'>ut</span> <span class='ocrx_word' id='word_1_402' title='bbox 1174 4187 1234 4226; x_wconf 91' lang='lat' dir='ltr'>non</span> <span class='ocrx_word' id='word_1_403' title='bbox 1254 4169 1366 4228; x_wconf 80' lang='lat' dir='ltr'>coletur</span> <span class='ocrx_word' id='word_1_404' title='bbox 1385 4187 1439 4246; x_wconf 86' lang='lat' dir='ltr'>per</span> 
     </span>
     <span class='ocr_line' id='line_1_43' title="bbox 235 4239 1439 4325; baseline 0.008 -25"><span class='ocrx_word' id='word_1_405' title='bbox 235 4239 386 4318; x_wconf 74' lang='lat' dir='ltr'>magnes.</span> <span class='ocrx_word' id='word_1_406' title='bbox 422 4241 509 4302; x_wconf 88' lang='lat' dir='ltr'>Unde</span> <span class='ocrx_word' id='word_1_407' title='bbox 522 4243 585 4304; x_wconf 87' lang='lat' dir='ltr'>fieri</span> <span class='ocrx_word' id='word_1_408' title='bbox 598 4252 694 4322; x_wconf 83' lang='lat' dir='ltr'>potest</span> <span class='ocrx_word' id='word_1_409' title='bbox 706 4254 740 4306; x_wconf 87' lang='lat' dir='ltr'>ut</span> <span class='ocrx_word' id='word_1_410' title='bbox 752 4265 843 4306; x_wconf 90' lang='lat' dir='ltr'>uuum</span> <span class='ocrx_word' id='word_1_411' title='bbox 855 4245 981 4308; x_wconf 80' lang='lat' dir='ltr'>violetur</span> <span class='ocrx_word' id='word_1_412' title='bbox 998 4267 1057 4306; x_wconf 88' lang='lat' dir='ltr'>non</span> <span class='ocrx_word' id='word_1_413' title='bbox 1070 4247 1180 4308; x_wconf 83' lang='lat' dir='ltr'>violato</span> <span class='ocrx_word' id='word_1_414' title='bbox 1198 4248 1298 4324; x_wconf 80' lang='lat' dir='ltr'>altero,</span> <span class='ocrx_word' id='word_1_415' title='bbox 1320 4247 1439 4325; x_wconf 86' lang='lat' dir='ltr'>quando</span> 
     </span>
     <span class='ocr_line' id='line_1_44' title="bbox 236 4319 1436 4405; baseline 0.007 -27"><span class='ocrx_word' id='word_1_416' title='bbox 236 4339 323 4380; x_wconf 84' lang='lat' dir='ltr'>verus</span> <span class='ocrx_word' id='word_1_417' title='bbox 338 4319 419 4382; x_wconf 86' lang='lat' dir='ltr'>Deus</span> <span class='ocrx_word' id='word_1_418' title='bbox 432 4323 537 4382; x_wconf 88' lang='lat' dir='ltr'>colitur</span> <span class='ocrx_word' id='word_1_419' title='bbox 550 4325 648 4401; x_wconf 87' lang='lat' dir='ltr'>quoad</span> <span class='ocrx_word' id='word_1_420' title='bbox 659 4326 815 4402; x_wconf 86' lang='lat' dir='ltr'>objectum,</span> <span class='ocrx_word' id='word_1_421' title='bbox 828 4326 880 4386; x_wconf 85' lang='lat' dir='ltr'>scd</span> <span class='ocrx_word' id='word_1_422' title='bbox 893 4327 973 4388; x_wconf 85' lang='lat' dir='ltr'>cultu</span> <span class='ocrx_word' id='word_1_423' title='bbox 987 4347 1046 4386; x_wconf 88' lang='lat' dir='ltr'>non</span> <span class='ocrx_word' id='word_1_424' title='bbox 1058 4327 1190 4404; x_wconf 86' lang='lat' dir='ltr'>legitimo</span> <span class='ocrx_word' id='word_1_425' title='bbox 1198 4329 1296 4405; x_wconf 87' lang='lat' dir='ltr'>quosd</span> <span class='ocrx_word' id='word_1_426' title='bbox 1309 4327 1436 4404; x_wconf 81' lang='lat' dir='ltr'>modum,</span> 
     </span>
     <span class='ocr_line' id='line_1_45' title="bbox 233 4401 1175 4482; baseline 0.006 -22"><span class='ocrx_word' id='word_1_427' title='bbox 233 4407 267 4460; x_wconf 89' lang='lat' dir='ltr'>ut</span> <span class='ocrx_word' id='word_1_428' title='bbox 281 4401 421 4461; x_wconf 77' lang='lat' dir='ltr'>Isrcclitae</span> <span class='ocrx_word' id='word_1_429' title='bbox 435 4403 485 4480; x_wconf 91' lang='lat' dir='ltr'>qui</span> <span class='ocrx_word' id='word_1_430' title='bbox 499 4403 644 4463; x_wconf 82' lang='lat' dir='ltr'>Jehovsm</span> <span class='ocrx_word' id='word_1_431' title='bbox 659 4406 793 4464; x_wconf 85' lang='lat' dir='ltr'>colebant</span> <span class='ocrx_word' id='word_1_432' title='bbox 806 4405 837 4463; x_wconf 88' lang='lat' dir='ltr'>in</span> <span class='ocrx_word' id='word_1_433' title='bbox 850 4406 952 4482; x_wconf 83' lang='lat' dir='ltr'>vitulo,</span> <span class='ocrx_word' id='word_1_434' title='bbox 969 4407 1064 4468; x_wconf 86' lang='lat' dir='ltr'>Exod.</span> <span class='ocrx_word' id='word_1_435' title='bbox 1079 4408 1175 4466; x_wconf 83' lang='lat' dir='ltr'>xxxii.</span> 
     </span>
    </p>

    <p class='ocr_par' dir='ltr' id='par_1_21' title="bbox 231 4480 1436 4728">
     <span class='ocr_line' id='line_1_46' title="bbox 274 4480 1435 4565; baseline 0.007 -27"><span class='ocrx_word' id='word_1_436' title='bbox 274 4480 330 4539; x_wconf 91' lang='lat' dir='ltr'>VI.</span> <span class='ocrx_word' id='word_1_437' title='bbox 352 4481 459 4558; x_wconf 90' lang='lat' dir='ltr'>Tertio,</span> <span class='ocrx_word' id='word_1_438' title='bbox 476 4483 655 4562; x_wconf 67' lang='lat' dir='ltr'>Praeceptum</span> <span class='ocrx_word' id='word_1_439' title='bbox 669 4484 813 4544; x_wconf 87' lang='lat' dir='ltr'>decimum</span> <span class='ocrx_word' id='word_1_440' title='bbox 826 4505 975 4564; x_wconf 86' lang='lat' dir='ltr'>perperam</span> <span class='ocrx_word' id='word_1_441' title='bbox 989 4487 1020 4545; x_wconf 92' lang='lat' dir='ltr'>in</span> <span class='ocrx_word' id='word_1_442' title='bbox 1034 4487 1092 4547; x_wconf 91' lang='lat' dir='ltr'>duo</span> <span class='ocrx_word' id='word_1_443' title='bbox 1106 4487 1287 4565; x_wconf 86' lang='lat' dir='ltr'>dispescitur,</span> <span class='ocrx_word' id='word_1_444' title='bbox 1302 4485 1371 4565; x_wconf 84' lang='lat' dir='ltr'>quis</span> <span class='ocrx_word' id='word_1_445' title='bbox 1381 4488 1435 4546; x_wconf 89' lang='lat' dir='ltr'>suh</span> 
     </span>
     <span class='ocr_line' id='line_1_47' title="bbox 232 4563 1434 4644; baseline 0.007 -26"><span class='ocrx_word' id='word_1_446' title='bbox 232 4579 290 4618; x_wconf 89' lang='lat' dir='ltr'>uno</span> <span class='ocrx_word' id='word_1_447' title='bbox 314 4563 460 4622; x_wconf 87' lang='lat' dir='ltr'>communi</span> <span class='ocrx_word' id='word_1_448' title='bbox 480 4564 596 4624; x_wconf 89' lang='lat' dir='ltr'>nomino</span> <span class='ocrx_word' id='word_1_449' title='bbox 626 4564 867 4642; x_wconf 84' lang='lat' dir='ltr'>concupiscentioe</span> <span class='ocrx_word' id='word_1_450' title='bbox 888 4567 1147 4643; x_wconf 87' lang='lat' dir='ltr'>comprehenditur,</span> <span class='ocrx_word' id='word_1_451' title='bbox 1170 4575 1200 4627; x_wconf 89' lang='lat' dir='ltr'>et</span> <span class='ocrx_word' id='word_1_452' title='bbox 1226 4567 1303 4628; x_wconf 91' lang='lat' dir='ltr'>idem</span> <span class='ocrx_word' id='word_1_453' title='bbox 1324 4567 1434 4644; x_wconf 80' lang='lat' dir='ltr'>peccati</span> 
     </span>
     <span class='ocr_line' id='line_1_48' title="bbox 231 4642 1436 4728; baseline 0.006 -31"><span class='ocrx_word' id='word_1_454' title='bbox 231 4659 324 4715; x_wconf 88' lang='lat' dir='ltr'>genus</span> <span class='ocrx_word' id='word_1_455' title='bbox 337 4642 513 4726; x_wconf 85' lang='lat' dir='ltr'>prohibetur,</span> <span class='ocrx_word' id='word_1_456' title='bbox 529 4643 606 4702; x_wconf 90' lang='lat' dir='ltr'>unde</span> <span class='ocrx_word' id='word_1_457' title='bbox 621 4644 728 4721; x_wconf 87' lang='lat' dir='ltr'>Moses,</span> <span class='ocrx_word' id='word_1_458' title='bbox 740 4643 815 4704; x_wconf 86' lang='lat' dir='ltr'>Exo.</span> <span class='ocrx_word' id='word_1_459' title='bbox 824 4665 885 4720; x_wconf 74' lang='lat' dir='ltr'>xx,</span> <span class='ocrx_word' id='word_1_460' title='bbox 901 4646 1163 4724; x_wconf 84' lang='lat' dir='ltr'>concupiscentiam</span> <span class='ocrx_word' id='word_1_461' title='bbox 1176 4647 1282 4717; x_wconf 88' lang='lat' dir='ltr'>domus</span> <span class='ocrx_word' id='word_1_462' title='bbox 1295 4646 1436 4728; x_wconf 76' lang='lat' dir='ltr'>praeponit</span> 
     </span>
    </p>
   </div>
   <div class='ocr_carea' id='block_1_10' title="bbox 0 0 1558 5198">
    <p class='ocr_par' dir='ltr' id='par_1_22' title="bbox 0 0 1558 5198">
     <span class='ocr_line' id='line_1_49' title="bbox 0 0 1558 5198; baseline 0 2"><span class='ocrx_word' id='word_1_463' title='bbox 0 0 1558 5198; x_wconf 95' lang='lat' dir='ltr'> </span> 
     </span>
    </p>
   </div>
  </div>
 </body>
</html>
