3150 5206
127 379 239 430 oussr.
253 359 299 442 a]
545 379 584 421 sa
598 381 724 424 sorenes
738 380 865 424 ostris.
1271 370 1326 428 rte

118 521 294 596 sedoralem,
310 519 394 598 quusi
407 519 439 578 in
458 520 559 580 Veteri
572 520 758 584 Testnmento
771 521 858 582 fuerit
871 529 983 582 tentum
997 519 1091 581 ioedus
1106 521 1231 600 legule3
1254 543 1321 585 nam

127 599 189 658 Lex
202 607 232 662 et
246 600 397 676 Prophetes
411 620 476 660 oum
491 601 723 678 promulgatione
732 601 820 679 Legis
834 601 979 662 habebunt
993 621 1106 680 semper
1118 603 1322 680 promissiones

127 679 242 756 gretie,
266 678 326 740 Sed
339 679 436 756 egitur
449 687 562 740 tontum
576 679 613 740 de
626 681 784 741 ministerio
800 681 902 758 Legsli
916 690 946 744 et
955 681 1127 774 Prophetieo
1141 683 1272 760 opposito
1285 685 1323 744 sd

127 757 343 835 Evangelieum,
358 759 540 836 potissimum
553 760 650 838 qnosd
663 761 822 820 claritatem
835 759 1044 838 patefactione
1086 761 1153 820 Non
1172 781 1321 840 opponun-

124 847 169 896 tur
183 837 317 898 Persona
330 838 534 914 ministrantes,
546 839 595 898 vel
604 858 651 898 res
661 839 875 916 admimstmts,
894 839 947 900 sed
957 839 1036 898 modi
1049 840 1192 901 duntaxat
1201 841 1319 918 diversi,

121 914 224 992 quibus
237 936 284 980 res
297 917 405 976 eedem
420 927 488 978 sunt
500 918 716 994 administratae,
731 920 811 996 prius
825 939 876 997 per
896 920 1042 999 ergosm'ss
1062 939 1113 979 seu
1133 921 1252 980 modum
1266 921 1317 980 do·

122 995 203 1054 eendi
217 996 420 1072 obscuriorem,
435 997 627 1074 symbolicum
640 1007 711 1076 puta
723 1007 753 1060 et
775 999 996 1076 enigmatieum,
1020 1007 1120 1076 poetes
1141 1020 1193 1076 per
1213 1003 1320 1072 estes-ss·

123 1079 216 1150 sscpt»,
232 1075 350 1136 modum
364 1075 487 1136 docendi
499 1077 609 1139 olerum
623 1086 653 1137 et
665 1085 812 1155 apertum
829 1079 896 1138 Non
909 1078 1016 1140 debent
1030 1097 1100 1156 ergo
1118 1079 1166 1140 hie
1183 1080 1320 1139 confundi

123 1159 150 1210 si
163 1151 187 1212 ir
199 1180 243 1212 m
258 1159 287 1212 si
301 1159 375 1230 reios,
390 1175 436 1216 res
450 1163 479 1214 et
492 1159 590 1216 modus
603 1157 654 1216 rel.

161 1234 303 1293 XXVII.
325 1234 417 1298 Aliud
431 1243 475 1294 est
488 1235 583 1294 foedus
596 1236 698 1312 gratis
711 1238 853 1311 renovari,
869 1246 898 1297 et
912 1237 1062 1297 illustriori
1075 1237 1162 1297 modo
1175 1239 1298 1316 proponi
1311 1263 1318 1316 ;

123 1310 212 1374 Aliud
226 1312 262 1372 de
277 1333 354 1372 noro
367 1313 438 1390 fieri,
454 1333 519 1374 enm
533 1323 618 1374 entes
631 1335 688 1376 non
702 1325 792 1377 esset:
806 1318 887 1393 prins
900 1316 1013 1391 dieitur,
1028 1317 1137 1376 Jerem.
1150 1319 1245 1394 xxxi,
1260 1338 1319 1376 non

119 1393 267 1467 posterius,
283 1393 352 1469 quis
365 1393 495 1452 clausule
507 1393 624 1453 foederis
637 1394 738 1454 eedem
748 1395 811 1472 jem
825 1396 919 1473 posits
938 1395 993 1455 fuit
1006 1396 1037 1454 in
1056 1395 1164 1456 foedere
1185 1396 1317 1457 Abroho-

120 1470 201 1545 mieo,
216 1491 271 1530 neo
284 1471 432 1530 insolitum
446 1479 490 1531 est
503 1471 534 1530 in
548 1473 624 1548 stylo
641 1473 795 1551 Scripturae
809 1475 904 1534 dicere
918 1493 979 1534 rem
993 1475 1118 1552 aliquem
1140 1475 1211 1552 fieri,
1226 1495 1317 1553 qusn-

120 1547 157 1608 do
170 1550 276 1609 elsrius
290 1559 320 1610 et
332 1549 476 1632 efficacius
489 1551 706 1629 manifestatur,
728 1553 872 1630 quomodo
886 1556 1049 1612 mandatum
1069 1555 1222 1614 dilectim
1245 1554 1316 1615 diei·

121 1635 166 1686 tur
176 1649 285 1705 trouuus,
296 1630 318 1689 J
318 1630 403 1688 ohon.
412 1629 475 1688 xiii.
485 1632 533 1704 34,
545 1639 575 1690 et
590 1635 603 1689 l
618 1630 640 1690 J
641 1631 726 1690 ohan.
734 1633 766 1691 ii.
780 1635 808 1710 8,
820 1652 879 1692 nou
887 1632 1026 1708 absolute,
1038 1633 1108 1709 quia
1116 1634 1178 1709 jem
1187 1635 1316 1710 proposi·

122 1715 180 1766 turn
195 1707 248 1768 fuit
263 1708 298 1766 in
324 1709 411 1786 Lege,
438 1708 490 1770 sed
503 1710 661 1770 seeundum
684 1710 763 1788 quid,
786 1711 855 1788 quie
876 1711 913 1772 de
933 1729 1011 1770 novo
1031 1711 1215 1786 inculcatum,
1234 1712 1319 1772 novis

117 1788 262 1861 promissis
278 1788 443 1862 subnixum,
458 1797 488 1848 et
507 1808 584 1848 novo
598 1791 731 1867 exemplo
752 1791 904 1852 senoitutn.
950 1791 998 1850 Sio
1023 1793 1041 1824 ‘⁴
1055 1790 1148 1849 virtus
1173 1791 1230 1850 Dei
1251 1811 1314 1868 per-

116 1865 177 1923 tici'
191 1867 298 1926 dieitur
313 1870 331 1901 “
340 1869 370 1926 in
380 1867 573 1942 infirmitate,’'
589 1872 607 1927 2
620 1869 685 1928 Cor.
699 1868 750 1927 xii.
761 1871 788 1942 9,
803 1868 843 1928 id.
855 1868 1045 1928 demonstrari
1057 1869 1192 1946 perfecte,
1204 1879 1234 1930 et
1245 1872 1315 1930 smi-

115 1963 165 2004 ous
177 1947 256 2004 nasei
271 1947 303 2004 in
317 1945 403 2006 rebus
416 1947 554 2023 adversis,
567 1956 596 2008 et
610 1947 701 2006 stellae
716 1949 783 2006 oriri
794 1949 854 2008 sole
868 1947 1026 2022 oeoidente,
1041 1947 1080 2006 id.
1094 1949 1233 2026 patefieri.

153 2023 315 2084 XXVIII.
337 2025 429 2084 Aliud
448 2035 493 2086 est
507 2027 653 2086 Christum
673 2027 835 2086 exhibitum
858 2027 888 2084 in
909 2045 995 2085 earne
1016 2044 1075 2086 nou
1089 2027 1196 2102 videre,
1220 2027 1312 2087 Aliud

116 2101 251 2164 beneficia
265 2113 296 2163 et
308 2104 419 2164 fruetus
432 2104 496 2181 ejus
510 2105 696 2171 Medistionis
710 2125 767 2164 non
781 2105 936 2183 percipere.
980 2105 1064 2164 Prius
1077 2115 1214 2183 negatum
1225 2107 1314 2167 fuisse

118 2181 250 2242 Patribus
265 2185 371 2242 Petrus
390 2184 440 2258 ait,
457 2187 491 2242 1⁰
505 2204 567 2264 esp.
588 2186 608 2244 i.
626 2188 671 2261 12,
716 2203 784 2244 uum
808 2185 849 2244 eit
870 2184 1029 2244 revolutum
1051 2184 1140 2244 fuisse
1162 2186 1242 2262 ipsis,
1264 2205 1313 2245 eos

117 2262 249 2338 nonsibi,
267 2262 320 2322 sed
340 2262 424 2322 nobis
444 2264 582 2340 mysterio
601 2263 658 2322 isto
677 2283 695 2322 a
746 2263 901 2337 inistrnsse,
923 2264 991 2340 quie
1010 2261 1117 2322 nostris
1138 2265 1315 2341 temporibus

114 2339 235 2417 demum,
251 2361 312 2402 non
333 2342 402 2417 suis,
418 2341 550 2400 Christus
571 2340 797 2402 manifestandus
817 2343 890 2420 fuit;
915 2342 973 2400 Sed
992 2361 1051 2400 non
1071 2351 1222 2419 propterea
1242 2343 1313 2420 ipsis

114 2417 287 2496 denegatum
308 2420 363 2480 brit
381 2421 532 2498 posterius,
556 2421 624 2498 quis
637 2421 731 2482 virtus
750 2423 852 2482 mortis
873 2422 980 2480 Christi
1003 2422 1190 2498 quantumvis
1210 2421 1313 2480 futures

112 2498 268 2560 effioseiam
282 2519 364 2560 suem
377 2519 495 2559 exerere
508 2500 602 2577 potuit
620 2519 689 2577 erge
709 2500 787 2578 ipsos
807 2501 845 2559 ad
865 2500 1060 2577 expletionem
1080 2510 1263 2577 peecatorum
1284 2509 1313 2559 et

113 2597 213 2652 paoem
227 2579 411 2638 eonscientiae
422 2578 616 2654 obtinendem,
628 2579 772 2656 quomodo
786 2597 880 2639 oausse
894 2579 1017 2638 morales
1026 2579 1120 2638 solent
1133 2597 1220 2655 egere
1234 2587 1312 2638 ente·

137 2677 200 2716 uem
215 2658 285 2718 sint

115 2676 134 2732 q
152 2734 284 2796 XXIX.
307 2737 372 2796 Etsi
386 2737 467 2796 Deus
480 2737 584 2797 melius
597 2737 669 2815 quid
686 2737 814 2816 providit
834 2757 886 2814 pro
900 2737 984 2796 nobis
997 2756 1057 2814 prae
1073 2737 1208 2796 Patribus
1222 2737 1311 2796 Vete-

113 2813 152 2872 rie
157 2815 345 2889 Testamenti,
359 2815 435 2874 Heb.
447 2815 487 2874 xi.
499 2819 548 2891 39,
558 2819 605 2892 40,
615 2817 712 2893 quoad
722 2816 962 2893 eomplerneutum
972 2816 1202 2892 promissionum,
1215 2821 1311 2874 etma-

115 2894 330 2956 nilestationem
345 2895 478 2954 Messise:
500 2915 558 2972 quo
572 2913 660 2954 sensu
672 2895 750 2954 besti
771 2895 905 2954 dieantur
925 2894 1001 2954 oouli
1024 2893 1239 2970 discipulorum,
1261 2893 1312 2968 qui

114 2973 250 3035 videbant
266 2994 302 3034 es
311 2993 376 3051 quse
391 2974 488 3052 Reges
498 2981 669 3050 optaverant
682 2973 789 3048 videre,
801 2981 831 3032 et
844 2972 1051 3045 nonvideraut,
1067 2972 1137 3030 Luc.
1151 2991 1181 3028 x.
1197 2975 1245 3044 23,
1258 2975 1311 3044 243

115 3051 179 3112 Non
192 3053 326 3131 sequitur
339 3072 397 3112 non
417 3052 553 3116 habuisse
567 3052 688 3110 eundern
701 3053 851 3110 nobiseum
872 3049 988 3112 federis
1002 3049 1200 3123 substantiam,
1221 3069 1312 3125 quau·

115 3131 273 3209 doquidem
294 3131 376 3190 Dens
389 3132 515 3208 ipsorum
529 3150 587 3189 non
600 3131 696 3190 minus
710 3151 743 3189 ao
764 3137 862 3188 noster
875 3129 938 3188 esse
952 3128 1062 3188 voluit:
1085 3128 1228 3187 Dicuntur
1241 3147 1311 3205 ergo

112 3229 168 3270 uon
180 3211 433 3271 consummasset
441 3210 525 3285 mite,
535 3214 610 3290 χιςὶς
624 3211 695 3284 ipss,
708 3209 747 3268 id.
761 3210 877 3268 aeorum
886 3228 906 3266 a
916 3207 1001 3281 nobi,
1010 3207 1079 3284 quia
1087 3205 1188 3265 eodem
1199 3207 1310 3280 merito,

113 3289 212 3348 eadem
229 3290 348 3368 justitie
361 3299 390 3348 et
411 3289 504 3366 gratis
518 3290 626 3348 Christi
646 3289 753 3348 servati
773 3295 849 3361 suut,
872 3287 923 3346 sed
943 3294 1098 3364 potuerunt
1118 3287 1311 3345 consummari

112 3377 177 3426 aute
190 3389 249 3443 reos,
265 3368 376 3427 ustione
390 3367 499 3427 ordinis
513 3375 543 3426 et
555 3369 700 3445 temporis.

155 3447 269 3508 XXX.
293 3446 434 3520 Quemvis
459 3447 591 3507 Christus
612 3447 702 3506 vitem
723 3454 754 3505 et
777 3444 1020 3504 immortalitatem
1043 3463 1095 3521 per
1118 3443 1312 3521 Evangelinm

112 3525 283 3599 produxerit
302 3524 333 3582 in
352 3525 455 3598 luoom,
478 3525 585 3582 ssim.
606 3525 626 3582 i.
643 3528 689 3599 10,
704 3545 762 3584 uon
783 3524 913 3602 sequitur
926 3523 1072 3600 oognitom
1085 3543 1144 3582 non
1158 3522 1246 3582 fuisse
1259 3523 1310 3581 sb

110 3603 202 3664 solute
217 3605 274 3664 sub
284 3603 386 3670 Veteri
396 3605 597 3678 Testament03
620 3603 695 3677 Quis
710 3607 736 3662 l.
752 3603 860 3663 Poulus
874 3621 932 3660 non
945 3602 1074 3678 loquitur
1086 3602 1122 3660 de
1136 3601 1269 3660 absolute
1282 3611 1312 3660 et

113 3683 238 3820 iiiiii
251 3680 948 3839 iiilihfiliiiiiiffi.“siil‘iiili'
957 3701 985 3817 ³2
1006 3679 1311 3818 ttettttllt

114 3839 203 3898 fuisse
214 3859 324 3898 novam
338 3839 445 3915 doenit,
460 3859 489 3897 v.
505 3841 532 3913 9,
543 3838 659 3915 quando
672 3838 853 3898 dixitdstem
867 3837 956 3896 fuisso
977 3843 1023 3917 πςὸ
1037 3837 1127 3916 mim
1139 3837 1236 3894 simitu
1249 3843 1310 3893 turn

115 3916 308 3978 destinatione
319 3927 434 3992 eterne,
443 3927 505 3977 turn
513 3917 701 3993 promissione
711 3917 891 3993 temporarie.
913 3919 941 3974 3.
957 3916 1023 3974 Non
1037 3917 1133 3991 agitur
1146 3914 1259 3988 proprie
1273 3913 1310 3970 de

39 4021 43 4034 ·
112 3996 180 4056 vitis
193 4005 311 4056 sterne
331 3996 529 4073 promissione,
551 3995 605 4054 sed
616 3995 653 4054 de
667 3996 746 4056 illius
765 3994 966 4072 proouretione
986 4013 1038 4070 per
1050 3993 1183 4050 meritum
1197 3991 1310 4049 aetusle

115 4075 232 4148 Christi,
248 4074 328 4150 quod
340 4074 395 4132 fuit
408 4074 554 4152 proprium
568 4073 605 4133 N.
620 4072 654 4131 Τ.
1126 4093 1131 4103 ·

155 4152 288 4212 XXXI.
311 4152 407 4226 Quum
435 4152 597 4230 Apostolus
622 4152 672 4226 ait,
696 4151 773 4210 Heh.
800 4150 852 4210 vii.
882 4153 927 4226 19,
952 4150 1060 4227 Legem
1082 4145 1155 4205 nihil
1178 4165 1310 4206 eonsum-

111 4249 215 4305 masse,
230 4249 290 4290 non
304 4231 393 4290 sumit
407 4231 515 4308 Legem
529 4231 588 4290 late
601 4249 653 4307 pro
673 4231 833 4290 ossonomis
854 4231 994 4304 Mosaios,
1013 4227 1096 4304 qussi
1110 4225 1232 4284 Veteres
1252 4244 1310 4283 nou

112 4307 219 4367 suerint
232 4311 423 4370 consummati
444 4310 498 4369 suh
512 4309 614 4370 Veteri
627 4309 821 4383 Testamenta,
842 4308 939 4384 quoad
959 4307 1059 4383 gratie
1073 4313 1103 4362 et
1123 4302 1223 4380 glorie
1243 4322 1309 4393 pos-

110 4387 287 4460 sessionem
311 4388 371 4449 Sed
391 4389 500 4465 Legem
514 4396 626 4465 spectat
645 4388 743 4448 stritte
757 4395 787 4446 et
806 4386 937 4464 opposite
958 4383 995 4442 ad
1016 4381 1218 4471 Evangelium,
1240 4399 1309 4471 quse

116 4463 181 4524 Lex
194 4467 315 4532 moralis,
326 4487 379 4526 neo
400 4469 494 4543 potuit
510 4467 679 4544 justificare,
694 4485 747 4526 nee
762 4465 948 4538 sonctificate,
969 4481 1035 4522 enm
1049 4459 1134 4518 luent
1147 4458 1260 4515 infirme
1280 4477 1311 4516 111

114 4561 208 4618 cerne,
225 4553 256 4602 et
270 4547 359 4604 multo
374 4545 468 4604 minus
482 4545 697 4604 oteremomelis.

157 4621 306 4690 XXXII.
332 4625 363 4682 Si
386 4624 462 4682 idern
484 4625 596 4698 asserit,
621 4624 712 4682 Hebr.
737 4624 776 4680 ix.
800 4624 833 4680 8:
877 4623 894 4654 ‘⁴
910 4621 996 4679 Viam
1018 4615 1055 4676 sd
1071 4613 1232 4673 Seorsrium
1254 4634 1311 4672 non
