3146 5210
132 343 246 396 eumer.
262 323 342 406 nnc]
479 343 517 383 nr.
539 343 655 385 cratero
676 343 793 384 onerem
814 342 1008 384 usnrnrosro.
1276 325 1335 384 399

134 485 284 562 lutionem,
310 486 362 544 sed
382 486 504 561 unicam,
524 494 553 544 et
575 486 690 544 unicum
705 482 840 561 δικαίωμα,
855 505 913 562 quo
928 485 1086 562 acquiritur
1099 483 1184 542 nobis
1205 483 1338 542 liberatio

136 587 153 625 a
167 573 268 638 morte,
280 574 309 623 et
318 567 368 643 jus
387 565 424 622 ad
438 565 537 623 vitam.

178 645 292 704 XXX.
315 645 378 703 Lex
400 665 458 702 non
476 653 572 722 potest
586 645 643 704 dici
657 645 776 722 impleta
793 644 852 702 ω’
867 645 978 720 ἐκτομὴν
988 645 1018 702 in
1032 643 1195 702 voluntaris
1205 643 1338 720 passione

137 725 255 784 Christi.
278 725 352 798 Quia
362 725 488 801 postulet
501 725 657 804 perfectam
668 725 870 799 obedientiam,
885 745 944 783 non
958 732 1069 783 tantum
1084 722 1142 782 κατ’
1155 724 1275 798 incaepit,
1290 721 1341 780 scd

138 813 168 862 et
181 804 236 862 aad
246 803 350 880 dana,
363 823 420 862 non
435 813 546 863 tantum
568 806 663 882 quoad
678 804 799 882 gradum
814 813 843 863 et
857 805 1009 879 intensive,
1026 803 1077 862 sed
1096 812 1125 861 et
1138 802 1234 879 quoad
1256 803 1341 860 dura-

137 885 246 942 tionem
261 893 290 943 et
304 885 454 942 extensive
477 885 513 943 ab
535 885 617 943 initio
636 886 705 944 vitae
726 904 817 962 usque
832 884 979 959 adfinem,
995 884 1103 961 quaein
1117 903 1176 941 uua
1189 882 1238 940 vel
1252 883 1343 940 altera

137 967 250 1022 actione
264 983 412 1023 occunere
426 983 483 1020 non
494 972 598 1041 potest.

179 1044 310 1101 XXXI.
332 1044 458 1102 Tantum
482 1046 572 1118 abest,
593 1051 627 1102 ut
647 1043 769 1102 Justitia
783 1051 844 1103 tota
858 1042 973 1117 Christi,
989 1063 1054 1119 quae
1069 1042 1152 1100 nobis
1176 1041 1344 1118 imputatur,

137 1123 211 1181 bens
235 1131 378 1182 statuatur
394 1123 424 1180 in
437 1122 620 1200 passionibus
635 1123 751 1197 Christi,
766 1132 795 1182 et
809 1123 863 1181 hac
877 1123 913 1181 de
937 1143 1024 1181 causa
1037 1122 1091 1181 rite
1106 1122 1219 1180 dicatur
1239 1120 1343 1196 activa,

139 1211 171 1261 ut
185 1203 299 1280 proprie
309 1203 389 1260 nulla
399 1203 514 1280 justitia
528 1204 557 1261 in
571 1204 705 1282 passione
720 1204 757 1262 sit
778 1202 954 1277 collocanda,
977 1202 1028 1260 scd
1037 1211 1148 1261 tautum
1163 1203 1194 1258 in
1213 1201 1344 1276 actione;

139 1303 194 1341 nec
208 1283 359 1359 quisquam
372 1283 469 1358 justus
484 1283 542 1340 dici
565 1291 668 1360 potest,
685 1284 753 1359 quia
767 1283 917 1356 cruciatur,
934 1303 999 1340 eum
1015 1282 1097 1340 dolor
1117 1302 1175 1339 non
1190 1282 1228 1340 sit
1242 1281 1343 1338 virtus.

140 1363 266 1421 Accedit
274 1361 353 1439 quod
362 1362 510 1438 passiones
520 1383 578 1422 non
589 1364 787 1439 obsequuntur
798 1363 940 1420 mandatis
950 1362 1048 1438 Legis,
1064 1363 1169 1438 quibus
1183 1361 1346 1419 annectitur

139 1443 292 1520 promissio
314 1441 391 1516 vitae,
412 1443 464 1500 sed
488 1443 685 1501 sanctionibus
706 1451 817 1501 tantum
846 1441 1034 1517 satisfaciunt,
1055 1441 1132 1500 unde
1153 1461 1211 1498 non
1226 1447 1347 1517 possunt

140 1521 198 1581 dici
208 1522 332 1599 justitia,
353 1523 399 1579 vel
415 1522 439 1580 si
457 1522 571 1598 justitia
590 1522 742 1598 aliquacst
764 1523 792 1579 in
811 1542 904 1599 poena,
920 1529 965 1580 est
982 1521 1097 1598 justitia
1119 1521 1264 1598 punientis
1288 1539 1346 1578 non

159 1602 241 1662 uniti.

138 1624 158 1681 p
183 1681 329 1740 XXXII.
353 1680 491 1740 Calvinus
512 1689 656 1758 receptam
671 1681 851 1756 sententiam,
867 1701 924 1740 non
945 1701 1004 1739 uno
1022 1680 1086 1738 loeo
1102 1679 1233 1754 adstruit,
1247 1679 1345 1755 praci-

140 1783 197 1840 pue
210 1762 261 1820 lib.
276 1761 305 1820 ii.
319 1761 447 1822 Institut.
468 1781 529 1838 cap.
548 1765 593 1837 16,
609 1769 678 1820 sect.
695 1763 840 1820 5:“.Jam
851 1762 901 1819 ubi
912 1761 1056 1838 quaeritur,
1072 1758 1216 1836 quomodo
1232 1757 1348 1816 abolitis

142 1842 268 1919 peccatis
282 1842 433 1901 dissidium
449 1840 580 1898 Christus
601 1842 675 1900 inter
689 1861 742 1900 nos
757 1850 786 1899 ct
801 1842 895 1900 Deum
919 1840 1075 1912 sustulerit,
1103 1847 1131 1898 et
1142 1838 1286 1915 justitiam
1300 1857 1346 1896 ae·

143 1920 303 1998 quisivcrit,
329 1943 392 1999 quae
417 1940 483 1978 eum
507 1921 591 1979 nobis
612 1919 758 1980 faventem
779 1930 808 1979 et
829 1920 1002 1978 benevolum
1017 1919 1158 1992 redderet,
1175 1918 1349 1994 generaliter

142 2001 308 2078 responderi
329 2009 432 2080 potest,
447 2009 509 2060 toto
524 2000 693 2058 obedientiae
709 2021 768 2060 suae
787 2021 873 2059 cursu
887 2001 942 2059 hoc
957 1999 1040 2058 nobis
1064 1998 1240 2075 prestitisse.
1264 1997 1348 2071 Quod

144 2083 229 2140 Pauli
243 2082 405 2141 testimonio
420 2082 576 2158 probatur:
591 2081 832 2157 quemadmodum
841 2081 927 2138 unius
942 2079 1168 2155 transgressione
1183 2087 1348 2154 peccatores

142 2163 227 2220 multi
251 2170 318 2220 sunt
342 2161 500 2235 constituti,
523 2160 564 2218 sie
583 2160 668 2220 unius
689 2161 854 2218 obedientia
871 2160 945 2237 justi
970 2158 1179 2218 constituimur.
1216 2158 1255 2216 Et
1279 2177 1347 2215 sane

143 2242 213 2300 alibi
236 2261 351 2299 causam
376 2241 477 2316 veniae,
503 2261 568 2318 quae
590 2260 643 2298 nos
658 2241 760 2298 eximit
779 2260 794 2297 n
816 2239 1017 2298 maledictione
1043 2238 1140 2313 Legis,
1164 2236 1296 2296 extendit
1310 2237 1347 2294 ad

142 2329 234 2382 totam
259 2321 364 2380 Christi
386 2321 494 2380 vitam:
530 2321 589 2380 Ubi
604 2320 684 2380 veuit
697 2319 847 2396 plenitude
869 2319 1014 2396 temporis,
1035 2318 1114 2374 misit
1136 2317 1216 2374 Deus
1240 2317 1346 2374 Filium

144 2421 228 2460 suurn
243 2400 349 2458 factum
361 2421 397 2459 cx
409 2401 541 2473 Muliere,
558 2400 719 2476 subjectum
735 2399 817 2475 Legi,
833 2408 865 2457 ut
879 2418 929 2458 eos
947 2398 997 2474 qui
1012 2397 1065 2456 sub
1081 2397 1160 2472 Lege
1178 2409 1258 2454 crunt
1273 2396 1347 2455 redi-

143 2489 243 2538 meret.
267 2480 313 2538 Ita
326 2481 356 2538 in
370 2481 432 2558 ipso
447 2500 561 2558 quoque
576 2480 726 2556 Baptismo
737 2479 859 2538 asseruit
873 2478 985 2555 impleri
995 2477 1117 2555 justitiae
1137 2485 1256 2553 partem,
1269 2477 1348 2553 quod

144 2560 312 2620 obedienter
331 2559 426 2619 Patris
437 2559 603 2618 mandatum
617 2568 777 2635 perageret.
801 2559 932 2634 Denique
948 2577 1058 2634 exque
1078 2556 1174 2616 induit
1194 2576 1347 2633 personam

142 2641 228 2716 servi,
245 2643 332 2716 eoepit
356 2639 393 2696 ad
417 2659 470 2698 nos
494 2639 675 2696 redimendos
699 2639 822 2716 pretium
841 2637 1019 2696 liberationis
1042 2637 1163 2695 solvere.
1200 2637 1349 2712 Scriptura

143 2731 249 2794 tanuen,
265 2739 322 2796 quo
347 2720 453 2778 certius
475 2718 593 2776 definiat
616 2718 733 2776 modum
758 2718 868 2792 salutis,
892 2719 947 2776 hoe
971 2716 1056 2774 morti
1082 2715 1188 2774 Christi
1210 2725 1347 2791 tanquam

142 2801 286 2880 peculiare
298 2799 478 2876 etproprium
489 2797 654 2874 adscribit,''
667 2797 721 2855 dcc.
735 2798 786 2856 “N
788 2817 861 2874 equs
875 2797 998 2870 tamen,”
1009 2795 1090 2854 addit
1100 2803 1209 2870 postca,
1222 2798 1239 2828 “
1249 2795 1348 2854 exelu-

143 2879 221 2940 ditur
240 2879 351 2956 reliqua
371 2899 437 2955 pars
452 2877 631 2952 obedientias,
647 2897 705 2954 qua
725 2877 878 2936 defunctus
893 2887 937 2936 est
961 2876 990 2933 in
1005 2875 1074 2942 vita,
1099 2874 1173 2932 sicut
1189 2872 1297 2932 Paulus
1312 2874 1348 2932 ab

142 2961 225 3018 initio
239 2959 275 3018 ad
291 2959 377 3018 finem
391 2979 482 3036 usque
497 2966 585 3016 totam
601 2957 825 3034 comprehendit,
841 2957 918 3033 quod
933 2955 1059 3032 seipsum
1073 2953 1244 3012 exinanierit
1258 2953 1350 3011 sonna

145 3039 222 3098 servi
236 3047 362 3115 accepta,
389 3047 417 3096 et
443 3038 521 3096 Patri
536 3037 621 3096 suerit
636 3037 773 3094 obediens
798 3056 889 3112 usque
914 3035 951 3094 ad
971 3042 1102 3107 mortem,
1117 3041 1238 3092 mortem
1252 3042 1349 3091 autem

146 3120 254 3178 Crucis.
297 3119 337 3176 Et
351 3137 420 3176 sane
434 3117 463 3174 iu
479 3117 541 3194 ipsa
555 3137 669 3194 quoquc
683 3117 807 3192 primum
822 3115 942 3191 gradum
958 3121 1079 3189 occupat
1098 3113 1261 3170 voluntaria
1281 3112 1348 3170 sub-

140 3200 239 3275 jectio,
255 3198 324 3276 quie
337 3197 374 3256 ad
384 3196 528 3276 justitiam
549 3196 620 3256 nihil
635 3196 789 3274 profuisset
808 3194 987 3268 sacrificium,
1002 3193 1059 3251 nisi
1074 3201 1175 3268 sponte
1190 3191 1349 3264 oblatum,''

145 3277 200 3338 &a
244 3279 292 3338 sie
317 3277 367 3336 lib.
392 3277 433 3334 iii.
456 3296 518 3354 cap.
537 3279 582 3352 14,
609 3285 678 3335 sect.
701 3280 747 3350 12,
771 3275 1004 3351 “ricceptantem
1033 3273 1156 3348 gratiam
1180 3291 1238 3329 non
1263 3271 1348 3330 aliam

145 3379 207 3418 esse
222 3356 390 3436 responde0,
406 3377 492 3434 quam
514 3356 669 3432 gratuitam
684 3357 746 3432 ejus
767 3355 933 3430 bonitatam,
949 3373 1007 3430 qua
1020 3373 1074 3410 nos
1088 3353 1118 3409 in
1141 3352 1257 3411 Christo
1272 3371 1345 3410 com·

125 3439 279 3516 'plectitur
307 3437 401 3511 Pater,
428 3437 496 3494 dum
519 3436 684 3495 innocentia
705 3436 812 3494 Christi
831 3455 885 3492 nos
904 3433 1006 3508 induit,
1032 3452 1152 3510 eamque
1176 3431 1244 3490 lecit
1267 3432 1350 3490 nobis

144 3527 301 3595 acceptam,
316 3525 348 3574 ut
370 3517 433 3593 ejus
447 3515 587 3574 beneficio
601 3535 653 3592 pro
679 3517 785 3574 sanctis
806 3515 885 3591 puris
899 3524 929 3573 et
942 3513 1144 3572 innocentibus
1158 3533 1211 3572 nos
1235 3513 1348 3570 habeat.

143 3599 295 3660 Justitiam
310 3597 385 3656 enim
409 3595 524 3672 Christi,
541 3615 605 3672 quas
626 3604 658 3654 ut
672 3615 730 3653 una
744 3594 870 3672 perfecta
890 3607 942 3670 est,
959 3595 1000 3652 ita
1014 3592 1076 3652 sola
1094 3592 1150 3650 Dei
1164 3599 1348 3668 conspectum

143 3679 284 3738 sustinere
298 3685 401 3754 potest,
424 3695 475 3752 pro
498 3675 582 3734 nobis
607 3675 669 3733 sisti
693 3683 813 3752 oportet
842 3695 876 3732 ac
900 3675 1018 3734 Judieio
1046 3672 1245 3750 repraesentari
1268 3672 1350 3730 velut

147 3760 330 3836 Sponsorem.
354 3756 419 3814 Hac
444 3776 497 3814 nos
516 3755 650 3814 instructi
674 3755 819 3814 assiduam
833 3763 1015 3831 peecatorum
1037 3753 1233 3812 remissionem
1249 3752 1279 3808 in
1293 3751 1350 3810 fide

143 3837 316 3898 obtinemus.
339 3836 438 3914 Hujus
452 3836 575 3914 puritate
597 3835 664 3894 lotae
678 3843 783 3894 nostrae
798 3835 897 3892 sordes
916 3847 945 3892 et
959 3833 1204 3910 imperfectionum
1227 3832 1349 3888 immun-

146 3917 234 3989 ditiae,
260 3935 318 3972 non
341 3915 527 3992 imputantur,
557 3915 608 3974 sed
629 3913 711 3973 velut
733 3913 853 3991 sepultae
881 3921 1082 3990 conteguntur,
1097 3931 1133 3970 ne
1158 3912 1187 3967 in
1206 3908 1350 3984 judicium

145 3995 293 4069 veniant,”
315 3993 368 4052 dre.
392 3995 473 4054 Idem
488 3995 638 4053 confirmat
656 3993 686 4054 iu
701 3994 832 4072 Epistola
851 3993 888 4052 ad
910 3994 995 4052 Rom.
1010 4012 1071 4068 cap.
1086 4011 1114 4048 v.
1130 4010 1190 4048 ver.
1215 3989 1261 4046 19.
1277 3996 1306 4045 et
1319 3987 1349 4044 in

144 4075 238 4153 Epist.
261 4073 299 4132 ad
313 4073 377 4131 Gal.
390 4094 451 4150 cap.
466 4075 505 4134 iv.
521 4078 549 4132 4.

187 4152 352 4214 XXXIII.
376 4153 485 4229 Synodi
508 4154 665 4214 Gallicanae
690 4151 810 4212 eandem
835 4149 1013 4210 retinendam
1036 4166 1098 4205 esse
1127 4145 1264 4207 inviolate
1291 4165 1351 4204 non

146 4234 237 4296 semel
252 4243 417 4307 sanxerunt,
443 4241 475 4291 ut
490 4233 667 4294 Privatcneis
691 4253 766 4292 anno
794 4236 880 4304 1612,
906 4239 935 4288 et
963 4225 1155 4286 Tonninensis
1170 4245 1246 4282 anuo
1263 4227 1349 4298 1614,

144 4317 229 4394 eujus
242 4313 305 4372 haec
327 4319 394 4370 sunt
408 4311 514 4370 verba:
530 4313 630 4372 “Cum
643 4315 730 4372 homo
751 4313 860 4372 nullam
879 4307 1022 4386 justitiam
1046 4306 1076 4362 in
1091 4325 1121 4362 sc
1146 4304 1269 4382 reperiat
1283 4312 1349 4362 ante

145 4397 194 4456 uel
208 4402 276 4472 pest
295 4391 474 4452 vocatiouem
495 4412 584 4467 suern,
599 4413 651 4470 per
664 4413 750 4470 quam
765 4391 920 4452 subsistere
941 4387 1033 4463 possit
1047 4403 1140 4442 eoram
1152 4385 1263 4460 judicio
1276 4383 1348 4457 Dei5

146 4497 205 4534 non
219 4481 316 4551 potest
325 4471 477 4548 justificari
491 4471 547 4534 nisi
557 4473 585 4532 in
601 4473 623 4531 J
625 4492 676 4530 esu
691 4473 805 4530 Christo
821 4469 946 4530 Domino
960 4474 1067 4540 nostre,
1080 4464 1130 4540 qui
1144 4463 1198 4522 fuit
1212 4462 1351 4525 obediens

147 4559 211 4616 Deo
227 4553 308 4611 Patri
322 4551 358 4609 ab
373 4551 491 4610 introitu
505 4551 534 4610 in
545 4551 684 4614 mundum
698 4571 789 4627 usque
804 4551 842 4609 ad
855 4556 976 4607 mortem
987 4545 1208 4622 ignominiosam
1229 4543 1329 4604 Crucis
1342 4565 1349 4602 :

146 4637 265 4714 impleta
279 4629 404 4710 perfecte
420 4630 449 4687 in
462 4631 521 4690 vita
541 4640 570 4690 ct
591 4639 682 4690 morte
698 4651 757 4704 sun,
779 4639 840 4688 tota
863 4629 941 4704 Lege
955 4625 1120 4685 hominibus
1135 4623 1211 4697 data,
1227 4630 1256 4682 et
1270 4641 1349 4682 mun·
