<?xml version="1.0" encoding="UTF-8"?>
<!DOCTYPE html PUBLIC "-//W3C//DTD XHTML 1.0 Transitional//EN"
    "http://www.w3.org/TR/xhtml1/DTD/xhtml1-transitional.dtd">
<html xmlns="http://www.w3.org/1999/xhtml" xml:lang="en" lang="en">
 <head>
  <title>
</title>
<meta http-equiv="Content-Type" content="text/html;charset=utf-8" />
  <meta name='ocr-system' content='tesseract 3.04.00' />
  <meta name='ocr-capabilities' content='ocr_page ocr_carea ocr_par ocr_line ocrx_word'/>
</head>
<body>
  <div class='ocr_page' id='page_1' title='image "./francisciturret00pictgoog_0402.png"; bbox 0 0 3192 5206; ppageno 0'>
   <div class='ocr_carea' id='block_1_1' title="bbox 159 383 1364 464">
    <p class='ocr_par' dir='ltr' id='par_1_1' title="bbox 159 383 1364 464">
     <span class='ocr_line' id='line_1_1' title="bbox 159 383 1364 464; baseline 0.005 -20"><span class='ocrx_word' id='word_1_1' title='bbox 159 403 271 452; x_wconf 73' lang='lat' dir='ltr'>uuas-r.</span> <span class='ocrx_word' id='word_1_2' title='bbox 289 383 332 464; x_wconf 88' lang='lat' dir='ltr'>x.]</span> <span class='ocrx_word' id='word_1_3' title='bbox 499 404 537 442; x_wconf 84' lang='lat' dir='ltr'>ne</span> <span class='ocrx_word' id='word_1_4' title='bbox 560 405 676 444; x_wconf 79' lang='lat' dir='ltr'>orricio</span> <span class='ocrx_word' id='word_1_5' title='bbox 697 404 815 446; x_wconf 81' lang='lat' dir='ltr'>crrrusrr</span> <span class='ocrx_word' id='word_1_6' title='bbox 838 403 1030 446; x_wconf 81' lang='lat' dir='ltr'>usmaroruo.</span> <span class='ocrx_word' id='word_1_7' title='bbox 1308 393 1364 450; x_wconf 79' lang='lat'>371</span> 
     </span>
    </p>
   </div>
   <div class='ocr_carea' id='block_1_2' title="bbox 147 545 1400 4778">
    <p class='ocr_par' dir='ltr' id='par_1_2' title="bbox 156 545 1365 684">
     <span class='ocr_line' id='line_1_2' title="bbox 156 545 1365 624; baseline 0.005 -21"><span class='ocrx_word' id='word_1_8' title='bbox 156 546 291 618; x_wconf 86' lang='lat' dir='ltr'>humana,</span> <span class='ocrx_word' id='word_1_9' title='bbox 307 563 372 620; x_wconf 80' lang='lat' dir='ltr'>qum</span> <span class='ocrx_word' id='word_1_10' title='bbox 386 553 538 621; x_wconf 87' lang='lat' dir='ltr'>pateretur,</span> <span class='ocrx_word' id='word_1_11' title='bbox 563 545 670 622; x_wconf 77' lang='lat' dir='ltr'>divine,</span> <span class='ocrx_word' id='word_1_12' title='bbox 694 565 759 624; x_wconf 73' lang='lat' dir='ltr'>quse</span> <span class='ocrx_word' id='word_1_13' title='bbox 783 546 911 604; x_wconf 88' lang='lat' dir='ltr'>valorem</span> <span class='ocrx_word' id='word_1_14' title='bbox 925 553 954 604; x_wconf 89' lang='lat' dir='ltr'>et</span> <span class='ocrx_word' id='word_1_15' title='bbox 972 545 1095 623; x_wconf 91' lang='lat' dir='ltr'>pretium</span> <span class='ocrx_word' id='word_1_16' title='bbox 1116 547 1299 623; x_wconf 76' lang='lat' dir='ltr'>passionibus</span> <span class='ocrx_word' id='word_1_17' title='bbox 1313 551 1365 609; x_wconf 86' lang='lat' dir='ltr'>ad·</span> 
     </span>
     <span class='ocr_line' id='line_1_3' title="bbox 157 624 406 684; baseline -0.012 0"><span class='ocrx_word' id='word_1_18' title='bbox 157 625 239 684; x_wconf 89' lang='lat' dir='ltr'>deret</span> <span class='ocrx_word' id='word_1_19' title='bbox 253 624 406 682; x_wconf 88' lang='lat' dir='ltr'>infinitum.</span> 
     </span>
    </p>

    <p class='ocr_par' dir='ltr' id='par_1_3' title="bbox 154 704 1400 2142">
     <span class='ocr_line' id='line_1_4' title="bbox 199 704 1400 784; baseline 0 -22"><span class='ocrx_word' id='word_1_20' title='bbox 199 705 295 762; x_wconf 88' lang='lat' dir='ltr'><strong>XIII.</strong></span> <span class='ocrx_word' id='word_1_21' title='bbox 319 705 460 781; x_wconf 89' lang='lat' dir='ltr'>Denique,</span> <span class='ocrx_word' id='word_1_22' title='bbox 473 723 538 763; x_wconf 91' lang='lat' dir='ltr'>cum</span> <span class='ocrx_word' id='word_1_23' title='bbox 551 707 704 764; x_wconf 75' lang='lat' dir='ltr'>substitutio</span> <span class='ocrx_word' id='word_1_24' title='bbox 716 705 823 764; x_wconf 86' lang='lat' dir='ltr'>Christi</span> <span class='ocrx_word' id='word_1_25' title='bbox 834 705 896 764; x_wconf 91' lang='lat' dir='ltr'>fieri</span> <span class='ocrx_word' id='word_1_26' title='bbox 906 704 1037 764; x_wconf 81' lang='lat' dir='ltr'>debuerit</span> <span class='ocrx_word' id='word_1_27' title='bbox 1050 705 1116 764; x_wconf 93' lang='lat' dir='ltr'>loco</span> <span class='ocrx_word' id='word_1_28' title='bbox 1130 715 1237 780; x_wconf 92' lang='lat' dir='ltr'>nostro,</span> <span class='ocrx_word' id='word_1_29' title='bbox 1249 708 1366 784; x_wconf 85' lang='lat' dir='ltr'>justitia</span> <span class='ocrx_word' id='word_1_30' title='bbox 1397 757 1400 762; x_wconf 92' lang='lat'><strong>.</strong></span> 
     </span>
     <span class='ocr_line' id='line_1_5' title="bbox 157 785 1364 864; baseline 0.003 -19"><span class='ocrx_word' id='word_1_31' title='bbox 157 787 222 864; x_wconf 87' lang='lat' dir='ltr'>ejus</span> <span class='ocrx_word' id='word_1_32' title='bbox 236 785 459 843; x_wconf 88' lang='lat' dir='ltr'>demonstrande</span> <span class='ocrx_word' id='word_1_33' title='bbox 479 795 532 861; x_wconf 86' lang='lat' dir='ltr'>est,</span> <span class='ocrx_word' id='word_1_34' title='bbox 554 795 587 845; x_wconf 90' lang='grc' dir='ltr'>ιιι</span> <span class='ocrx_word' id='word_1_35' title='bbox 608 793 719 844; x_wconf 89' lang='lat' dir='ltr'>constet</span> <span class='ocrx_word' id='word_1_36' title='bbox 741 807 798 862; x_wconf 92' lang='lat' dir='ltr'>quo</span> <span class='ocrx_word' id='word_1_37' title='bbox 819 785 849 843; x_wconf 88' lang='lat' dir='ltr'>in</span> <span class='ocrx_word' id='word_1_38' title='bbox 874 805 951 860; x_wconf 87' lang='lat' dir='ltr'>casu,</span> <span class='ocrx_word' id='word_1_39' title='bbox 974 786 1129 862; x_wconf 86' lang='lat' dir='ltr'>atquibus</span> <span class='ocrx_word' id='word_1_40' title='bbox 1150 786 1364 849; x_wconf 87' lang='lat' dir='ltr'>conditionibus</span> 
     </span>
     <span class='ocr_line' id='line_1_6' title="bbox 157 865 1362 945; baseline 0.003 -21"><span class='ocrx_word' id='word_1_41' title='bbox 157 865 268 942; x_wconf 91' lang='lat' dir='ltr'>positis,</span> <span class='ocrx_word' id='word_1_42' title='bbox 291 865 420 940; x_wconf 83' lang='lat' dir='ltr'>legitime</span> <span class='ocrx_word' id='word_1_43' title='bbox 442 865 508 924; x_wconf 81' lang='lat' dir='ltr'>talis</span> <span class='ocrx_word' id='word_1_44' title='bbox 530 866 697 925; x_wconf 86' lang='lat' dir='ltr'>substitutio</span> <span class='ocrx_word' id='word_1_45' title='bbox 712 866 874 924; x_wconf 90' lang='lat' dir='ltr'>innocentis</span> <span class='ocrx_word' id='word_1_46' title='bbox 888 884 939 942; x_wconf 94' lang='lat' dir='ltr'>pro</span> <span class='ocrx_word' id='word_1_47' title='bbox 954 865 1125 924; x_wconf 84' lang='lat' dir='ltr'>nocentibus</span> <span class='ocrx_word' id='word_1_48' title='bbox 1145 865 1208 924; x_wconf 92' lang='lat' dir='ltr'>fieri</span> <span class='ocrx_word' id='word_1_49' title='bbox 1228 869 1362 945; x_wconf 86' lang='lat' dir='ltr'>potuerit,</span> 
     </span>
     <span class='ocr_line' id='line_1_7' title="bbox 156 945 1364 1022; baseline 0.006 -20"><span class='ocrx_word' id='word_1_50' title='bbox 156 945 236 1022; x_wconf 89' lang='lat' dir='ltr'>quod</span> <span class='ocrx_word' id='word_1_51' title='bbox 259 945 351 1022; x_wconf 86' lang='lat' dir='ltr'>prima</span> <span class='ocrx_word' id='word_1_52' title='bbox 376 945 468 1003; x_wconf 89' lang='lat' dir='ltr'>fronte</span> <span class='ocrx_word' id='word_1_53' title='bbox 492 965 550 1004; x_wconf 90' lang='lat' dir='ltr'>non</span> <span class='ocrx_word' id='word_1_54' title='bbox 575 945 661 1004; x_wconf 88' lang='lat' dir='ltr'>modo</span> <span class='ocrx_word' id='word_1_55' title='bbox 681 946 837 1020; x_wconf 86' lang='lat' dir='ltr'>insolitum,</span> <span class='ocrx_word' id='word_1_56' title='bbox 851 945 902 1004; x_wconf 91' lang='lat' dir='ltr'>sed</span> <span class='ocrx_word' id='word_1_57' title='bbox 916 954 945 1004; x_wconf 91' lang='lat' dir='ltr'>ot</span> <span class='ocrx_word' id='word_1_58' title='bbox 960 945 1100 1022; x_wconf 90' lang='lat' dir='ltr'>injustum</span> <span class='ocrx_word' id='word_1_59' title='bbox 1114 945 1238 1012; x_wconf 82' lang='lat' dir='ltr'>videtur.</span> <span class='ocrx_word' id='word_1_60' title='bbox 1282 947 1364 1008; x_wconf 85' lang='lat' dir='ltr'>Licet</span> 
     </span>
     <span class='ocr_line' id='line_1_8' title="bbox 155 1025 1363 1103; baseline 0.005 -21"><span class='ocrx_word' id='word_1_61' title='bbox 155 1035 252 1083; x_wconf 88' lang='lat' dir='ltr'>autem</span> <span class='ocrx_word' id='word_1_62' title='bbox 274 1025 441 1084; x_wconf 83' lang='lat' dir='ltr'>substitutio</span> <span class='ocrx_word' id='word_1_63' title='bbox 455 1025 518 1100; x_wconf 83' lang='lat' dir='ltr'>ista,</span> <span class='ocrx_word' id='word_1_64' title='bbox 535 1046 600 1102; x_wconf 83' lang='lat' dir='ltr'>quae</span> <span class='ocrx_word' id='word_1_65' title='bbox 614 1026 644 1084; x_wconf 88' lang='lat' dir='ltr'>in</span> <span class='ocrx_word' id='word_1_66' title='bbox 658 1025 756 1084; x_wconf 91' lang='lat' dir='ltr'>debito</span> <span class='ocrx_word' id='word_1_67' title='bbox 770 1025 934 1103; x_wconf 85' lang='lat' dir='ltr'>pecuniario</span> <span class='ocrx_word' id='word_1_68' title='bbox 950 1025 1071 1084; x_wconf 86' lang='lat' dir='ltr'>subinde</span> <span class='ocrx_word' id='word_1_69' title='bbox 1086 1025 1148 1086; x_wconf 90' lang='lat' dir='ltr'>fieri</span> <span class='ocrx_word' id='word_1_70' title='bbox 1169 1026 1251 1100; x_wconf 74' lang='lat' dir='ltr'>solet,</span> <span class='ocrx_word' id='word_1_71' title='bbox 1269 1028 1363 1088; x_wconf 88' lang='lat' dir='ltr'>rarius</span> 
     </span>
     <span class='ocr_line' id='line_1_9' title="bbox 155 1104 1363 1183; baseline 0.005 -21"><span class='ocrx_word' id='word_1_72' title='bbox 155 1113 288 1162; x_wconf 88' lang='lat' dir='ltr'>occurrat</span> <span class='ocrx_word' id='word_1_73' title='bbox 302 1105 331 1161; x_wconf 89' lang='lat' dir='ltr'>in</span> <span class='ocrx_word' id='word_1_74' title='bbox 346 1104 444 1163; x_wconf 88' lang='lat' dir='ltr'>debito</span> <span class='ocrx_word' id='word_1_75' title='bbox 459 1106 574 1182; x_wconf 86' lang='lat' dir='ltr'>poeneli,</span> <span class='ocrx_word' id='word_1_76' title='bbox 598 1107 656 1164; x_wconf 90' lang='lat' dir='ltr'>imo</span> <span class='ocrx_word' id='word_1_77' title='bbox 675 1106 831 1182; x_wconf 86' lang='lat' dir='ltr'>aliquando</span> <span class='ocrx_word' id='word_1_78' title='bbox 853 1105 1047 1182; x_wconf 86' lang='lat' dir='ltr'>prohibeatur,</span> <span class='ocrx_word' id='word_1_79' title='bbox 1064 1113 1096 1164; x_wconf 90' lang='lat' dir='ltr'>ut</span> <span class='ocrx_word' id='word_1_80' title='bbox 1117 1106 1196 1183; x_wconf 88' lang='lat' dir='ltr'>apud</span> <span class='ocrx_word' id='word_1_81' title='bbox 1216 1106 1363 1168; x_wconf 88' lang='lat' dir='ltr'>Romanos</span> 
     </span>
     <span class='ocr_line' id='line_1_10' title="bbox 154 1184 1368 1263; baseline 0.003 -21"><span class='ocrx_word' id='word_1_82' title='bbox 154 1184 358 1261; x_wconf 86' lang='lat' dir='ltr'>fidejussiones</span> <span class='ocrx_word' id='word_1_83' title='bbox 371 1184 402 1242; x_wconf 91' lang='lat' dir='ltr'>in</span> <span class='ocrx_word' id='word_1_84' title='bbox 416 1205 501 1261; x_wconf 90' lang='lat' dir='ltr'>poena</span> <span class='ocrx_word' id='word_1_85' title='bbox 522 1185 638 1263; x_wconf 84' lang='lat' dir='ltr'>capitali</span> <span class='ocrx_word' id='word_1_86' title='bbox 662 1186 843 1260; x_wconf 85' lang='lat' dir='ltr'>vetabantur,</span> <span class='ocrx_word' id='word_1_87' title='bbox 867 1185 934 1262; x_wconf 90' lang='lat' dir='ltr'>quia</span> <span class='ocrx_word' id='word_1_88' title='bbox 948 1205 1032 1244; x_wconf 88' lang='lat' dir='ltr'>nemo</span> <span class='ocrx_word' id='word_1_89' title='bbox 1047 1195 1092 1243; x_wconf 91' lang='lat' dir='ltr'>cst</span> <span class='ocrx_word' id='word_1_90' title='bbox 1107 1186 1249 1245; x_wconf 85' lang='lat' dir='ltr'>Dominus</span> <span class='ocrx_word' id='word_1_91' title='bbox 1273 1205 1368 1248; x_wconf 74' lang='lat' dir='ltr'>mem·</span> 
     </span>
     <span class='ocr_line' id='line_1_11' title="bbox 155 1265 1362 1344; baseline 0.004 -22"><span class='ocrx_word' id='word_1_92' title='bbox 155 1265 273 1322; x_wconf 86' lang='lat' dir='ltr'>brorum</span> <span class='ocrx_word' id='word_1_93' title='bbox 288 1283 414 1338; x_wconf 86' lang='lat' dir='ltr'>suorum,</span> <span class='ocrx_word' id='word_1_94' title='bbox 430 1285 483 1324; x_wconf 89' lang='lat' dir='ltr'>nec</span> <span class='ocrx_word' id='word_1_95' title='bbox 497 1266 552 1324; x_wconf 90' lang='lat' dir='ltr'>hoc</span> <span class='ocrx_word' id='word_1_96' title='bbox 566 1265 628 1324; x_wconf 87' lang='lat' dir='ltr'>fieri</span> <span class='ocrx_word' id='word_1_97' title='bbox 641 1275 738 1344; x_wconf 86' lang='lat' dir='ltr'>potest</span> <span class='ocrx_word' id='word_1_98' title='bbox 752 1267 813 1324; x_wconf 89' lang='lat' dir='ltr'>sine</span> <span class='ocrx_word' id='word_1_99' title='bbox 835 1265 931 1341; x_wconf 88' lang='lat' dir='ltr'>aliquo</span> <span class='ocrx_word' id='word_1_100' title='bbox 954 1265 1134 1342; x_wconf 78' lang='lat' dir='ltr'>Reipublicae</span> <span class='ocrx_word' id='word_1_101' title='bbox 1148 1265 1273 1326; x_wconf 84' lang='lat' dir='ltr'>damno:</span> <span class='ocrx_word' id='word_1_102' title='bbox 1296 1268 1362 1327; x_wconf 88' lang='lat' dir='ltr'>Non</span> 
     </span>
     <span class='ocr_line' id='line_1_12' title="bbox 155 1343 1361 1424; baseline 0.004 -22"><span class='ocrx_word' id='word_1_103' title='bbox 155 1343 285 1420; x_wconf 79' lang='lat' dir='ltr'>ignotam</span> <span class='ocrx_word' id='word_1_104' title='bbox 298 1352 394 1402; x_wconf 88' lang='lat' dir='ltr'>tamen</span> <span class='ocrx_word' id='word_1_105' title='bbox 405 1345 537 1404; x_wconf 88' lang='lat' dir='ltr'>absolute</span> <span class='ocrx_word' id='word_1_106' title='bbox 552 1346 684 1404; x_wconf 88' lang='lat' dir='ltr'>Ethnicis</span> <span class='ocrx_word' id='word_1_107' title='bbox 705 1345 802 1418; x_wconf 85' lang='lat' dir='ltr'>fuisse,</span> <span class='ocrx_word' id='word_1_108' title='bbox 818 1344 951 1421; x_wconf 89' lang='lat' dir='ltr'>exempla</span> <span class='ocrx_word' id='word_1_109' title='bbox 967 1345 1106 1404; x_wconf 89' lang='lat' dir='ltr'>Damonis</span> <span class='ocrx_word' id='word_1_110' title='bbox 1117 1354 1146 1404; x_wconf 89' lang='lat' dir='ltr'>et</span> <span class='ocrx_word' id='word_1_111' title='bbox 1162 1345 1276 1424; x_wconf 81' lang='lat' dir='ltr'>Pythiae</span> <span class='ocrx_word' id='word_1_112' title='bbox 1290 1349 1361 1407; x_wconf 86' lang='lat' dir='ltr'>emi·</span> 
     </span>
     <span class='ocr_line' id='line_1_13' title="bbox 155 1425 1362 1504; baseline 0.005 -23"><span class='ocrx_word' id='word_1_113' title='bbox 155 1443 262 1496; x_wconf 87' lang='lat' dir='ltr'>corum,</span> <span class='ocrx_word' id='word_1_114' title='bbox 279 1443 399 1500; x_wconf 88' lang='lat' dir='ltr'>qnorum</span> <span class='ocrx_word' id='word_1_115' title='bbox 415 1426 533 1483; x_wconf 81' lang='lat' dir='ltr'>alterae</span> <span class='ocrx_word' id='word_1_116' title='bbox 557 1445 609 1502; x_wconf 91' lang='lat' dir='ltr'>pro</span> <span class='ocrx_word' id='word_1_117' title='bbox 631 1426 721 1485; x_wconf 88' lang='lat' dir='ltr'>altero</span> <span class='ocrx_word' id='word_1_118' title='bbox 741 1425 845 1483; x_wconf 88' lang='lat' dir='ltr'>vadem</span> <span class='ocrx_word' id='word_1_119' title='bbox 860 1425 934 1484; x_wconf 90' lang='lat' dir='ltr'>stitit</span> <span class='ocrx_word' id='word_1_120' title='bbox 952 1425 1029 1502; x_wconf 90' lang='lat' dir='ltr'>apud</span> <span class='ocrx_word' id='word_1_121' title='bbox 1043 1425 1217 1504; x_wconf 87' lang='lat' dir='ltr'>Dionysium</span> <span class='ocrx_word' id='word_1_122' title='bbox 1231 1427 1261 1484; x_wconf 85' lang='lat' dir='ltr'>in</span> <span class='ocrx_word' id='word_1_123' title='bbox 1276 1448 1362 1487; x_wconf 86' lang='lat' dir='ltr'>cause</span> 
     </span>
     <span class='ocr_line' id='line_1_14' title="bbox 155 1504 1360 1583; baseline 0.003 -21"><span class='ocrx_word' id='word_1_124' title='bbox 155 1505 280 1580; x_wconf 90' lang='lat' dir='ltr'>capitali,</span> <span class='ocrx_word' id='word_1_125' title='bbox 297 1514 326 1562; x_wconf 89' lang='lat' dir='ltr'>ct</span> <span class='ocrx_word' id='word_1_126' title='bbox 341 1504 441 1576; x_wconf 86' lang='lat' dir='ltr'>Curtii,</span> <span class='ocrx_word' id='word_1_127' title='bbox 459 1505 554 1579; x_wconf 84' lang='lat' dir='ltr'>Codri,</span> <span class='ocrx_word' id='word_1_128' title='bbox 568 1506 659 1580; x_wconf 86' lang='lat' dir='ltr'>Decii,</span> <span class='ocrx_word' id='word_1_129' title='bbox 676 1525 706 1564; x_wconf 93' lang='lat' dir='ltr'>se</span> <span class='ocrx_word' id='word_1_130' title='bbox 720 1525 772 1582; x_wconf 92' lang='lat' dir='ltr'>pro</span> <span class='ocrx_word' id='word_1_131' title='bbox 787 1505 880 1582; x_wconf 88' lang='lat' dir='ltr'>patria</span> <span class='ocrx_word' id='word_1_132' title='bbox 894 1504 1108 1579; x_wconf 86' lang='lat' dir='ltr'>devoventium,</span> <span class='ocrx_word' id='word_1_133' title='bbox 1124 1506 1195 1564; x_wconf 91' lang='lat' dir='ltr'>satis</span> <span class='ocrx_word' id='word_1_134' title='bbox 1209 1515 1360 1583; x_wconf 83' lang='lat' dir='ltr'>testantur,</span> 
     </span>
     <span class='ocr_line' id='line_1_15' title="bbox 156 1583 1361 1662; baseline 0.003 -20"><span class='ocrx_word' id='word_1_135' title='bbox 156 1593 189 1642; x_wconf 90' lang='lat' dir='ltr'>ut</span> <span class='ocrx_word' id='word_1_136' title='bbox 204 1592 234 1642; x_wconf 90' lang='lat' dir='ltr'>et</span> <span class='ocrx_word' id='word_1_137' title='bbox 243 1585 294 1662; x_wconf 89' lang='lat' dir='ltr'>jus</span> <span class='ocrx_word' id='word_1_138' title='bbox 309 1583 531 1642; x_wconf 77' lang='lat' dir='ltr'>occidendorum</span> <span class='ocrx_word' id='word_1_139' title='bbox 546 1585 679 1644; x_wconf 90' lang='lat' dir='ltr'>obsidum</span> <span class='ocrx_word' id='word_1_140' title='bbox 693 1584 909 1643; x_wconf 79' lang='lat' dir='ltr'>humanissimis</span> <span class='ocrx_word' id='word_1_141' title='bbox 922 1585 1038 1662; x_wconf 88' lang='lat' dir='ltr'>populis</span> <span class='ocrx_word' id='word_1_142' title='bbox 1052 1585 1198 1660; x_wconf 90' lang='lat' dir='ltr'>usitatum,</span> <span class='ocrx_word' id='word_1_143' title='bbox 1212 1586 1262 1644; x_wconf 93' lang='lat' dir='ltr'>ubi</span> <span class='ocrx_word' id='word_1_144' title='bbox 1278 1588 1361 1646; x_wconf 90' lang='lat' dir='ltr'>Prin-</span> 
     </span>
     <span class='ocr_line' id='line_1_16' title="bbox 155 1662 1359 1745; baseline 0.002 -23"><span class='ocrx_word' id='word_1_145' title='bbox 155 1664 263 1740; x_wconf 89' lang='lat' dir='ltr'>cipales</span> <span class='ocrx_word' id='word_1_146' title='bbox 277 1684 295 1721; x_wconf 93' lang='lat' dir='ltr'>a</span> <span class='ocrx_word' id='word_1_147' title='bbox 308 1665 457 1741; x_wconf 87' lang='lat' dir='ltr'>promissis</span> <span class='ocrx_word' id='word_1_148' title='bbox 478 1665 663 1724; x_wconf 86' lang='lat' dir='ltr'>deficiebant:</span> <span class='ocrx_word' id='word_1_149' title='bbox 684 1667 734 1742; x_wconf 92' lang='lat' dir='ltr'>qui</span> <span class='ocrx_word' id='word_1_150' title='bbox 749 1665 814 1724; x_wconf 91' lang='lat' dir='ltr'>idco</span> <span class='ocrx_word' id='word_1_151' title='bbox 827 1662 966 1741; x_wconf 68' lang='grc' dir='ltr'>ἆπίψυχοι</span> <span class='ocrx_word' id='word_1_152' title='bbox 981 1664 1168 1724; x_wconf 83' lang='lat' dir='ltr'>dicebantur:</span> <span class='ocrx_word' id='word_1_153' title='bbox 1191 1666 1255 1740; x_wconf 85' lang='lat' dir='ltr'>Quo</span> <span class='ocrx_word' id='word_1_154' title='bbox 1269 1668 1359 1745; x_wconf 91' lang='lat' dir='ltr'>respi-</span> 
     </span>
     <span class='ocr_line' id='line_1_17' title="bbox 156 1743 1358 1822; baseline 0.005 -22"><span class='ocrx_word' id='word_1_155' title='bbox 156 1745 235 1801; x_wconf 86' lang='lat' dir='ltr'>ciens</span> <span class='ocrx_word' id='word_1_156' title='bbox 250 1743 367 1818; x_wconf 86' lang='lat' dir='ltr'>Puulus,</span> <span class='ocrx_word' id='word_1_157' title='bbox 385 1745 469 1803; x_wconf 81' lang='lat' dir='ltr'>liom.</span> <span class='ocrx_word' id='word_1_158' title='bbox 491 1764 520 1803; x_wconf 90' lang='lat' dir='ltr'>v.</span> <span class='ocrx_word' id='word_1_159' title='bbox 547 1750 574 1819; x_wconf 81' lang='lat'>7,</span> <span class='ocrx_word' id='word_1_160' title='bbox 595 1745 665 1804; x_wconf 90' lang='lat' dir='ltr'>dicit</span> <span class='ocrx_word' id='word_1_161' title='bbox 685 1767 742 1821; x_wconf 86' lang='lat' dir='ltr'>pro</span> <span class='ocrx_word' id='word_1_162' title='bbox 764 1746 826 1804; x_wconf 80' lang='lat' dir='ltr'>uiro</span> <span class='ocrx_word' id='word_1_163' title='bbox 850 1747 920 1802; x_wconf 85' lang='lat' dir='ltr'>bono</span> <span class='ocrx_word' id='word_1_164' title='bbox 926 1748 1031 1818; x_wconf 81' lang='lat' dir='ltr'>forsan</span> <span class='ocrx_word' id='word_1_165' title='bbox 1045 1745 1168 1820; x_wconf 81' lang='lat' dir='ltr'>aliquem</span> <span class='ocrx_word' id='word_1_166' title='bbox 1182 1746 1257 1803; x_wconf 86' lang='lat' dir='ltr'>mori</span> <span class='ocrx_word' id='word_1_167' title='bbox 1264 1767 1358 1822; x_wconf 81' lang='lat' dir='ltr'>posse.</span> 
     </span>
     <span class='ocr_line' id='line_1_18' title="bbox 159 1822 1360 1903; baseline 0.006 -25"><span class='ocrx_word' id='word_1_168' title='bbox 159 1822 308 1900; x_wconf 86' lang='lat' dir='ltr'>Scriptura</span> <span class='ocrx_word' id='word_1_169' title='bbox 321 1843 389 1882; x_wconf 87' lang='lat' dir='ltr'>sane</span> <span class='ocrx_word' id='word_1_170' title='bbox 404 1844 467 1882; x_wconf 87' lang='lat' dir='ltr'>cam</span> <span class='ocrx_word' id='word_1_171' title='bbox 481 1824 605 1884; x_wconf 84' lang='lat' dir='ltr'>adstruit</span> <span class='ocrx_word' id='word_1_172' title='bbox 629 1845 714 1902; x_wconf 83' lang='lat' dir='ltr'>saepe,</span> <span class='ocrx_word' id='word_1_173' title='bbox 734 1845 792 1882; x_wconf 88' lang='lat' dir='ltr'>uon</span> <span class='ocrx_word' id='word_1_174' title='bbox 812 1825 897 1882; x_wconf 87' lang='lat' dir='ltr'>modo</span> <span class='ocrx_word' id='word_1_175' title='bbox 921 1845 958 1882; x_wconf 82' lang='lat' dir='ltr'>ex</span> <span class='ocrx_word' id='word_1_176' title='bbox 981 1824 1169 1902; x_wconf 84' lang='lat' dir='ltr'>imputatione</span> <span class='ocrx_word' id='word_1_177' title='bbox 1191 1825 1312 1903; x_wconf 90' lang='lat' dir='ltr'>peccati,</span> <span class='ocrx_word' id='word_1_178' title='bbox 1329 1827 1360 1885; x_wconf 89' lang='lat' dir='ltr'>in</span> 
     </span>
     <span class='ocr_line' id='line_1_19' title="bbox 156 1903 1359 1982; baseline 0.002 -21"><span class='ocrx_word' id='word_1_179' title='bbox 156 1923 215 1977; x_wconf 87' lang='lat' dir='ltr'>qua</span> <span class='ocrx_word' id='word_1_180' title='bbox 228 1904 302 1963; x_wconf 85' lang='lat' dir='ltr'>alter</span> <span class='ocrx_word' id='word_1_181' title='bbox 314 1905 430 1964; x_wconf 87' lang='lat' dir='ltr'>ulterius</span> <span class='ocrx_word' id='word_1_182' title='bbox 444 1925 557 1980; x_wconf 86' lang='lat' dir='ltr'>poenam</span> <span class='ocrx_word' id='word_1_183' title='bbox 573 1905 646 1963; x_wconf 88' lang='lat' dir='ltr'>ferre</span> <span class='ocrx_word' id='word_1_184' title='bbox 661 1906 741 1979; x_wconf 90' lang='lat' dir='ltr'>solet,</span> <span class='ocrx_word' id='word_1_185' title='bbox 755 1903 806 1962; x_wconf 91' lang='lat' dir='ltr'>sed</span> <span class='ocrx_word' id='word_1_186' title='bbox 821 1914 850 1964; x_wconf 88' lang='lat' dir='ltr'>et</span> <span class='ocrx_word' id='word_1_187' title='bbox 864 1924 900 1962; x_wconf 87' lang='lat' dir='ltr'>ex</span> <span class='ocrx_word' id='word_1_188' title='bbox 914 1904 1031 1982; x_wconf 92' lang='lat' dir='ltr'>publico</span> <span class='ocrx_word' id='word_1_189' title='bbox 1041 1904 1245 1965; x_wconf 87' lang='lat' dir='ltr'>sacrificiorum</span> <span class='ocrx_word' id='word_1_190' title='bbox 1255 1926 1319 1982; x_wconf 87' lang='lat' dir='ltr'>usu,</span> <span class='ocrx_word' id='word_1_191' title='bbox 1329 1907 1359 1964; x_wconf 90' lang='lat' dir='ltr'>in</span> 
     </span>
     <span class='ocr_line' id='line_1_20' title="bbox 158 1985 1359 2062; baseline 0.004 -22"><span class='ocrx_word' id='word_1_192' title='bbox 158 2001 215 2058; x_wconf 86' lang='lat' dir='ltr'>quo</span> <span class='ocrx_word' id='word_1_193' title='bbox 226 1985 383 2059; x_wconf 88' lang='lat' dir='ltr'>peccatoris</span> <span class='ocrx_word' id='word_1_194' title='bbox 396 1985 491 2042; x_wconf 91' lang='lat' dir='ltr'>locum</span> <span class='ocrx_word' id='word_1_195' title='bbox 508 1985 603 2043; x_wconf 90' lang='lat' dir='ltr'>subire</span> <span class='ocrx_word' id='word_1_196' title='bbox 618 1985 718 2044; x_wconf 91' lang='lat' dir='ltr'>debuit</span> <span class='ocrx_word' id='word_1_197' title='bbox 729 1985 855 2058; x_wconf 85' lang='lat' dir='ltr'>victima,</span> <span class='ocrx_word' id='word_1_198' title='bbox 867 1993 988 2044; x_wconf 81' lang='lat' dir='ltr'>mortem</span> <span class='ocrx_word' id='word_1_199' title='bbox 999 2004 1051 2061; x_wconf 92' lang='lat' dir='ltr'>pro</span> <span class='ocrx_word' id='word_1_200' title='bbox 1065 1985 1127 2061; x_wconf 87' lang='lat' dir='ltr'>ipso</span> <span class='ocrx_word' id='word_1_201' title='bbox 1142 1985 1257 2062; x_wconf 83' lang='lat' dir='ltr'>luitura,</span> <span class='ocrx_word' id='word_1_202' title='bbox 1273 2006 1359 2062; x_wconf 91' lang='lat' dir='ltr'>quem</span> 
     </span>
     <span class='ocr_line' id='line_1_21' title="bbox 156 2061 1257 2142; baseline 0.004 -23"><span class='ocrx_word' id='word_1_203' title='bbox 156 2061 186 2119; x_wconf 93' lang='lat' dir='ltr'>in</span> <span class='ocrx_word' id='word_1_204' title='bbox 201 2063 287 2121; x_wconf 85' lang='lat' dir='ltr'>lincm</span> <span class='ocrx_word' id='word_1_205' title='bbox 297 2084 399 2123; x_wconf 89' lang='lat' dir='ltr'>manus</span> <span class='ocrx_word' id='word_1_206' title='bbox 413 2065 499 2141; x_wconf 84' lang='lat' dir='ltr'>capiti</span> <span class='ocrx_word' id='word_1_207' title='bbox 514 2065 577 2142; x_wconf 89' lang='lat' dir='ltr'>ejus</span> <span class='ocrx_word' id='word_1_208' title='bbox 591 2064 819 2141; x_wconf 84' lang='lat' dir='ltr'>imponebantur,</span> <span class='ocrx_word' id='word_1_209' title='bbox 836 2072 865 2122; x_wconf 89' lang='lat' dir='ltr'>et</span> <span class='ocrx_word' id='word_1_210' title='bbox 879 2064 989 2141; x_wconf 87' lang='lat' dir='ltr'>peccati</span> <span class='ocrx_word' id='word_1_211' title='bbox 1004 2064 1146 2122; x_wconf 86' lang='lat' dir='ltr'>confessio</span> <span class='ocrx_word' id='word_1_212' title='bbox 1160 2064 1257 2124; x_wconf 86' lang='lat' dir='ltr'>fiebat.</span> 
     </span>
    </p>

    <p class='ocr_par' dir='ltr' id='par_1_4' title="bbox 151 2143 1359 3259">
     <span class='ocr_line' id='line_1_22' title="bbox 197 2143 1359 2221; baseline 0.003 -21"><span class='ocrx_word' id='word_1_213' title='bbox 197 2143 286 2200; x_wconf 87' lang='lat' dir='ltr'><strong>XIV.</strong></span> <span class='ocrx_word' id='word_1_214' title='bbox 311 2143 370 2202; x_wconf 82' lang='lat' dir='ltr'>Sed</span> <span class='ocrx_word' id='word_1_215' title='bbox 383 2152 415 2203; x_wconf 89' lang='lat' dir='ltr'>ut</span> <span class='ocrx_word' id='word_1_216' title='bbox 430 2145 597 2220; x_wconf 84' lang='lat' dir='ltr'>substitutio</span> <span class='ocrx_word' id='word_1_217' title='bbox 622 2145 678 2203; x_wconf 89' lang='lat' dir='ltr'>ista</span> <span class='ocrx_word' id='word_1_218' title='bbox 699 2145 828 2221; x_wconf 79' lang='lat' dir='ltr'>legitime</span> <span class='ocrx_word' id='word_1_219' title='bbox 850 2154 879 2202; x_wconf 89' lang='lat' dir='ltr'>et</span> <span class='ocrx_word' id='word_1_220' title='bbox 897 2145 1006 2221; x_wconf 83' lang='lat' dir='ltr'>absque</span> <span class='ocrx_word' id='word_1_221' title='bbox 1030 2144 1091 2202; x_wconf 91' lang='lat' dir='ltr'>ulla</span> <span class='ocrx_word' id='word_1_222' title='bbox 1115 2145 1264 2221; x_wconf 85' lang='lat' dir='ltr'>injustitiae</span> <span class='ocrx_word' id='word_1_223' title='bbox 1289 2153 1359 2204; x_wconf 85' lang='lat' dir='ltr'>nota</span> 
     </span>
     <span class='ocr_line' id='line_1_23' title="bbox 154 2221 1359 2301; baseline 0.003 -21"><span class='ocrx_word' id='word_1_224' title='bbox 154 2222 217 2280; x_wconf 90' lang='lat' dir='ltr'>fieri</span> <span class='ocrx_word' id='word_1_225' title='bbox 243 2225 343 2300; x_wconf 88' lang='lat' dir='ltr'>possit,</span> <span class='ocrx_word' id='word_1_226' title='bbox 372 2221 459 2282; x_wconf 80' lang='lat' dir='ltr'>variae</span> <span class='ocrx_word' id='word_1_227' title='bbox 487 2224 666 2284; x_wconf 88' lang='lat' dir='ltr'>conditi0nes</span> <span class='ocrx_word' id='word_1_228' title='bbox 693 2225 724 2282; x_wconf 92' lang='lat' dir='ltr'>in</span> <span class='ocrx_word' id='word_1_229' title='bbox 748 2243 885 2301; x_wconf 88' lang='lat' dir='ltr'>sponsore</span> <span class='ocrx_word' id='word_1_230' title='bbox 908 2224 1101 2300; x_wconf 85' lang='lat' dir='ltr'>requiruntur,</span> <span class='ocrx_word' id='word_1_231' title='bbox 1116 2245 1181 2300; x_wconf 86' lang='lat' dir='ltr'>quae</span> <span class='ocrx_word' id='word_1_232' title='bbox 1205 2245 1305 2284; x_wconf 89' lang='lat' dir='ltr'>omnes</span> <span class='ocrx_word' id='word_1_233' title='bbox 1329 2227 1359 2284; x_wconf 91' lang='lat' dir='ltr'>in</span> 
     </span>
     <span class='ocr_line' id='line_1_24' title="bbox 155 2302 1357 2382; baseline 0.002 -22"><span class='ocrx_word' id='word_1_234' title='bbox 155 2302 301 2362; x_wconf 82' lang='lat' dir='ltr'>Christum</span> <span class='ocrx_word' id='word_1_235' title='bbox 315 2303 439 2381; x_wconf 83' lang='lat' dir='ltr'>perfecte</span> <span class='ocrx_word' id='word_1_236' title='bbox 454 2313 627 2381; x_wconf 90' lang='lat' dir='ltr'>competunt.</span> <span class='ocrx_word' id='word_1_237' title='bbox 673 2309 698 2362; x_wconf 96' lang='lat' dir='ltr'>l.</span> <span class='ocrx_word' id='word_1_238' title='bbox 716 2305 880 2363; x_wconf 69' lang='lat' dir='ltr'>Commutato</span> <span class='ocrx_word' id='word_1_239' title='bbox 888 2313 1006 2378; x_wconf 74' lang='lat' dir='ltr'>namra,</span> <span class='ocrx_word' id='word_1_240' title='bbox 1020 2312 1051 2361; x_wconf 88' lang='lat' dir='ltr'>ut</span> <span class='ocrx_word' id='word_1_241' title='bbox 1060 2313 1207 2380; x_wconf 87' lang='lat' dir='ltr'>peccatum</span> <span class='ocrx_word' id='word_1_242' title='bbox 1220 2304 1357 2382; x_wconf 89' lang='lat' dir='ltr'>puniatur</span> 
     </span>
     <span class='ocr_line' id='line_1_25' title="bbox 155 2381 1359 2462; baseline 0.005 -24"><span class='ocrx_word' id='word_1_243' title='bbox 155 2381 184 2440; x_wconf 88' lang='lat' dir='ltr'>in</span> <span class='ocrx_word' id='word_1_244' title='bbox 200 2403 234 2441; x_wconf 88' lang='lat' dir='ltr'>ea</span> <span class='ocrx_word' id='word_1_245' title='bbox 247 2394 349 2442; x_wconf 87' lang='lat' dir='ltr'>natura</span> <span class='ocrx_word' id='word_1_246' title='bbox 362 2404 426 2460; x_wconf 72' lang='lat' dir='ltr'>quse</span> <span class='ocrx_word' id='word_1_247' title='bbox 441 2404 490 2442; x_wconf 88' lang='lat' dir='ltr'>ree</span> <span class='ocrx_word' id='word_1_248' title='bbox 503 2392 572 2457; x_wconf 80' lang='lat' dir='ltr'>erat,</span> <span class='ocrx_word' id='word_1_249' title='bbox 590 2385 665 2442; x_wconf 92' lang='lat' dir='ltr'>IIeb.</span> <span class='ocrx_word' id='word_1_250' title='bbox 681 2385 711 2442; x_wconf 90' lang='lat' dir='ltr'>ii.</span> <span class='ocrx_word' id='word_1_251' title='bbox 725 2384 770 2442; x_wconf 81' lang='lat'>14.</span> <span class='ocrx_word' id='word_1_252' title='bbox 814 2389 841 2443; x_wconf 79' lang='lat'>2.</span> <span class='ocrx_word' id='word_1_253' title='bbox 866 2385 1020 2443; x_wconf 78' lang='lat' dir='ltr'>Caucasus</span> <span class='ocrx_word' id='word_1_254' title='bbox 1038 2385 1194 2459; x_wconf 83' lang='lat' dir='ltr'>uoluntatis,</span> <span class='ocrx_word' id='word_1_255' title='bbox 1210 2394 1243 2443; x_wconf 91' lang='lat' dir='ltr'>ut</span> <span class='ocrx_word' id='word_1_256' title='bbox 1257 2395 1359 2462; x_wconf 88' lang='lat' dir='ltr'>sponte</span> 
     </span>
     <span class='ocr_line' id='line_1_26' title="bbox 154 2463 1358 2540; baseline 0.004 -21"><span class='ocrx_word' id='word_1_257' title='bbox 154 2471 184 2519; x_wconf 89' lang='lat' dir='ltr'>et</span> <span class='ocrx_word' id='word_1_258' title='bbox 197 2464 273 2522; x_wconf 90' lang='lat' dir='ltr'>ultro</span> <span class='ocrx_word' id='word_1_259' title='bbox 288 2465 400 2522; x_wconf 90' lang='lat' dir='ltr'>nemine</span> <span class='ocrx_word' id='word_1_260' title='bbox 416 2473 536 2540; x_wconf 78' lang='lat' dir='ltr'>cogente</span> <span class='ocrx_word' id='word_1_261' title='bbox 551 2483 624 2523; x_wconf 86' lang='lat' dir='ltr'>onus</span> <span class='ocrx_word' id='word_1_262' title='bbox 638 2463 710 2522; x_wconf 92' lang='lat' dir='ltr'>illud</span> <span class='ocrx_word' id='word_1_263' title='bbox 725 2464 754 2520; x_wconf 94' lang='lat' dir='ltr'>in</span> <span class='ocrx_word' id='word_1_264' title='bbox 772 2483 803 2522; x_wconf 88' lang='lat' dir='ltr'>se</span> <span class='ocrx_word' id='word_1_265' title='bbox 822 2464 949 2540; x_wconf 80' lang='lat' dir='ltr'>recipiat,</span> <span class='ocrx_word' id='word_1_266' title='bbox 975 2464 1050 2522; x_wconf 91' lang='lat' dir='ltr'>Ileb.</span> <span class='ocrx_word' id='word_1_267' title='bbox 1067 2483 1096 2521; x_wconf 86' lang='lat' dir='ltr'>x.</span> <span class='ocrx_word' id='word_1_268' title='bbox 1112 2465 1139 2538; x_wconf 85' lang='lat'>9,</span> <span class='ocrx_word' id='word_1_269' title='bbox 1157 2465 1257 2523; x_wconf 89' lang='lat' dir='ltr'>“Ecce</span> <span class='ocrx_word' id='word_1_270' title='bbox 1272 2465 1358 2525; x_wconf 81' lang='lat' dir='ltr'>venio</span> 
     </span>
     <span class='ocr_line' id='line_1_27' title="bbox 154 2543 1358 2621; baseline 0.003 -21"><span class='ocrx_word' id='word_1_271' title='bbox 154 2551 187 2600; x_wconf 90' lang='lat' dir='ltr'>ut</span> <span class='ocrx_word' id='word_1_272' title='bbox 199 2543 301 2600; x_wconf 85' lang='lat' dir='ltr'>seciam</span> <span class='ocrx_word' id='word_1_273' title='bbox 314 2545 490 2602; x_wconf 89' lang='lat' dir='ltr'>voluntatem</span> <span class='ocrx_word' id='word_1_274' title='bbox 502 2545 611 2602; x_wconf 85' lang='lat' dir='ltr'>tuam.”</span> <span class='ocrx_word' id='word_1_275' title='bbox 654 2547 681 2602; x_wconf 84' lang='lat'>3.</span> <span class='ocrx_word' id='word_1_276' title='bbox 698 2545 825 2602; x_wconf 81' lang='lat' dir='ltr'>Potestas</span> <span class='ocrx_word' id='word_1_277' title='bbox 836 2553 863 2602; x_wconf 86' lang='lat' dir='ltr'>et</span> <span class='ocrx_word' id='word_1_278' title='bbox 872 2545 1021 2602; x_wconf 83' lang='lat' dir='ltr'>dominium</span> <span class='ocrx_word' id='word_1_279' title='bbox 1038 2545 1223 2603; x_wconf 82' lang='lat' dir='ltr'>membrorum</span> <span class='ocrx_word' id='word_1_280' title='bbox 1233 2565 1358 2621; x_wconf 74' lang='lat' dir='ltr'>acorum,</span> 
     </span>
     <span class='ocr_line' id='line_1_28' title="bbox 153 2623 1358 2701; baseline 0.002 -21"><span class='ocrx_word' id='word_1_281' title='bbox 153 2631 186 2680; x_wconf 93' lang='lat' dir='ltr'>ut</span> <span class='ocrx_word' id='word_1_282' title='bbox 201 2624 239 2682; x_wconf 89' lang='lat' dir='ltr'>sit</span> <span class='ocrx_word' id='word_1_283' title='bbox 253 2623 298 2681; x_wconf 91' lang='lat' dir='ltr'>sui</span> <span class='ocrx_word' id='word_1_284' title='bbox 309 2624 384 2701; x_wconf 89' lang='lat' dir='ltr'>juris</span> <span class='ocrx_word' id='word_1_285' title='bbox 399 2625 449 2700; x_wconf 89' lang='lat' dir='ltr'>qui</span> <span class='ocrx_word' id='word_1_286' title='bbox 463 2624 499 2682; x_wconf 90' lang='lat' dir='ltr'>de</span> <span class='ocrx_word' id='word_1_287' title='bbox 514 2625 609 2701; x_wconf 87' lang='lat' dir='ltr'>seipso</span> <span class='ocrx_word' id='word_1_288' title='bbox 624 2633 749 2682; x_wconf 86' lang='lat' dir='ltr'>statuere</span> <span class='ocrx_word' id='word_1_289' title='bbox 763 2624 863 2701; x_wconf 86' lang='lat' dir='ltr'>possit,</span> <span class='ocrx_word' id='word_1_290' title='bbox 879 2623 948 2683; x_wconf 89' lang='lat' dir='ltr'>Joh.</span> <span class='ocrx_word' id='word_1_291' title='bbox 964 2645 994 2682; x_wconf 84' lang='lat' dir='ltr'>x.</span> <span class='ocrx_word' id='word_1_292' title='bbox 1012 2627 1057 2698; x_wconf 87' lang='grc'>18,</span> <span class='ocrx_word' id='word_1_293' title='bbox 1075 2623 1192 2682; x_wconf 84' lang='lat' dir='ltr'>“Nemo</span> <span class='ocrx_word' id='word_1_294' title='bbox 1207 2625 1283 2683; x_wconf 90' lang='lat' dir='ltr'>tollit</span> <span class='ocrx_word' id='word_1_295' title='bbox 1297 2626 1358 2682; x_wconf 87' lang='lat' dir='ltr'>ani-</span> 
     </span>
     <span class='ocr_line' id='line_1_29' title="bbox 152 2703 1357 2781; baseline 0.004 -23"><span class='ocrx_word' id='word_1_296' title='bbox 152 2721 229 2760; x_wconf 89' lang='lat' dir='ltr'>mam</span> <span class='ocrx_word' id='word_1_297' title='bbox 249 2723 266 2761; x_wconf 86' lang='lat' dir='ltr'>a</span> <span class='ocrx_word' id='word_1_298' title='bbox 286 2724 341 2779; x_wconf 90' lang='lat' dir='ltr'>me,</span> <span class='ocrx_word' id='word_1_299' title='bbox 368 2704 418 2762; x_wconf 88' lang='lat' dir='ltr'>sed</span> <span class='ocrx_word' id='word_1_300' title='bbox 440 2723 495 2780; x_wconf 88' lang='lat' dir='ltr'>ego</span> <span class='ocrx_word' id='word_1_301' title='bbox 520 2704 633 2781; x_wconf 89' lang='lat' dir='ltr'>depono</span> <span class='ocrx_word' id='word_1_302' title='bbox 654 2723 716 2762; x_wconf 90' lang='lat' dir='ltr'>enm</span> <span class='ocrx_word' id='word_1_303' title='bbox 731 2723 782 2780; x_wconf 90' lang='lat' dir='ltr'>per</span> <span class='ocrx_word' id='word_1_304' title='bbox 796 2704 945 2781; x_wconf 86' lang='lat' dir='ltr'>meipsum,</span> <span class='ocrx_word' id='word_1_305' title='bbox 969 2703 1171 2762; x_wconf 79' lang='lat' dir='ltr'>authoritatem</span> <span class='ocrx_word' id='word_1_306' title='bbox 1186 2705 1278 2762; x_wconf 90' lang='lat' dir='ltr'>habeo</span> <span class='ocrx_word' id='word_1_307' title='bbox 1293 2724 1357 2764; x_wconf 86' lang='lat' dir='ltr'>earn</span> 
     </span>
     <span class='ocr_line' id='line_1_30' title="bbox 154 2781 1357 2860; baseline 0.002 -21"><span class='ocrx_word' id='word_1_308' title='bbox 154 2781 324 2858; x_wconf 87' lang='lat' dir='ltr'>deponendi,</span> <span class='ocrx_word' id='word_1_309' title='bbox 354 2794 383 2842; x_wconf 91' lang='lat' dir='ltr'>et</span> <span class='ocrx_word' id='word_1_310' title='bbox 410 2803 473 2842; x_wconf 87' lang='lat' dir='ltr'>earn</span> <span class='ocrx_word' id='word_1_311' title='bbox 500 2803 600 2843; x_wconf 88' lang='lat' dir='ltr'>rursus</span> <span class='ocrx_word' id='word_1_312' title='bbox 628 2782 788 2842; x_wconf 87' lang='lat' dir='ltr'>sumendi.&#39;’</span> <span class='ocrx_word' id='word_1_313' title='bbox 831 2787 859 2841; x_wconf 83' lang='lat'>4.</span> <span class='ocrx_word' id='word_1_314' title='bbox 882 2784 1011 2841; x_wconf 78' lang='lat' dir='ltr'>Potentia</span> <span class='ocrx_word' id='word_1_315' title='bbox 1035 2803 1135 2860; x_wconf 79' lang='lat' dir='ltr'>panas</span> <span class='ocrx_word' id='word_1_316' title='bbox 1159 2805 1252 2842; x_wconf 83' lang='lat' dir='ltr'>omnes</span> <span class='ocrx_word' id='word_1_317' title='bbox 1279 2786 1357 2842; x_wconf 80' lang='lat' dir='ltr'>nobis</span> 
     </span>
     <span class='ocr_line' id='line_1_31' title="bbox 152 2862 1355 2940; baseline 0.002 -21"><span class='ocrx_word' id='word_1_318' title='bbox 152 2863 388 2938; x_wconf 81' lang='lat' dir='ltr'>debitasfereadr&#39;,</span> <span class='ocrx_word' id='word_1_319' title='bbox 413 2874 439 2922; x_wconf 86' lang='lat' dir='ltr'>et</span> <span class='ocrx_word' id='word_1_320' title='bbox 460 2865 610 2938; x_wconf 78' lang='lat' dir='ltr'>auferendi</span> <span class='ocrx_word' id='word_1_321' title='bbox 622 2873 680 2922; x_wconf 75' lang='grc' dir='ltr'>ιαιη</span> <span class='ocrx_word' id='word_1_322' title='bbox 698 2885 718 2920; x_wconf 90' lang='lat' dir='ltr'>a</span> <span class='ocrx_word' id='word_1_323' title='bbox 731 2883 759 2921; x_wconf 87' lang='lat' dir='ltr'>se</span> <span class='ocrx_word' id='word_1_324' title='bbox 773 2883 858 2939; x_wconf 82' lang='lat' dir='ltr'>quam</span> <span class='ocrx_word' id='word_1_325' title='bbox 880 2883 899 2922; x_wconf 87' lang='lat' dir='ltr'>a</span> <span class='ocrx_word' id='word_1_326' title='bbox 914 2865 999 2938; x_wconf 79' lang='lat' dir='ltr'>nolis,</span> <span class='ocrx_word' id='word_1_327' title='bbox 1021 2864 1101 2935; x_wconf 85' lang='lat' dir='ltr'>alias,</span> <span class='ocrx_word' id='word_1_328' title='bbox 1122 2862 1146 2920; x_wconf 89' lang='lat' dir='ltr'>si</span> <span class='ocrx_word' id='word_1_329' title='bbox 1170 2862 1291 2921; x_wconf 90' lang='lat' dir='ltr'>detineri</span> <span class='ocrx_word' id='word_1_330' title='bbox 1305 2884 1355 2940; x_wconf 92' lang='lat' dir='ltr'>po·</span> 
     </span>
     <span class='ocr_line' id='line_1_32' title="bbox 152 2942 1355 3019; baseline 0.002 -22"><span class='ocrx_word' id='word_1_331' title='bbox 152 2943 283 3001; x_wconf 86' lang='lat' dir='ltr'>tuissets</span> <span class='ocrx_word' id='word_1_332' title='bbox 296 2953 395 3018; x_wconf 88' lang='lat' dir='ltr'>morte,</span> <span class='ocrx_word' id='word_1_333' title='bbox 418 2945 562 3002; x_wconf 87' lang='lat' dir='ltr'>neminem</span> <span class='ocrx_word' id='word_1_334' title='bbox 576 2943 613 3002; x_wconf 89' lang='lat' dir='ltr'>ab</span> <span class='ocrx_word' id='word_1_335' title='bbox 627 2963 661 3002; x_wconf 90' lang='lat' dir='ltr'>ee</span> <span class='ocrx_word' id='word_1_336' title='bbox 675 2943 796 3003; x_wconf 88' lang='lat' dir='ltr'>liberare</span> <span class='ocrx_word' id='word_1_337' title='bbox 811 2943 960 3019; x_wconf 90' lang='lat' dir='ltr'>potuisset.</span> <span class='ocrx_word' id='word_1_338' title='bbox 1003 2942 1087 3016; x_wconf 88' lang='lat' dir='ltr'>Quod</span> <span class='ocrx_word' id='word_1_339' title='bbox 1102 2942 1133 2998; x_wconf 92' lang='lat' dir='ltr'>in</span> <span class='ocrx_word' id='word_1_340' title='bbox 1148 2942 1262 3000; x_wconf 88' lang='lat' dir='ltr'>Christo</span> <span class='ocrx_word' id='word_1_341' title='bbox 1280 2945 1355 3002; x_wconf 64' lang='grc' dir='ltr'>θειν-</span> 
     </span>
     <span class='ocr_line' id='line_1_33' title="bbox 152 3021 1354 3101; baseline 0.002 -23"><span class='ocrx_word' id='word_1_342' title='bbox 152 3021 237 3101; x_wconf 63' lang='lat' dir='ltr'>tgelap</span> <span class='ocrx_word' id='word_1_343' title='bbox 260 3023 349 3082; x_wconf 84' lang='lat' dir='ltr'>fuisse</span> <span class='ocrx_word' id='word_1_344' title='bbox 371 3045 455 3082; x_wconf 91' lang='lat' dir='ltr'>nemo</span> <span class='ocrx_word' id='word_1_345' title='bbox 471 3023 601 3083; x_wconf 85' lang='lat' dir='ltr'>dubitare</span> <span class='ocrx_word' id='word_1_346' title='bbox 616 3032 719 3100; x_wconf 88' lang='lat' dir='ltr'>potest.</span> <span class='ocrx_word' id='word_1_347' title='bbox 773 3025 800 3081; x_wconf 85' lang='lat'>5.</span> <span class='ocrx_word' id='word_1_348' title='bbox 823 3023 964 3082; x_wconf 81' lang='lat' dir='ltr'>Sanctitas</span> <span class='ocrx_word' id='word_1_349' title='bbox 984 3031 1011 3080; x_wconf 92' lang='lat' dir='ltr'>et</span> <span class='ocrx_word' id='word_1_350' title='bbox 1030 3022 1143 3097; x_wconf 81' lang='lat' dir='ltr'>puritas</span> <span class='ocrx_word' id='word_1_351' title='bbox 1165 3022 1354 3101; x_wconf 85' lang='lat' dir='ltr'>immaculata,</span> 
     </span>
     <span class='ocr_line' id='line_1_34' title="bbox 152 3101 1355 3180; baseline 0.001 -20"><span class='ocrx_word' id='word_1_352' title='bbox 152 3111 184 3160; x_wconf 90' lang='lat' dir='ltr'>ut</span> <span class='ocrx_word' id='word_1_353' title='bbox 198 3103 278 3161; x_wconf 90' lang='lat' dir='ltr'>nullo</span> <span class='ocrx_word' id='word_1_354' title='bbox 292 3114 410 3180; x_wconf 89' lang='lat' dir='ltr'>peccato</span> <span class='ocrx_word' id='word_1_355' title='bbox 430 3103 604 3180; x_wconf 87' lang='lat' dir='ltr'>inquinatus,</span> <span class='ocrx_word' id='word_1_356' title='bbox 630 3123 702 3180; x_wconf 91' lang='lat' dir='ltr'>opus</span> <span class='ocrx_word' id='word_1_357' title='bbox 717 3125 774 3162; x_wconf 88' lang='lat' dir='ltr'>nou</span> <span class='ocrx_word' id='word_1_358' title='bbox 788 3103 908 3162; x_wconf 87' lang='lat' dir='ltr'>heberet</span> <span class='ocrx_word' id='word_1_359' title='bbox 926 3101 1028 3160; x_wconf 89' lang='lat' dir='ltr'>offerre</span> <span class='ocrx_word' id='word_1_360' title='bbox 1049 3121 1101 3178; x_wconf 88' lang='lat' dir='ltr'>pro</span> <span class='ocrx_word' id='word_1_361' title='bbox 1116 3101 1220 3178; x_wconf 87' lang='lat' dir='ltr'>seipso,</span> <span class='ocrx_word' id='word_1_362' title='bbox 1237 3101 1289 3160; x_wconf 92' lang='lat' dir='ltr'>sed</span> <span class='ocrx_word' id='word_1_363' title='bbox 1303 3123 1355 3180; x_wconf 92' lang='lat' dir='ltr'>pro</span> 
     </span>
     <span class='ocr_line' id='line_1_35' title="bbox 151 3181 717 3259; baseline 0.005 -20"><span class='ocrx_word' id='word_1_364' title='bbox 151 3181 370 3259; x_wconf 87' lang='lat' dir='ltr'>nobistantum,</span> <span class='ocrx_word' id='word_1_365' title='bbox 386 3184 463 3242; x_wconf 91' lang='lat' dir='ltr'>Heb.</span> <span class='ocrx_word' id='word_1_366' title='bbox 478 3185 528 3242; x_wconf 88' lang='lat' dir='ltr'>vii.</span> <span class='ocrx_word' id='word_1_367' title='bbox 545 3185 592 3258; x_wconf 84' lang='lat'>25,</span> <span class='ocrx_word' id='word_1_368' title='bbox 608 3186 656 3258; x_wconf 80' lang='lat'>26,</span> <span class='ocrx_word' id='word_1_369' title='bbox 669 3187 717 3242; x_wconf 83' lang='lat'>27.</span> 
     </span>
    </p>

    <p class='ocr_par' dir='ltr' id='par_1_5' title="bbox 148 3260 1388 4519">
     <span class='ocr_line' id='line_1_36' title="bbox 192 3260 1355 3341; baseline 0.002 -22"><span class='ocrx_word' id='word_1_370' title='bbox 192 3261 264 3320; x_wconf 90' lang='lat' dir='ltr'>XV.</span> <span class='ocrx_word' id='word_1_371' title='bbox 288 3263 344 3321; x_wconf 91' lang='lat' dir='ltr'>His</span> <span class='ocrx_word' id='word_1_372' title='bbox 354 3264 457 3340; x_wconf 87' lang='lat' dir='ltr'>positis</span> <span class='ocrx_word' id='word_1_373' title='bbox 471 3263 693 3336; x_wconf 88' lang='lat' dir='ltr'>conditionibus,</span> <span class='ocrx_word' id='word_1_374' title='bbox 715 3263 854 3341; x_wconf 88' lang='lat' dir='ltr'>injustum</span> <span class='ocrx_word' id='word_1_375' title='bbox 869 3281 927 3319; x_wconf 92' lang='lat' dir='ltr'>non</span> <span class='ocrx_word' id='word_1_376' title='bbox 941 3261 997 3319; x_wconf 87' lang='lat' dir='ltr'>fuit</span> <span class='ocrx_word' id='word_1_377' title='bbox 1011 3260 1156 3319; x_wconf 81' lang='lat' dir='ltr'>Christum</span> <span class='ocrx_word' id='word_1_378' title='bbox 1175 3261 1288 3338; x_wconf 85' lang='lat' dir='ltr'>justum</span> <span class='ocrx_word' id='word_1_379' title='bbox 1303 3283 1355 3340; x_wconf 91' lang='lat' dir='ltr'>pro</span> 
     </span>
     <span class='ocr_line' id='line_1_37' title="bbox 150 3341 1355 3419; baseline 0.002 -20"><span class='ocrx_word' id='word_1_380' title='bbox 150 3341 234 3400; x_wconf 91' lang='lat' dir='ltr'>nobis</span> <span class='ocrx_word' id='word_1_381' title='bbox 248 3342 363 3419; x_wconf 87' lang='lat' dir='ltr'>injustis</span> <span class='ocrx_word' id='word_1_382' title='bbox 388 3343 531 3402; x_wconf 90' lang='lat' dir='ltr'>substitui.</span> <span class='ocrx_word' id='word_1_383' title='bbox 574 3344 632 3402; x_wconf 90' lang='lat' dir='ltr'>Hic</span> <span class='ocrx_word' id='word_1_384' title='bbox 647 3344 723 3402; x_wconf 90' lang='lat' dir='ltr'>enim</span> <span class='ocrx_word' id='word_1_385' title='bbox 737 3344 817 3402; x_wconf 87' lang='lat' dir='ltr'>nulle</span> <span class='ocrx_word' id='word_1_386' title='bbox 831 3341 906 3400; x_wconf 88' lang='lat' dir='ltr'>facto</span> <span class='ocrx_word' id='word_1_387' title='bbox 920 3350 964 3400; x_wconf 90' lang='lat' dir='ltr'>cst</span> <span class='ocrx_word' id='word_1_388' title='bbox 978 3341 1112 3417; x_wconf 87' lang='lat' dir='ltr'>cuiquam</span> <span class='ocrx_word' id='word_1_389' title='bbox 1133 3341 1245 3419; x_wconf 87' lang='lat' dir='ltr'>injuria.</span> <span class='ocrx_word' id='word_1_390' title='bbox 1290 3342 1316 3400; x_wconf 88' lang='lat' dir='ltr'>N</span> <span class='ocrx_word' id='word_1_391' title='bbox 1318 3363 1355 3402; x_wconf 91' lang='lat' dir='ltr'>on</span> 
     </span>
     <span class='ocr_line' id='line_1_38' title="bbox 149 3421 1354 3501; baseline -0.001 -19"><span class='ocrx_word' id='word_1_392' title='bbox 149 3421 206 3498; x_wconf 75' lang='lat' dir='ltr'>ipsi</span> <span class='ocrx_word' id='word_1_393' title='bbox 220 3422 339 3498; x_wconf 65' lang='lat' dir='ltr'>Chresto,</span> <span class='ocrx_word' id='word_1_394' title='bbox 355 3431 416 3481; x_wconf 87' lang='lat' dir='ltr'>turn</span> <span class='ocrx_word' id='word_1_395' title='bbox 431 3424 498 3500; x_wconf 89' lang='lat' dir='ltr'>quia</span> <span class='ocrx_word' id='word_1_396' title='bbox 512 3424 614 3482; x_wconf 86' lang='lat' dir='ltr'>volens</span> <span class='ocrx_word' id='word_1_397' title='bbox 627 3424 702 3482; x_wconf 87' lang='lat' dir='ltr'>hanc</span> <span class='ocrx_word' id='word_1_398' title='bbox 716 3443 830 3501; x_wconf 75' lang='lat' dir='ltr'>poenam</span> <span class='ocrx_word' id='word_1_399' title='bbox 851 3423 881 3480; x_wconf 89' lang='lat' dir='ltr'>in</span> <span class='ocrx_word' id='word_1_400' title='bbox 897 3441 927 3480; x_wconf 89' lang='lat' dir='ltr'>se</span> <span class='ocrx_word' id='word_1_401' title='bbox 941 3421 1057 3498; x_wconf 81' lang='lat' dir='ltr'>recepit,</span> <span class='ocrx_word' id='word_1_402' title='bbox 1070 3429 1131 3480; x_wconf 90' lang='lat' dir='ltr'>tum</span> <span class='ocrx_word' id='word_1_403' title='bbox 1146 3422 1214 3498; x_wconf 87' lang='lat' dir='ltr'>quia</span> <span class='ocrx_word' id='word_1_404' title='bbox 1227 3430 1354 3500; x_wconf 86' lang='lat' dir='ltr'>potesta·</span> 
     </span>
     <span class='ocr_line' id='line_1_39' title="bbox 150 3501 1354 3580; baseline 0 -18"><span class='ocrx_word' id='word_1_405' title='bbox 150 3511 208 3562; x_wconf 89' lang='lat' dir='ltr'>tam</span> <span class='ocrx_word' id='word_1_406' title='bbox 223 3503 324 3563; x_wconf 86' lang='lat' dir='ltr'>hebuit</span> <span class='ocrx_word' id='word_1_407' title='bbox 338 3503 374 3562; x_wconf 91' lang='lat' dir='ltr'>de</span> <span class='ocrx_word' id='word_1_408' title='bbox 389 3523 420 3562; x_wconf 90' lang='lat' dir='ltr'>se</span> <span class='ocrx_word' id='word_1_409' title='bbox 435 3503 588 3578; x_wconf 89' lang='lat' dir='ltr'>statuendi,</span> <span class='ocrx_word' id='word_1_410' title='bbox 611 3512 641 3562; x_wconf 90' lang='lat' dir='ltr'>et</span> <span class='ocrx_word' id='word_1_411' title='bbox 663 3505 819 3580; x_wconf 87' lang='lat' dir='ltr'>potentiam</span> <span class='ocrx_word' id='word_1_412' title='bbox 845 3521 908 3560; x_wconf 88' lang='lat' dir='ltr'>sese</span> <span class='ocrx_word' id='word_1_413' title='bbox 923 3523 940 3560; x_wconf 90' lang='lat' dir='ltr'>a</span> <span class='ocrx_word' id='word_1_414' title='bbox 953 3501 1074 3560; x_wconf 87' lang='lat' dir='ltr'>mortuis</span> <span class='ocrx_word' id='word_1_415' title='bbox 1089 3501 1244 3560; x_wconf 86' lang='lat' dir='ltr'>excitandi.</span> <span class='ocrx_word' id='word_1_416' title='bbox 1288 3503 1354 3562; x_wconf 91' lang='lat' dir='ltr'>Non</span> 
     </span>
     <span class='ocr_line' id='line_1_40' title="bbox 149 3581 1353 3662; baseline -0.001 -21"><span class='ocrx_word' id='word_1_417' title='bbox 149 3585 214 3641; x_wconf 87' lang='lat' dir='ltr'>Dec</span> <span class='ocrx_word' id='word_1_418' title='bbox 227 3585 334 3658; x_wconf 71' lang='lat' dir='ltr'>todia,</span> <span class='ocrx_word' id='word_1_419' title='bbox 350 3583 487 3662; x_wconf 90' lang='lat' dir='ltr'>quiahoc</span> <span class='ocrx_word' id='word_1_420' title='bbox 501 3583 594 3642; x_wconf 88' lang='lat' dir='ltr'>voluit</span> <span class='ocrx_word' id='word_1_421' title='bbox 608 3591 637 3641; x_wconf 93' lang='lat' dir='ltr'>et</span> <span class='ocrx_word' id='word_1_422' title='bbox 648 3583 753 3659; x_wconf 71' lang='lat' dir='ltr'>jussit,</span> <span class='ocrx_word' id='word_1_423' title='bbox 776 3581 823 3640; x_wconf 89' lang='lat' dir='ltr'>vel</span> <span class='ocrx_word' id='word_1_424' title='bbox 837 3582 906 3642; x_wconf 85' lang='lat' dir='ltr'>luri</span> <span class='ocrx_word' id='word_1_425' title='bbox 920 3582 1011 3659; x_wconf 88' lang='lat' dir='ltr'>ipsius</span> <span class='ocrx_word' id='word_1_426' title='bbox 1025 3582 1158 3658; x_wconf 88' lang='lat' dir='ltr'>naturali,</span> <span class='ocrx_word' id='word_1_427' title='bbox 1175 3583 1220 3641; x_wconf 91' lang='lat' dir='ltr'>cui</span> <span class='ocrx_word' id='word_1_428' title='bbox 1236 3592 1353 3641; x_wconf 87' lang='lat' dir='ltr'>cautum</span> 
     </span>
     <span class='ocr_line' id='line_1_41' title="bbox 149 3661 1353 3741; baseline 0.001 -21"><span class='ocrx_word' id='word_1_429' title='bbox 149 3670 194 3721; x_wconf 87' lang='lat' dir='ltr'>est</span> <span class='ocrx_word' id='word_1_430' title='bbox 207 3683 293 3741; x_wconf 89' lang='lat' dir='ltr'>poeno</span> <span class='ocrx_word' id='word_1_431' title='bbox 310 3663 472 3740; x_wconf 85' lang='lat' dir='ltr'>Sponsoris.</span> <span class='ocrx_word' id='word_1_432' title='bbox 515 3664 581 3721; x_wconf 89' lang='lat' dir='ltr'>Non</span> <span class='ocrx_word' id='word_1_433' title='bbox 603 3665 721 3738; x_wconf 65' lang='lat' dir='ltr'>Rapiat.</span> <span class='ocrx_word' id='word_1_434' title='bbox 738 3663 835 3720; x_wconf 81' lang='lat' dir='ltr'>muudi</span> <span class='ocrx_word' id='word_1_435' title='bbox 847 3681 899 3739; x_wconf 90' lang='lat' dir='ltr'>per</span> <span class='ocrx_word' id='word_1_436' title='bbox 911 3669 1032 3720; x_wconf 89' lang='lat' dir='ltr'>mortem</span> <span class='ocrx_word' id='word_1_437' title='bbox 1046 3661 1216 3737; x_wconf 83' lang='lat' dir='ltr'>mnoccntis,</span> <span class='ocrx_word' id='word_1_438' title='bbox 1232 3682 1290 3740; x_wconf 88' lang='lat' dir='ltr'>qua</span> <span class='ocrx_word' id='word_1_439' title='bbox 1304 3683 1353 3740; x_wconf 91' lang='lat' dir='ltr'>op·</span> 
     </span>
     <span class='ocr_line' id='line_1_42' title="bbox 149 3741 1354 3821; baseline 0.001 -20"><span class='ocrx_word' id='word_1_440' title='bbox 149 3743 220 3801; x_wconf 87' lang='lat' dir='ltr'>timo</span> <span class='ocrx_word' id='word_1_441' title='bbox 235 3744 299 3802; x_wconf 73' lang='lat' dir='ltr'>ciue</span> <span class='ocrx_word' id='word_1_442' title='bbox 312 3744 425 3821; x_wconf 85' lang='lat' dir='ltr'>privata</span> <span class='ocrx_word' id='word_1_443' title='bbox 440 3745 494 3820; x_wconf 86' lang='lat' dir='ltr'>sit;</span> <span class='ocrx_word' id='word_1_444' title='bbox 518 3743 649 3802; x_wconf 88' lang='lat' dir='ltr'>Christus</span> <span class='ocrx_word' id='word_1_445' title='bbox 671 3743 746 3800; x_wconf 89' lang='lat' dir='ltr'>enim</span> <span class='ocrx_word' id='word_1_446' title='bbox 768 3763 784 3800; x_wconf 90' lang='lat' dir='ltr'>a</span> <span class='ocrx_word' id='word_1_447' title='bbox 808 3749 899 3800; x_wconf 88' lang='lat' dir='ltr'>morte</span> <span class='ocrx_word' id='word_1_448' title='bbox 921 3741 1058 3800; x_wconf 87' lang='lat' dir='ltr'>liberatus</span> <span class='ocrx_word' id='word_1_449' title='bbox 1073 3742 1103 3798; x_wconf 93' lang='lat' dir='ltr'>in</span> <span class='ocrx_word' id='word_1_450' title='bbox 1117 3751 1255 3800; x_wconf 75' lang='lat' dir='ltr'>aeteruum</span> <span class='ocrx_word' id='word_1_451' title='bbox 1270 3742 1354 3802; x_wconf 90' lang='lat' dir='ltr'>vivit.</span> 
     </span>
     <span class='ocr_line' id='line_1_43' title="bbox 150 3820 1353 3900; baseline 0.002 -22"><span class='ocrx_word' id='word_1_452' title='bbox 150 3821 211 3879; x_wconf 91' lang='lat' dir='ltr'>Nec</span> <span class='ocrx_word' id='word_1_453' title='bbox 225 3843 276 3898; x_wconf 93' lang='lat' dir='ltr'>per</span> <span class='ocrx_word' id='word_1_454' title='bbox 288 3823 379 3882; x_wconf 87' lang='lat' dir='ltr'>vitam</span> <span class='ocrx_word' id='word_1_455' title='bbox 390 3823 525 3898; x_wconf 88' lang='lat' dir='ltr'>Reorum,</span> <span class='ocrx_word' id='word_1_456' title='bbox 538 3824 588 3900; x_wconf 91' lang='lat' dir='ltr'>qui</span> <span class='ocrx_word' id='word_1_457' title='bbox 602 3823 631 3880; x_wconf 91' lang='lat' dir='ltr'>in</span> <span class='ocrx_word' id='word_1_458' title='bbox 646 3823 801 3899; x_wconf 88' lang='lat' dir='ltr'>perniciem</span> <span class='ocrx_word' id='word_1_459' title='bbox 815 3821 938 3899; x_wconf 86' lang='lat' dir='ltr'>Reipub.</span> <span class='ocrx_word' id='word_1_460' title='bbox 954 3823 1012 3880; x_wconf 90' lang='lat' dir='ltr'>sint</span> <span class='ocrx_word' id='word_1_461' title='bbox 1026 3822 1203 3898; x_wconf 84' lang='lat' dir='ltr'>superstites,</span> <span class='ocrx_word' id='word_1_462' title='bbox 1220 3820 1288 3897; x_wconf 89' lang='lat' dir='ltr'>quia</span> <span class='ocrx_word' id='word_1_463' title='bbox 1300 3841 1353 3898; x_wconf 88' lang='lat' dir='ltr'>per</span> 
     </span>
     <span class='ocr_line' id='line_1_44' title="bbox 151 3899 1388 3978; baseline 0.002 -21"><span class='ocrx_word' id='word_1_464' title='bbox 151 3901 296 3960; x_wconf 82' lang='lat' dir='ltr'>Christum</span> <span class='ocrx_word' id='word_1_465' title='bbox 311 3911 526 3978; x_wconf 87' lang='lat' dir='ltr'>convertuntur,</span> <span class='ocrx_word' id='word_1_466' title='bbox 550 3911 580 3962; x_wconf 90' lang='lat' dir='ltr'>et</span> <span class='ocrx_word' id='word_1_467' title='bbox 601 3923 684 3960; x_wconf 81' lang='lat' dir='ltr'>norae</span> <span class='ocrx_word' id='word_1_468' title='bbox 700 3903 772 3960; x_wconf 86' lang='lat' dir='ltr'>fiunt</span> <span class='ocrx_word' id='word_1_469' title='bbox 790 3902 944 3960; x_wconf 82' lang='lat' dir='ltr'>Creaturae.</span> <span class='ocrx_word' id='word_1_470' title='bbox 987 3901 1053 3960; x_wconf 92' lang='lat' dir='ltr'>Non</span> <span class='ocrx_word' id='word_1_471' title='bbox 1077 3901 1150 3976; x_wconf 72' lang='lat' dir='ltr'>Lepi</span> <span class='ocrx_word' id='word_1_472' title='bbox 1173 3899 1282 3974; x_wconf 79' lang='lat' dir='ltr'>divinoe,</span> <span class='ocrx_word' id='word_1_473' title='bbox 1306 3902 1354 3960; x_wconf 90' lang='lat' dir='ltr'>cui</span> <span class='ocrx_word' id='word_1_474' title='bbox 1381 3903 1388 3918; x_wconf 90' lang='lat'><strong><em>¹</em></strong></span> 
     </span>
     <span class='ocr_line' id='line_1_45' title="bbox 150 3978 1381 4060; baseline 0.002 -24"><span class='ocrx_word' id='word_1_475' title='bbox 150 3989 333 4056; x_wconf 89' lang='lat' dir='ltr'>prospectum</span> <span class='ocrx_word' id='word_1_476' title='bbox 348 3990 392 4042; x_wconf 87' lang='lat' dir='ltr'>est</span> <span class='ocrx_word' id='word_1_477' title='bbox 405 3983 612 4060; x_wconf 88' lang='lat' dir='ltr'>perfectissima</span> <span class='ocrx_word' id='word_1_478' title='bbox 626 3983 792 4058; x_wconf 87' lang='lat' dir='ltr'>impletione</span> <span class='ocrx_word' id='word_1_479' title='bbox 814 3981 878 4058; x_wconf 89' lang='lat' dir='ltr'>ejus</span> <span class='ocrx_word' id='word_1_480' title='bbox 902 4001 920 4039; x_wconf 88' lang='lat' dir='ltr'>a</span> <span class='ocrx_word' id='word_1_481' title='bbox 945 3981 1059 4039; x_wconf 90' lang='lat' dir='ltr'>Christo</span> <span class='ocrx_word' id='word_1_482' title='bbox 1083 3980 1167 4054; x_wconf 82' lang='lat' dir='ltr'>facte,</span> <span class='ocrx_word' id='word_1_483' title='bbox 1193 3986 1222 4036; x_wconf 91' lang='lat' dir='ltr'>et</span> <span class='ocrx_word' id='word_1_484' title='bbox 1244 3978 1352 4054; x_wconf 92' lang='lat' dir='ltr'>duplici</span> <span class='ocrx_word' id='word_1_485' title='bbox 1378 4005 1381 4008; x_wconf 95' lang='lat'>·</span> 
     </span>
     <span class='ocr_line' id='line_1_46' title="bbox 150 4059 1354 4138; baseline 0.001 -20"><span class='ocrx_word' id='word_1_486' title='bbox 150 4060 250 4118; x_wconf 81' lang='lat' dir='ltr'>unione</span> <span class='ocrx_word' id='word_1_487' title='bbox 274 4069 372 4120; x_wconf 88' lang='lat' dir='ltr'>nostra</span> <span class='ocrx_word' id='word_1_488' title='bbox 395 4083 459 4120; x_wconf 90' lang='lat' dir='ltr'>cum</span> <span class='ocrx_word' id='word_1_489' title='bbox 486 4063 609 4138; x_wconf 90' lang='lat' dir='ltr'>Christo,</span> <span class='ocrx_word' id='word_1_490' title='bbox 633 4062 761 4120; x_wconf 77' lang='lat' dir='ltr'>saturali</span> <span class='ocrx_word' id='word_1_491' title='bbox 773 4061 922 4135; x_wconf 81' lang='lat' dir='ltr'>etforensi</span> <span class='ocrx_word' id='word_1_492' title='bbox 944 4080 996 4118; x_wconf 90' lang='lat' dir='ltr'>seu</span> <span class='ocrx_word' id='word_1_493' title='bbox 1017 4059 1140 4135; x_wconf 70' lang='lat' dir='ltr'>mystica,</span> <span class='ocrx_word' id='word_1_494' title='bbox 1156 4077 1206 4134; x_wconf 90' lang='lat' dir='ltr'>per</span> <span class='ocrx_word' id='word_1_495' title='bbox 1220 4077 1306 4134; x_wconf 88' lang='lat' dir='ltr'>quam</span> <span class='ocrx_word' id='word_1_496' title='bbox 1321 4067 1354 4118; x_wconf 86' lang='lat' dir='ltr'>ut</span> 
     </span>
     <span class='ocr_line' id='line_1_47' title="bbox 149 4138 1353 4218; baseline -0.001 -21"><span class='ocrx_word' id='word_1_497' title='bbox 149 4159 240 4197; x_wconf 88' lang='lat' dir='ltr'>unum</span> <span class='ocrx_word' id='word_1_498' title='bbox 254 4138 346 4200; x_wconf 86' lang='lat' dir='ltr'>iactus</span> <span class='ocrx_word' id='word_1_499' title='bbox 360 4151 404 4200; x_wconf 88' lang='lat' dir='ltr'>est</span> <span class='ocrx_word' id='word_1_500' title='bbox 417 4142 567 4201; x_wconf 89' lang='lat' dir='ltr'>nobiseum</span> <span class='ocrx_word' id='word_1_501' title='bbox 591 4152 619 4203; x_wconf 90' lang='lat' dir='ltr'>et</span> <span class='ocrx_word' id='word_1_502' title='bbox 643 4161 696 4200; x_wconf 88' lang='lat' dir='ltr'>nos</span> <span class='ocrx_word' id='word_1_503' title='bbox 718 4161 782 4199; x_wconf 92' lang='lat' dir='ltr'>cum</span> <span class='ocrx_word' id='word_1_504' title='bbox 809 4141 879 4218; x_wconf 89' lang='lat' dir='ltr'>ipso,</span> <span class='ocrx_word' id='word_1_505' title='bbox 895 4141 936 4198; x_wconf 89' lang='lat' dir='ltr'>ita</span> <span class='ocrx_word' id='word_1_506' title='bbox 949 4139 1044 4215; x_wconf 89' lang='lat' dir='ltr'>potuit</span> <span class='ocrx_word' id='word_1_507' title='bbox 1070 4146 1219 4214; x_wconf 91' lang='lat' dir='ltr'>peccatum</span> <span class='ocrx_word' id='word_1_508' title='bbox 1234 4145 1263 4194; x_wconf 93' lang='lat' dir='ltr'>et</span> <span class='ocrx_word' id='word_1_509' title='bbox 1277 4139 1353 4196; x_wconf 82' lang='lat' dir='ltr'>mela</span> 
     </span>
     <span class='ocr_line' id='line_1_48' title="bbox 148 4216 1353 4298; baseline 0 -22"><span class='ocrx_word' id='word_1_510' title='bbox 148 4227 249 4277; x_wconf 87' lang='lat' dir='ltr'>nostra</span> <span class='ocrx_word' id='word_1_511' title='bbox 263 4219 291 4276; x_wconf 91' lang='lat' dir='ltr'>in</span> <span class='ocrx_word' id='word_1_512' title='bbox 307 4240 337 4278; x_wconf 89' lang='lat' dir='ltr'>sc</span> <span class='ocrx_word' id='word_1_513' title='bbox 348 4222 482 4298; x_wconf 90' lang='lat' dir='ltr'>recipere,</span> <span class='ocrx_word' id='word_1_514' title='bbox 499 4231 527 4280; x_wconf 90' lang='lat' dir='ltr'>ct</span> <span class='ocrx_word' id='word_1_515' title='bbox 537 4223 680 4298; x_wconf 90' lang='lat' dir='ltr'>justitiam</span> <span class='ocrx_word' id='word_1_516' title='bbox 695 4242 728 4279; x_wconf 90' lang='lat' dir='ltr'>ac</span> <span class='ocrx_word' id='word_1_517' title='bbox 742 4221 819 4278; x_wconf 89' lang='lat' dir='ltr'>bona</span> <span class='ocrx_word' id='word_1_518' title='bbox 840 4240 892 4278; x_wconf 87' lang='lat' dir='ltr'>sua</span> <span class='ocrx_word' id='word_1_519' title='bbox 903 4220 932 4276; x_wconf 90' lang='lat' dir='ltr'>in</span> <span class='ocrx_word' id='word_1_520' title='bbox 942 4237 996 4276; x_wconf 88' lang='lat' dir='ltr'>nos</span> <span class='ocrx_word' id='word_1_521' title='bbox 1017 4217 1156 4275; x_wconf 72' lang='lat' dir='ltr'>derisore.</span> <span class='ocrx_word' id='word_1_522' title='bbox 1199 4216 1298 4292; x_wconf 85' lang='lat' dir='ltr'>Atque</span> <span class='ocrx_word' id='word_1_523' title='bbox 1312 4217 1353 4276; x_wconf 88' lang='lat' dir='ltr'>ita</span> 
     </span>
     <span class='ocr_line' id='line_1_49' title="bbox 149 4295 1353 4379; baseline -0.002 -23"><span class='ocrx_word' id='word_1_524' title='bbox 149 4319 203 4357; x_wconf 87' lang='lat' dir='ltr'>nec</span> <span class='ocrx_word' id='word_1_525' title='bbox 225 4299 314 4376; x_wconf 85' lang='lat' dir='ltr'>Legis</span> <span class='ocrx_word' id='word_1_526' title='bbox 335 4298 410 4359; x_wconf 89' lang='lat' dir='ltr'>facta</span> <span class='ocrx_word' id='word_1_527' title='bbox 424 4311 468 4359; x_wconf 90' lang='lat' dir='ltr'>est</span> <span class='ocrx_word' id='word_1_528' title='bbox 482 4301 640 4379; x_wconf 86' lang='lat' dir='ltr'>abrogatio,</span> <span class='ocrx_word' id='word_1_529' title='bbox 663 4302 711 4360; x_wconf 91' lang='lat' dir='ltr'>vel</span> <span class='ocrx_word' id='word_1_530' title='bbox 729 4299 888 4377; x_wconf 86' lang='lat' dir='ltr'>derogatio,</span> <span class='ocrx_word' id='word_1_531' title='bbox 912 4298 962 4357; x_wconf 89' lang='lat' dir='ltr'>sed</span> <span class='ocrx_word' id='word_1_532' title='bbox 981 4297 1136 4374; x_wconf 83' lang='lat' dir='ltr'>explicatio</span> <span class='ocrx_word' id='word_1_533' title='bbox 1156 4295 1215 4354; x_wconf 69' lang='grc' dir='ltr'>κατ’</span> <span class='ocrx_word' id='word_1_534' title='bbox 1229 4297 1353 4355; x_wconf 67' lang='lat' dir='ltr'>inachum</span> 
     </span>
     <span class='ocr_line' id='line_1_50' title="bbox 148 4375 1351 4459; baseline -0.002 -23"><span class='ocrx_word' id='word_1_535' title='bbox 148 4387 182 4438; x_wconf 88' lang='lat' dir='ltr'>ut</span> <span class='ocrx_word' id='word_1_536' title='bbox 204 4379 283 4456; x_wconf 88' lang='lat' dir='ltr'>quod</span> <span class='ocrx_word' id='word_1_537' title='bbox 305 4379 390 4438; x_wconf 89' lang='lat' dir='ltr'>nobis</span> <span class='ocrx_word' id='word_1_538' title='bbox 414 4379 573 4440; x_wconf 86' lang='lat' dir='ltr'>debebatur</span> <span class='ocrx_word' id='word_1_539' title='bbox 596 4401 633 4440; x_wconf 83' lang='lat' dir='ltr'>ex</span> <span class='ocrx_word' id='word_1_540' title='bbox 657 4382 753 4459; x_wconf 85' lang='lat' dir='ltr'>rigore</span> <span class='ocrx_word' id='word_1_541' title='bbox 775 4379 858 4458; x_wconf 88' lang='lat' dir='ltr'>juris,</span> <span class='ocrx_word' id='word_1_542' title='bbox 885 4378 915 4436; x_wconf 92' lang='lat' dir='ltr'>id</span> <span class='ocrx_word' id='word_1_543' title='bbox 937 4398 974 4436; x_wconf 84' lang='lat' dir='ltr'>ex</span> <span class='ocrx_word' id='word_1_544' title='bbox 999 4375 1117 4454; x_wconf 89' lang='lat' dir='ltr'>speciali</span> <span class='ocrx_word' id='word_1_545' title='bbox 1139 4376 1196 4434; x_wconf 92' lang='lat' dir='ltr'>Dei</span> <span class='ocrx_word' id='word_1_546' title='bbox 1214 4379 1308 4453; x_wconf 84' lang='lat' dir='ltr'>gratia</span> <span class='ocrx_word' id='word_1_547' title='bbox 1321 4379 1351 4435; x_wconf 88' lang='lat' dir='ltr'>in</span> 
     </span>
     <span class='ocr_line' id='line_1_51' title="bbox 149 4457 523 4519; baseline -0.005 0"><span class='ocrx_word' id='word_1_548' title='bbox 149 4459 296 4519; x_wconf 89' lang='lat' dir='ltr'>Christum</span> <span class='ocrx_word' id='word_1_549' title='bbox 312 4457 523 4518; x_wconf 87' lang='lat' dir='ltr'>transferretur.</span> 
     </span>
    </p>

    <p class='ocr_par' dir='ltr' id='par_1_6' title="bbox 147 4535 1353 4778">
     <span class='ocr_line' id='line_1_52' title="bbox 189 4535 1350 4616; baseline -0.003 -18"><span class='ocrx_word' id='word_1_550' title='bbox 189 4539 280 4598; x_wconf 87' lang='lat' dir='ltr'><strong>XVI.</strong></span> <span class='ocrx_word' id='word_1_551' title='bbox 304 4539 394 4597; x_wconf 86' lang='lat' dir='ltr'>Hisce</span> <span class='ocrx_word' id='word_1_552' title='bbox 409 4539 450 4596; x_wconf 89' lang='lat' dir='ltr'>ita</span> <span class='ocrx_word' id='word_1_553' title='bbox 463 4540 647 4616; x_wconf 85' lang='lat' dir='ltr'>praestructis,</span> <span class='ocrx_word' id='word_1_554' title='bbox 668 4548 700 4600; x_wconf 89' lang='grc' dir='ltr'>ιιι</span> <span class='ocrx_word' id='word_1_555' title='bbox 724 4539 760 4598; x_wconf 89' lang='lat' dir='ltr'>ad</span> <span class='ocrx_word' id='word_1_556' title='bbox 781 4538 974 4612; x_wconf 83' lang='lat' dir='ltr'>Quaestionem</span> <span class='ocrx_word' id='word_1_557' title='bbox 995 4537 1169 4612; x_wconf 90' lang='lat' dir='ltr'>propositum</span> <span class='ocrx_word' id='word_1_558' title='bbox 1195 4535 1350 4594; x_wconf 85' lang='lat' dir='ltr'>descenda-</span> 
     </span>
     <span class='ocr_line' id='line_1_53' title="bbox 147 4616 1350 4695; baseline -0.002 -17"><span class='ocrx_word' id='word_1_559' title='bbox 147 4640 220 4694; x_wconf 86' lang='lat' dir='ltr'>rnus,</span> <span class='ocrx_word' id='word_1_560' title='bbox 238 4619 391 4695; x_wconf 81' lang='lat' dir='ltr'>Quaeritur,</span> <span class='ocrx_word' id='word_1_561' title='bbox 409 4618 458 4676; x_wconf 86' lang='lat' dir='ltr'>An</span> <span class='ocrx_word' id='word_1_562' title='bbox 472 4639 589 4678; x_wconf 88' lang='lat' dir='ltr'>neeesse</span> <span class='ocrx_word' id='word_1_563' title='bbox 610 4619 696 4678; x_wconf 87' lang='lat' dir='ltr'>fuerit</span> <span class='ocrx_word' id='word_1_564' title='bbox 717 4619 861 4678; x_wconf 86' lang='lat' dir='ltr'>Christum</span> <span class='ocrx_word' id='word_1_565' title='bbox 878 4617 1027 4693; x_wconf 84' lang='lat' dir='ltr'>pronubis</span> <span class='ocrx_word' id='word_1_566' title='bbox 1043 4616 1215 4692; x_wconf 79' lang='lat' dir='ltr'>setIslacere,</span> <span class='ocrx_word' id='word_1_567' title='bbox 1232 4623 1290 4674; x_wconf 86' lang='lat' dir='ltr'>tum</span> <span class='ocrx_word' id='word_1_568' title='bbox 1302 4618 1350 4675; x_wconf 89' lang='lat' dir='ltr'>ab·</span> 
     </span>
     <span class='ocr_line' id='line_1_54' title="bbox 147 4695 1353 4778; baseline -0.003 -18"><span class='ocrx_word' id='word_1_569' title='bbox 147 4701 241 4760; x_wconf 88' lang='lat' dir='ltr'>solute</span> <span class='ocrx_word' id='word_1_570' title='bbox 256 4721 273 4760; x_wconf 93' lang='lat' dir='ltr'>a</span> <span class='ocrx_word' id='word_1_571' title='bbox 287 4709 369 4778; x_wconf 86' lang='lat' dir='ltr'>parte</span> <span class='ocrx_word' id='word_1_572' title='bbox 380 4699 512 4777; x_wconf 79' lang='lat' dir='ltr'>justitiae,</span> <span class='ocrx_word' id='word_1_573' title='bbox 529 4719 614 4777; x_wconf 88' lang='lat' dir='ltr'>quam</span> <span class='ocrx_word' id='word_1_574' title='bbox 636 4699 821 4776; x_wconf 88' lang='lat' dir='ltr'>hypothetice</span> <span class='ocrx_word' id='word_1_575' title='bbox 843 4697 872 4754; x_wconf 95' lang='lat' dir='ltr'>vi</span> <span class='ocrx_word' id='word_1_576' title='bbox 894 4695 1002 4753; x_wconf 88' lang='lat' dir='ltr'>decreti</span> <span class='ocrx_word' id='word_1_577' title='bbox 1025 4696 1105 4756; x_wconf 86' lang='lat' dir='ltr'>Dei?</span> <span class='ocrx_word' id='word_1_578' title='bbox 1146 4696 1195 4755; x_wconf 83' lang='lat' dir='ltr'>An</span> <span class='ocrx_word' id='word_1_579' title='bbox 1210 4715 1288 4774; x_wconf 83' lang='lat' dir='ltr'>raro,</span> <span class='ocrx_word' id='word_1_580' title='bbox 1305 4698 1353 4756; x_wconf 86' lang='lat' dir='ltr'>vel</span> 
     </span>
    </p>
   </div>
   <div class='ocr_carea' id='block_1_3' title="bbox 0 0 1600 5206">
    <p class='ocr_par' dir='ltr' id='par_1_7' title="bbox 0 0 1600 5206">
     <span class='ocr_line' id='line_1_55' title="bbox 0 0 1600 5206; baseline 0 3"><span class='ocrx_word' id='word_1_581' title='bbox 0 0 1600 5206; x_wconf 95' lang='lat' dir='ltr'> </span> 
     </span>
    </p>
   </div>
  </div>
 </body>
</html>
