3192 5206
268 341 327 399 283
653 356 744 398 cocus
759 356 889 396 uncrinus
903 355 1037 396 ruamus.
1092 351 1098 363 ’
1271 332 1403 415 [ausser.
1419 355 1486 396 vnr.

268 519 332 558 eam
351 506 463 557 tantum
478 503 560 555 ornat
574 505 603 556 et
616 497 736 574 perficit.
779 501 807 556 2.
831 497 942 590 Corpus
958 497 1133 557 Christianae
1157 495 1399 590 circumseptam
1408 517 1483 573 pro·

263 581 388 656 prietate
408 587 526 662 naturae,
543 587 570 634 et
590 581 673 636 modo
681 578 806 654 physico,
821 581 872 636 scd
885 577 1151 652 incirconscriptum
1175 578 1286 635 ιαιιοιιι
1314 577 1442 652 Unionrir,
1458 587 1488 637 et

268 661 350 717 modo
371 621 580 734 hyperpiyiico.
618 658 697 750 Quia
711 658 877 716 distinctio
868 666 925 717 rste
935 678 988 716 nec
1002 658 1090 716 habet
1101 655 1343 716 fundamentum
1334 677 1364 714 ιιι
1382 658 1483 735 Scrip·

268 747 341 814 tura,
357 759 411 797 nee
424 738 455 794 in
468 745 572 796 natura
585 737 635 812 rei,
651 738 709 796 imo
723 738 848 796 absurda
862 747 906 796 est
920 747 949 796 ct
963 737 1093 811 ridicula,
1109 737 1177 814 quia
1190 756 1280 796 unum
1301 757 1407 815 corpus
1423 747 1484 796 sta-

267 819 359 879 tuitur
372 838 464 895 capax
479 826 545 875 cont
547 817 685 876 rariorum
699 818 913 894 proprietatum,
929 818 1083 876 localitatis
1098 825 1127 876 et
1140 817 1326 876 illocalitatis.
1370 817 1483 877 Modus

267 919 337 958 vero
362 899 435 957 frust
423 906 468 957 tra
488 896 631 974 objicitur,
647 897 698 955 nbi
722 918 768 956 res
790 917 849 956 non
870 898 1044 991 agnoscitur.
1080 900 1108 956 3.
1134 896 1246 974 Corpus
1262 898 1370 956 Christi
1367 898 1484 991 nfaiam

268 980 423 1056 aliquando
446 975 555 1048 ιιφιιπιι
565 975 635 1036 ιι
616 1004 647 1036 ιιι
648 1003 728 1058 gaser,
745 979 835 1036 Marc.
851 978 912 1036 xvi.
929 982 975 1052 12,
998 978 1069 1035 Luc.
1091 977 1173 1035 ιιιιίι.
1196 980 1244 1053 31,
1259 978 1329 1037 Joh.
1345 977 1407 1036 viii.
1432 981 1483 1037 59.

268 1059 343 1153 Quia
363 1058 449 1117 tales
446 1067 541 1116 actum
557 1065 601 1115 est
614 1077 672 1114 non
685 1078 738 1150 per
758 1057 967 1134 separationem
982 1056 1188 1116 visibilitatise
1202 1077 1329 1134 corpore,
1346 1057 1399 1116 sed
1411 1077 1481 1134 par·

267 1140 321 1198 tim
335 1159 387 1216 per
400 1138 601 1196 miraculosam
613 1138 778 1196 evasionem
790 1139 851 1196 sive
864 1137 996 1197 subduct'
976 1146 1082 1196 tionem
1084 1137 1208 1214 ,partim
1223 1158 1275 1215 per
1288 1137 1483 1197 retentionem

268 1220 416 1278 oculorum
431 1239 467 1276 ne
482 1226 695 1294 agnosceretur.

571 1297 666 1356 XIX.
689 1297 809 1372 Οιιιιο,
825 1297 932 1356 Contra
948 1297 1173 1358 Omniscientiam
1187 1296 1229 1355 sic
1239 1296 1406 1374 arguimus;
1423 1297 1484 1355 Illa

530 1387 580 1436 nat
581 1398 633 1436 ura
646 1397 704 1436 non
725 1385 821 1454 potest
835 1377 893 1436 dici
907 1377 1054 1452 omniscia,
1070 1396 1135 1454 quse
1150 1376 1260 1453 aliquid
1274 1378 1398 1454 ignorat,
1413 1397 1483 1454 ques

268 1459 403 1554 proficit
395 1480 426 1516 ιιι
440 1458 614 1536 cognitione,
630 1466 659 1517 et
673 1478 738 1534 quae
751 1457 833 1516 finita
847 1465 900 1516 est.
942 1457 985 1515 At
1006 1457 1073 1515 talis
1098 1465 1142 1516 est
1163 1465 1266 1514 natura
1281 1457 1482 1534 Christique}

268 1539 415 1616 ignoravit
429 1539 506 1597 diem
526 1537 639 1614 judicii,
656 1537 747 1596 Marc.
762 1537 824 1596 xiii.
847 1539 894 1613 32,
907 1556 972 1613 qua
986 1536 1106 1630 profecit
1127 1537 1276 1614 sapientia,
1295 1537 1402 1596 Luo.''
1382 1558 1413 1597 u.
1428 1541 1480 1614 40,

269 1624 317 1696 52,
333 1627 362 1679 ιι
375 1618 511 1678 finitaest
524 1637 558 1676 ac
567 1617 699 1692 limitata,
715 1626 801 1694 atque
816 1617 888 1676 adeo
902 1616 1029 1675 intinit'
985 1626 1008 1675 ιι
1022 1636 1153 1692 incapax.

572 1697 650 1756 XX.
673 1697 766 1771 Nono,
790 1697 897 1757 Contra
919 1697 1162 1772 Omnipotentiam.
1205 1692 1385 1755 Illincnt
1340 1705 1385 1755 est
1399 1717 1481 1755 com-

531 1777 677 1836 municata
688 1777 911 1854 Omnipotentia,
927 1797 977 1855 qur
968 1777 1073 1835 alium
1092 1775 1224 1853 agnoscit
1235 1795 1265 1834 se
1276 1777 1481 1854 potentiorem,

272 1863 303 1919 in
324 1880 410 1938 quem
432 1859 510 1918 cadit
498 1866 630 1935 ttpotcn
631 1857 659 1915 ia
672 1857 805 1934 quaedam
819 1858 953 1934 passiva3
976 1857 1044 1934 qnia
1057 1857 1107 1934 qni
1128 1857 1318 1933 omnipotens,
1333 1856 1435 1915 idem
1426 1879 1482 1916 rm

268 1941 414 2019 passibilis
435 1947 480 1998 est
501 1946 530 1997 ιι
550 1938 729 1996 immortalis.
772 1937 815 1994 Αι
837 1937 968 1996 Christus
990 1937 1148 1996 secundum
1169 1944 1301 1995 naturam
1322 1937 1483 1995 humanam

268 2021 414 2099 passibilis
426 2019 480 2078 fuit
490 2026 519 2077 et
532 2018 716 2092 mortalis,et
687 2037 799 2095 copus
809 2018 910 2076 habuit
925 2017 1132 2075 sustentatione
1148 2016 1250 2090 Patris,
1263 2017 1339 2074 Matt
1340 2016 1369 2076 h.
1384 2017 1480 2092 xxvi„

268 2110 298 2160 et
311 2101 381 2160 Joh.
403 2099 475 2157 xvii.
517 2097 579 2156 Nec
593 2097 748 2156 dicendum
763 2097 908 2156 Christum
929 2097 985 2155 hoc
1005 2097 1108 2155 fecisse
1128 2096 1187 2153 κατ’
1208 2097 1349 2172 increpata,
1365 2099 1437 2173 quia
1450 2117 1482 2156 se

267 1337 288 1383 8.
298 1336 482 1382 Omniscientia.

267 1761 291 1808 9.
306 1761 498 1820 omnipotentis.

268 2181 477 2254 exinaniverat,
492 2177 544 2236 sed
561 2197 618 2234 non
634 2197 672 2235 ex
686 2177 856 2236 necessitate
871 2177 920 2235 vel
938 2176 1108 2253 indigentia.
1150 2177 1224 2251 Quia
1243 2177 1312 2234 licet
1325 2196 1430 2235 verum
1445 2177 1484 2236 sit
1581 2187 1582 2198 ¹

271 2259 379 2318 Filium
396 2258 452 2316 Dei
466 2257 656 2333 assumpsisse
666 2266 798 2316 naturam
812 2265 939 2315 nostram
954 2276 991 2315 cx
1005 2257 1172 2332 oeconomia,
1186 2265 1215 2315 et
1228 2277 1287 2314 non
1301 2275 1339 2314 ex
1352 2257 1480 2316 necessi-

269 2347 337 2411 tate,
353 2337 457 2396 falsum
478 2344 524 2395 ιιι
544 2344 641 2395 tamen
659 2345 791 2395 naturam
812 2337 967 2395 humanam
982 2336 1090 2394 Christi
1102 2357 1160 2395 non
1175 2337 1290 2414 egnisse
1309 2336 1482 2458 simpliciter

269 2384 378 2476 auxilio
393 2417 493 2474 divino
507 2414 545 2473 ad
559 2417 604 2474 sui
618 2417 875 2475 conservationem

572 2495 667 2554 XXI.
691 2495 819 2568 Decimo,
833 2497 940 2554 Contra
959 2498 1021 2554 Vim
1040 2496 1223 2575 Viuiflcanda:
1266 2494 1449 2573 Quisquis'
1420 2517 1482 2555 vrm

531 2574 699 2634 vivificandi
712 2575 840 2634 habetin
856 2595 894 2650 se,
910 2576 989 2634 Deus
1001 2585 1061 2635 est·
1054 2577 1145 2653 ,quia
1160 2576 1216 2634 Dei
1238 2576 1329 2634 solius
1343 2583 1388 2634 est
1403 2577 1480 2634 vivi-

268 2656 364 2732 ficare,
382 2655 458 2714 Psal.
474 2656 578 2714 xxxvi.
594 2658 621 2731 9,
639 2657 657 2688 “
668 2655 784 2733 Apndt
772 2655 880 2714 tefons
894 2656 992 2715 vitae.”
1047 2657 1087 2715 Et
1100 2657 1162 2715 vita
1174 2655 1312 2714 Deinihil
1327 2655 1408 2714 aliud
1424 2665 1477 2732 est,
1581 2701 1582 2706 .

269 2549 305 2596 10.
316 2549 510 2594 vis·v1vtrnesna.1

269 2757 356 2815 quam
376 2745 496 2795 actuosa
509 2736 573 2814 ejus
587 2737 720 2811 essentia,
736 2755 801 2813 quse
815 2744 925 2794 natura
940 2745 1043 2796 creatae
1057 2735 1261 2794 communicari
1275 2735 1386 2812 nequit.
1421 2737 1479 2794 De·
1581 2753 1582 2764 ¹

269 2819 336 2876 indc
352 2817 376 2875 si
390 2823 492 2874 natura
506 2817 632 2876 hnmana
645 2816 747 2875 habuit
761 2816 822 2874 vim
835 2816 915 2874 illam
930 2816 1085 2891 vivificam,
1100 2835 1160 2873 non
1172 2824 1269 2892 potest
1282 2815 1340 2873 dici
1354 2825 1478 2890 mortua,

268 2898 337 2976 quia
357 2897 419 2955 vita
434 2895 489 2955 Dei
503 2917 561 2956 non
571 2905 668 2974 potest
681 2896 821 2974 extingui,
837 2916 891 2955 nec
906 2897 984 2955 Unio
997 2895 1157 2974 personalis
1171 2895 1255 2953 solvi.

572 2977 685 3036 XXII.
709 2976 737 3033 A
751 2978 826 3035 reali
837 2980 960 3035 duarum
981 2977 1010 3034 in
1031 2976 1141 3036 Christo
1158 2977 1341 3033 Naturarum
1360 2975 1478 3050 Unione,

511 3060 553 3118 od
565 3058 838 3116 communicationem
853 3057 1016 3116 idiomatum
1027 3057 1099 3114 inter
1108 3057 1249 3130 Naturae,
1261 3075 1317 3113 non
1325 3057 1402 3113 valet
1414 3075 1479 3114 con·

510 3139 661 3215 sequentia.
705 3136 779 3212 Quia
801 3137 886 3196 realis
908 3145 1074 3195 naturarum
1090 3136 1177 3210 Unio,
1199 3155 1258 3192 non
1280 3134 1358 3193 tollit
1380 3154 1480 3194 earnm

269 3220 457 3297 discrimens
448 3240 507 3278 imo
520 3218 602 3296 ponit
616 3217 721 3296 potius,
737 3237 802 3275 cum
823 3237 881 3274 non
898 3218 1010 3294 possint
1023 3215 1082 3273 dici
1101 3224 1169 3274 actu
1183 3235 1246 3273 csse
1259 3214 1349 3288 unita,
1369 3233 1436 3291 quse
1451 3215 1481 3272 in

268 3301 375 3358 unione
396 3320 455 3358 non
469 3307 539 3358 sunt
551 3297 695 3372 distincta,
710 3316 764 3354 nec
785 3295 871 3355 infert
885 3295 1171 3355 communicationem
1187 3293 1293 3353 realem
1307 3293 1481 3353 idiomatum

268 3387 402 3454 respectu
416 3380 599 3448 Νιιιιιιιιιιιιι,
613 3376 664 3434 sed
676 3343 807 3452 rbspectu
820 3377 961 3450 Personae,
977 3395 1042 3453 qnae
1053 3375 1165 3434 duabus
1179 3374 1295 3433 realiter
1308 3373 1399 3432 unitis
1410 3393 1479 3433 con·

269 3466 334 3531 stat,
350 3466 426 3516 ιιι
393 3478 412 3516 u
414 3457 543 3533 triusque
557 3422 695 3512 idiomata
710 3454 764 3513 sibi
779 3454 915 3513 vindicet.

310 3502 441 3594 XXIII.
464 3536 492 3595 A
521 3537 589 3592 Toto
613 3534 725 3594 Chm'sto
746 3536 787 3592 ad
811 3535 909 3592 Totum
931 3535 1043 3609 Christi,
1070 3552 1120 3592 scu
1139 3554 1157 3591 a
1170 3515 1300 3592 Persona
1315 3532 1427 3592 Christi
1439 3537 1482 3593 ad

269 3617 319 3673 Na
322 3625 401 3674 turm
411 3637 467 3675 non
480 3619 554 3674 calet
567 3622 770 3689 argumentum,
786 3633 839 3671 nec
848 3613 925 3690 quod
940 3615 983 3672 ιιιι
993 3615 1137 3689 tribuitur,
1149 3634 1186 3690 po
1188 3622 1245 3673 est
1255 3613 1352 3672 stetim
1368 3613 1406 3672 de
1421 3615 1481 3674 illis

268 3695 437 3772 praedicari,
460 3695 534 3770 Quia
550 3695 677 3752 Persona
690 3693 807 3769 quidem
823 3693 877 3752 sibi
891 3695 1081 3752 vendicatt
1014 3703 1067 3752 ιιι
1069 3695 1197 3771 triusque
1218 3703 1328 3752 natnrae
1349 3695 1480 3772 proprie-

268 3783 352 3848 tates,
370 3775 421 3834 sed
444 3795 503 3834 una
525 3783 629 3832 natura
652 3792 711 3831 non
736 3773 791 3831 sibi
813 3773 948 3834 vendicat
967 3773 1156 3852 proprietates
1170 3774 1297 3848 alterius,
1313 3793 1381 3858 quae
1401 3794 1478 3834 com-

298 3041 386 3088 Fontcs
404 3041 472 3088 Solu·

338 3101 433 3145 tionmn

268 3864 371 3934 petunt
385 3875 538 3948 personae,
545 3854 616 3912 alias
630 3861 739 3912 naturae
751 3853 1001 3913 confunderentur.
1038 3854 1116 3912 Hinc
1130 3853 1214 3911 facile
1235 3851 1429 3946 respondetur
1442 3853 1480 3912 ad
1581 3883 1582 3888 ι

267 3937 341 4012 ιοιι,
358 3936 463 3995 Matth.
478 3934 560 3993 xviii.
577 3936 669 4008 20,ιι
657 3933 787 3992 ιιιιιιιιίι.
798 3937 845 4004 20,
858 3935 976 4011 quiaibi
991 3933 1087 4010 agitur
1101 3933 1137 3992 dc
1151 3953 1274 4010 persona
1287 3933 1318 3990 in
1333 3943 1479 4009 concreto,
1581 3963 1582 3974 ι

268 4035 325 4074 non
341 4016 377 4074 de
391 4023 493 4074 natura
506 3979 649 4072 humani'
642 4033 672 4070 m
687 4013 840 4072 abstracto.
1581 4057 1582 4080 2

310 4096 435 4153 XXIV.
457 4096 500 4152 At
517 4087 704 4170 assumptione
720 4103 831 4151 natura
845 4092 1000 4151 humana
988 4112 1017 4150 ιιι
1031 4093 1164 4151 uanitatem
1177 4095 1320 4168 Persona,
1341 4113 1400 4152 non
1414 4095 1480 4153 bene
1581 4097 1582 4136 ἕ

269 4175 380 4233 ducimr
401 4183 596 4250 argumentum
618 4176 660 4232 ad
679 4174 952 4232 communicationem
968 4175 1123 4246 foroiulem
1144 4173 1299 4249 hypostasis
1319 4172 1414 4248 Λιγιι,
1430 4193 1480 4233 noc
1581 4175 1582 4228 1

268 4257 311 4312 ad
329 4255 602 4313 communicationem
618 4255 828 4329 proprietatum
852 4253 880 4310 in
901 4254 1049 4310 abstracto.
1089 4252 1166 4326 ¹Quia
1187 4254 1347 4330 assumptio
1367 4263 1479 4313 natura
1581 4257 1582 4320 t

268 4341 364 4410 potest
386 4334 543 4392 consistere
568 4332 677 4409 absque
702 4332 958 4391 communicatione
982 4332 1156 4408 hypostasis,
1179 4332 1285 4392 sufficit
1305 4333 1479 4393 sustentatio
1581 4383 1582 4408 ,

267 4413 458 4489 hypostatice,
470 4421 503 4470 ut
516 4420 619 4470 natura
632 4412 766 4486 humana,
782 4430 846 4488 quae
874 4411 904 4468 in
919 4431 949 4469 se
974 4420 1019 4470 est
1042 4416 1212 4476 inermia
1241 4412 1291 4470 tint
1317 4414 1478 4478 lavatorem
1581 4487 1582 4492 ἵ

269 4504 350 4568 noyn,
366 4493 446 4550 stab
461 4511 496 4549 eo
511 4499 695 4558 sustentetur.
739 4489 825 4550 Unde
840 4490 1107 4567 sequiturquidcm,
1124 4512 1187 4550 eam
1208 4512 1267 4551 non
1287 4493 1396 4552 hahere
1412 4495 1478 4552 sub-

270 4571 438 4645 sistentiam,
451 4591 504 4628 nec
519 4570 675 4629 subsistere
693 4569 787 4642 modo,
803 4569 852 4645 qui
873 4589 1001 4647 personae
1017 4571 1054 4630 sit
1072 4573 1213 4665 proprius,
1226 4592 1291 4631 cum
1307 4593 1343 4632 ue
1358 4575 1389 4631 in
1406 4573 1478 4633 Uni·

269 4671 323 4708 one
338 4648 455 4725 quidem
469 4649 507 4708 sit
523 4649 665 4722 Persona,
659 4647 734 4705 ·sed
744 4647 899 4708 subsistere
909 4657 1013 4724 tamen,
1023 4651 1070 4707 vel
1082 4652 1178 4712 notius
1187 4653 1341 4711 sustentari
1355 4653 1384 4710 in
1396 4665 1479 4724 Ληι.
