3186 5210
287 333 345 390 512
675 345 766 386 rocus
781 340 911 382 66611166
929 343 1064 391 oumrrs.
1280 323 1398 407 [arser.
1418 343 1469 383 rm.
1538 347 1539 432 p

277 493 352 569 fides
365 490 423 548 sine
438 489 565 565 sperabas
579 487 684 546 dicitur
697 495 817 561 mortua,
833 483 970 560 quiahoc
984 506 1043 545 uon
1056 493 1101 544 est
1114 484 1336 562 intelligendum
1347 485 1469 544 11661666·

285 571 366 628 111616
381 589 498 646 operum
513 567 550 626 ed
564 567 654 626 vitam
668 567 735 625 fidei
750 586 767 623 a
789 563 884 643 priori,
900 567 983 644 quasi
1005 585 1092 643 opera
1115 563 1271 624 redderent
1284 565 1368 623 fidem
1382 565 1468 636 viram,

232 653 239 666 '
286 648 338 709 sed
352 647 387 705 de
403 648 595 708 declaratione
610 668 627 704 a
640 647 800 723 posteriori,
816 642 884 722 quie
909 667 995 724 opera
1016 647 1113 703 vivam
1138 645 1360 718 demonstrant;
1381 653 1410 703 nt
1421 665 1468 702 cor-

280 749 338 806 pus
352 726 456 788 dicitur
467 737 606 786 mortuum
619 728 677 784 sine
690 728 800 802 spirim,
816 726 856 783 id.
871 726 1055 805 cognoscitur
1069 733 1213 784 mortuum
1229 746 1268 784 ex
1276 725 1386 784 delectu
1399 724 1469 799 respi-

284 809 404 867 rationis
419 818 448 867 et
461 808 585 882 balitus,
601 807 649 864 hic
663 807 739 863 enim
754 815 842 874 ,vespa
854 822 905 878 pro
919 817 973 878 maj
990 825 1041 864 seu
1055 805 1246 882 respiratione
1261 813 1416 880 usurpetur.

500 937 506 950 ,
589 885 626 943 V.
651 885 821 960 Socianiani,
835 898 867 946 ut
880 887 993 944 facilius
1006 893 1138 944 evertunt
1155 885 1323 943 fiducialem
1336 883 1470 960 apprehen·
1538 943 1539 946 ¹

283 939 376 986 acum
386 938 528 984 Soernrsms.
549 965 658 1024 sionem
675 965 886 1025 Satissaetionis
900 965 1016 1037 Christi,
1031 965 1061 1022 in
1072 985 1129 1041 qua
1139 963 1207 1022 fidei
1217 964 1371 1022 essentiam
1384 961 1469 1020 consti·

284 1055 369 1106 tuunt
384 1043 553 1118 Orthodoxi,
570 1053 599 1102 et
614 1045 653 1103 its
673 1045 817 1122 justitiam
832 1065 958 1124 opernm,
974 1053 1039 1102 utut
1053 1053 1112 1102 tem
1127 1064 1267 1120 expresse
1292 1044 1442 1101 distinctum
1457 1061 1469 1094 1

282 1127 397 1204 justitie
410 1124 477 1183 fidei
492 1124 521 1181 in
536 1123 685 1200 scriptura,
702 1126 862 1202 retineant,
884 1126 965 1183 Nihil
979 1123 1058 1183 aliud
1079 1143 1142 1182 esse
1166 1124 1272 1182 volunt
1296 1124 1387 1196 fidem,
1401 1139 1468 1196 quau

287 1205 479 1264 obedientiam
494 1203 693 1262 mandatorum
704 1204 777 1278 Dei;
801 1206 847 1264 Ita
861 1214 893 1264 ut
906 1206 1144 1280 bonsoperenon
1154 1211 1213 1261 tem
1223 1203 1397 1262 sintfructus
1408 1199 1469 1268 fidei,
1538 1229 1539 1256 ς

285 1305 372 1362 quam
387 1286 451 1362 ejus
464 1282 564 1356 forma,
580 1292 612 1341 ut
626 1277 754 1360 loquitur
768 1284 901 1344 Ostorod.
925 1285 1008 1342 Insti.
1023 1303 1048 1341 6.
1064 1287 1091 1357 2,
1107 1292 1137 1342 61
1151 1283 1272 1341 Vollrel.
1287 1282 1318 1340 li.
1333 1289 1360 1340 4.
1382 1300 1435 1356 cap.
1448 1281 1468 1349 3,
1538 1285 1539 1322 l

286 1365 322 1424 de
335 1364 416 1439 Fide,
431 1363 482 1421 ubi
496 1363 611 1421 tertium
623 1363 745 1440 gradum
755 1363 823 1422 fidei
838 1365 961 1423 collocat
975 1364 1004 1421 in
1019 1363 1191 1422 Obedientia
1200 1362 1400 1422 Mandatorum
1412 1357 1470 1416 Dei:

286 1449 303 1477 ‘⁴
314 1444 458 1518 Tertius,’'
474 1442 575 1519 inquit,
593 1445 666 1502 “est
680 1443 794 1501 Christo
809 1444 951 1502 confidere
972 1462 1080 1521 perque
1101 1441 1197 1520 ipsum
1221 1443 1296 1517 Dee,
1320 1450 1401 1518 atque
1413 1437 1471 1495 61166

285 1544 335 1602 spe
350 1522 572 1582 immortalitatis
587 1523 751 1596 subnixum,
768 1530 860 1582 totum
875 1543 905 1582 se
920 1523 957 1581 ad
981 1523 1037 1580 Dei
1060 1523 1189 1581 studium
1213 1520 1429 1590 accommodare,
1448 1514 1470 1571 id

286 1613 337 1676 est,
355 1603 470 1677 Christi,
487 1611 515 1660 et
530 1602 571 1660 616
585 1603 672 1660 etiam
687 1602 751 1676 Dei,
769 1603 924 1680 Praeceptis
939 1603 1165 1679 obtemperare.’'

326 1683 383 1742 VI.
407 1682 466 1742 Sed
480 1689 579 1740 contra
593 1681 664 1740 fides
679 1702 736 1738 non
750 1691 919 1758 potestesse
933 1681 1097 1741 obedientia
1115 1681 1330 1756 Mandatorum,
1356 1677 1422 1752 Quia
1438 1675 1470 1731 sic

284 1762 498 1821 confunduntur
512 1761 576 1818 duae
591 1761 721 1834 virtutes,
738 1781 801 1838 quer
815 1762 890 1822 inter
904 1783 934 1820 se
950 1771 1017 1820 sunt
1030 1761 1183 1835 distinctae,
1203 1764 1282 1840 fides
1306 1769 1332 1818 et
1356 1757 1469 1816 etaim.

286 1846 301 1900 1
319 1845 382 1901 Cor.
398 1842 459 1899 xiii.
477 1843 522 1900 13.
545 1839 602 1898 Ille
616 1849 747 1900 versatur
761 1843 836 1899 61166
850 1842 1054 1918 promissiones
1069 1841 1224 1918 Evangelii
1237 1864 1244 1916 ς
1256 1842 1319 1898 Ista
1328 1838 1399 1898 cirea
1411 1853 1470 1911 prae·

283 1931 367 1999 cepta
382 1922 478 1998 Legis,
494 1940 558 1997 quae
573 1920 638 1978 ideo
652 1919 758 1980 dicitur
770 1921 837 1978 finis
852 1941 902 1980 seu
923 1922 1044 1997 impletio
1066 1922 1159 1996 Legis,
1186 1921 1273 1978 Rom.
1289 1919 1348 1976 xiii.
1365 1920 1406 1974 10.
1426 1912 1470 1970 1111

283 2011 328 2061 661
342 2021 437 2074 66666,
453 2001 510 2059 ista
524 1999 650 2075 effectus,
668 2003 686 2032 ‘¹
697 2020 763 2057 nam
777 2000 844 2059 finis
857 2001 986 2059 mandati
1001 2009 1045 2059 est
1059 2001 1184 2059 charitas
1208 2021 1248 2058 ex
1273 1997 1377 2058 mundo
1391 1991 1468 2062 corde,

283 2090 312 2139 et
326 2081 382 2139 fide
397 2081 514 2138 minime
525 2079 688 2144 simulata.''
706 2083 719 2136 1
734 2080 808 2138 Tim.
823 2080 841 2138 i.
858 2083 886 2140 5.
909 2081 966 2139 Illa
977 2089 1021 2138 est
1029 2081 1253 2139 instrumentum
1264 2071 1468 2158 justificationis,

281 2161 343 2219 hsec
358 2181 427 2219 vero
441 2160 551 2218 fructus
577 2179 764 2236 consequens.
802 2159 887 2219 Unde
903 2161 932 2218 in
946 2161 1064 2235 negotio
1074 2159 1294 2236 justificationis
1307 2159 1469 2234 opponuntur

281 2239 354 2298 fides
369 2248 398 2297 et
411 2259 506 2315 opere,
522 2247 554 2297 ut
568 2239 700 2314 opposita
714 2247 743 2297 et
757 2240 906 2315 contraria,
932 2240 1015 2297 Rom.
1031 2240 1071 2297 iii.
1087 2241 1135 2298 28.

324 2317 398 2375 VII.
422 2319 482 2376 Nec
497 2318 596 2394 reponi
609 2327 705 2393 potest
719 2339 806 2395 opere
820 2320 926 2396 opponi
940 2318 1008 2378 fidei
1022 2319 1052 2376 in
1062 2318 1280 2395 justificatione,
1296 2335 1352 2375 non
1365 2309 1466 2390 quevis,
1536 2385 1537 2396 ,

282 2397 332 2454 sed
347 2396 481 2473 perfecta,
498 2406 527 2452 et
542 2396 619 2472 Legi
628 2417 679 2472 per
693 2400 789 2455 omnis
812 2409 1012 2457 consentanee.
1053 2397 1127 2472 Quia
1152 2398 1261 2456 clarum
1277 2406 1320 2456 est
1334 2415 1370 2453 ex
1384 2389 1467 2458 Paulo,

280 2475 376 2533 omnis
390 2476 506 2532 omnino
518 2494 604 2549 opera
619 2477 680 2533 sive
695 2476 829 2552 perfecte,
854 2480 916 2536 sive
930 2499 996 2552 non,
1019 2477 1124 2554 opponi
1139 2477 1207 2535 fidei
1222 2478 1252 2535 iu
1263 2471 1466 2556 justificatione;

281 2554 342 2612 Nec
357 2554 443 2612 iidem
454 2553 613 2631 justificare
627 2563 660 2613 ut
671 2575 751 2631 opus,
776 2557 854 2632 quod
868 2566 954 2628 ηὸτι,
968 2567 1013 2616 661
1027 2563 1107 2624 trita
1118 2556 1368 2626 Adversariorum,
1380 2549 1422 2627 qui
1436 2548 1466 2603 iu

282 2634 462 2693 confundunt
478 2633 585 2710 Legem
600 2654 665 2692 curn
689 2635 861 2711 Evangelio
887 2646 916 2694 61
940 2638 1133 2695 conditionem
1160 2636 1293 2695 Foederis
1307 2633 1401 2712 gratie
1414 2643 1466 2685 6611

281 2715 446 2773 conditione
461 2714 557 2790 legali,
574 2723 606 2773 ut
621 2735 672 2772 suo
686 2715 750 2772 loeo
772 2716 1023 2775 demonstrabitur.

320 2795 411 2854 VIII.
435 2795 516 2852 Licet
546 2803 572 2848 el
593 2794 708 2853 eredere
736 2795 773 2854 sit
788 2795 904 2853 obedire
932 2796 1067 2854 mandato
1095 2795 1240 2870 credendi,
1270 2791 1426 2874 praecripto
1443 2783 1465 2838 in

280 2875 451 2952 Evangelio,
470 2877 484 2931 1
501 2875 522 2934 J
525 2875 571 2932 oh.
587 2873 626 2932 iii.
642 2878 680 2932 23
694 2896 700 2949 ;
734 2874 800 2933 Non
814 2875 879 2932 ideo
894 2875 966 2934 fides
991 2876 1185 2934 benedicitur
1208 2874 1371 2935 obedientie
1396 2866 1464 2924 Meu-

280 2954 411 3013 datorum
428 2955 483 3012 Dei
504 2974 642 3012 exsensu
665 2953 915 3028 Adversariorum,
938 2955 988 3031 qui
1009 2955 1145 3013 mandata
1165 2956 1212 3012 bic
1226 2955 1389 3030 intelligunt
1402 2945 1463 3003 Prae·
1536 3003 1537 3030 ,

279 3043 362 3111 cepta
377 3034 473 3110 Legis,
490 3054 555 3111 quse
569 3034 652 3091 nobis
667 3033 798 3092 facienda
812 3043 841 3092 et
855 3034 1000 3110 implenda
1011 3035 1170 3094 suntbonis
1182 3037 1324 3111 operibus,
1337 3039 1463 3112 66611111·

280 3114 378 3173 datum
395 3113 557 3190 Evangelii,
574 3113 651 3190 quod
665 3113 825 3190 preescribit
850 3113 933 3172 nobis
956 3114 1043 3172 fidem
1065 3114 1096 3172 in
1119 3114 1358 3191 promissionibus
1371 3111 1462 3184 gratia.

279 3193 318 3252 Et
338 3195 362 3252 si
376 3193 448 3252 fides
459 3193 564 3252 dicitur
578 3213 647 3269 opus
661 3193 725 3268 Del,
741 3193 811 3252 Joh.
840 3193 942 3268 1129,
968 3195 1023 3252 hoc
1050 3193 1083 3254 fit
1104 3195 1201 3270 potius
1215 3203 1352 3264 μιμητής.
1370 3184 1463 3245 ratione

278 3273 378 3331 habits
389 3273 425 3330 ed
440 3273 608 3350 petitionem
622 3273 792 3348 Turbarum,
809 3292 873 3350 quae
887 3283 1062 3349 rogaverant
1072 3274 1143 3350 quid
1154 3274 1209 3333 sibi
1221 3272 1380 3334 faciendum
1393 3265 1461 3327 esses,

279 3358 312 3409 ut
326 3363 512 3427 operarentur
525 3372 612 3428 opera
628 3350 691 3428 Dei,
707 3353 775 3429 quie
790 3352 862 3410 fides
876 3353 944 3411 dare
958 3353 1030 3429 ipsis
1048 3361 1169 3430 poterat,
1195 3355 1273 3430 quod
1287 3355 1387 3412 frustra
1399 3356 1461 3418 (luae'

278 3429 380 3487 rebant
394 3430 424 3486 in
447 3431 582 3506 operibus
598 3431 705 3508 Legis;
727 3441 760 3490 ut
775 3431 842 3489 alibi
859 3432 1052 3509 Evangelium
1068 3433 1183 3491 nomine
1195 3435 1283 3510 Legis
1308 3433 1426 3492 donatur,
1440 3421 1461 3506 ,⁰³
1538 3479 1539 3488 .

279 3527 365 3584 opera
379 3508 526 3567 charitatis
541 3519 570 3568 et
584 3510 779 3568 beneficentiae
808 3511 959 3589 Jejunium
974 3521 1123 3587 vocantur,
1150 3513 1208 3571 Ise.
1223 3513 1295 3572 lviii.
1320 3515 1345 3583 6,
1361 3510 1384 3579 I,
1407 3512 1461 3587 ‘luffss

277 3595 415 3663 praestant
429 3587 522 3662 reipsa
533 3589 612 3664 quod
626 3588 732 3647 frustra
743 3591 909 3667 quaerebaut
920 3590 1018 3651 Judaei
1033 3592 1063 3649 in
1077 3592 1099 3651 J
1101 3592 1205 3669 ejuniis
1217 3593 1277 3651 suis
1287 3581 1460 3670 hypocritieu.
1538 3599 1539 3606 ³

319 3665 379 3724 IX.
402 3665 499 3739 Fides,
516 3667 638 3743 quafuit
649 3668 824 3745 justificatus
852 3670 1009 3748 Abrabam,
1033 3690 1091 3728 non
1119 3680 1214 3748 potest
1238 3673 1296 3731 dici
1320 3663 1459 3729 obedientia

279 3745 492 3818 Mandatorum,
507 3745 576 3804 licet
599 3746 725 3805 conditio
740 3748 910 3808 obedientiae
933 3751 989 3828 ipsi
1011 3751 1177 3828 prescripta
1205 3753 1251 3827 sit,
1278 3733 1458 3825 (1661111111
1527 3811 1528 3817 ,

278 3843 345 3884 nam
359 3825 557 3904 promissionis
570 3825 657 3884 fidem
681 3826 770 3884 fuisse
785 3837 882 3905 aperte
907 3830 1035 3906 docetur,
1052 3833 1125 3890 Gen.
1146 3851 1196 3890 xv.
1212 3835 1239 3904 5,
1256 3835 1283 3905 6,
1300 3839 1328 3890 61
1342 3827 1415 3884 Rom·
1428 3829 1458 3869 rr.
1533 3823 1535 3851 .

279 3909 325 3982 11,
344 3910 389 3982 13,
408 3907 454 3965 16.
492 3904 662 3964 Ambulatio
676 3925 744 3964 vero
759 3927 855 3966 eoram
872 3909 943 3986 Deo,
960 3911 996 3968 de
1011 3930 1068 3987 que
1083 3911 1158 3969 Gen.
1174 3911 1246 3969 xvii.
1264 3914 1278 3968 l
1295 3909 1392 3988 agitur,
1413 3907 1457 3987 {¹⁰¹¹

277 3995 322 4046 661
336 3986 463 4045 conditio
474 3986 690 4064 justificationis
704 3985 780 4062 fidei,
797 3987 849 4046 sed
873 3989 936 4066 ejus
961 3989 1103 4048 effectum.
1147 3990 1208 4049 Nee
1223 3991 1329 4049 oblatio
1342 3982 1388 4044 filii
1401 3987 1457 4052 11151

278 4085 365 4124 eausa
378 4067 442 4142 ejus
456 4067 543 4124 etiem
557 4066 615 4124 dici
629 4074 732 4144 potest,
748 4067 887 4146 quiajam
910 4077 976 4127 ante
991 4069 1111 4146 triginta
1125 4089 1215 4128 annos
1227 4071 1393 4148 justificatus
1410 4051 1457 4110 file·

277 4153 330 4218 rat,
369 4145 443 4205 Gen.
477 4167 527 4205 xv.
570 4145 650 4223 Ergo
678 4147 819 4224 particule
843 4149 967 4207 causalis
996 4151 1136 4225 quoniam,
1173 4150 1221 4208 vel
1249 4134 1456 4226 quandoquidem
1538 4191 1539 4204 .

278 4243 342 4301 quae
368 4225 493 4316 babetur
508 4226 582 4284 Gen.
598 4226 671 4284 xxii.
689 4230 735 4302 16,
761 4236 804 4286 est
819 4247 906 4286 censa
920 4249 970 4288 seu
990 4237 1059 4288 nota
1073 4231 1294 4306 consequentiae,
1309 4245 1363 4286 non
1377 4225 1455 4277 corne·

276 4311 400 4381 quentis.

594 4384 636 4443 X.
665 4384 747 4443 Licet
773 4395 869 4444 autem
897 4385 1021 4445 charites
1052 4407 1110 4444 non
1145 4387 1183 4446 sit
1207 4388 1298 4446 forma
1325 4378 1392 4452 fidei,
1417 4360 1456 4426 Sed

276 4449 338 4549 3¹2,
356 4447 462 4549 ⁰hff¹¹⁸⁸
501 4463 516 4493 ⁸
536 4463 572 4521 ab
587 4484 621 4522 ea
636 4463 837 4540 distinguatur,
853 4484 911 4522 non
924 4473 1076 4542 propterea
1089 4475 1185 4543 potest
1202 4468 1258 4526 dici
1273 4467 1309 4525 eb
1320 4485 1352 4524 ea
1365 4462 1453 4534 sepffl'

305 4519 386 4606 ...il
409 4518 514 4619 diff*
535 4542 612 4615 116,
627 4551 660 4600 ut
674 4543 782 4601 venene
798 4543 949 4617 rourum,
966 4547 1167 4605 sererent.
1182 4547 1201 4606 r.
1217 4547 1252 4606 ue
1267 4543 1404 4606 166611-
1419 4523 1453 4584 1⁵·

538 4620 612 4694 Quia
625 4620 771 4697 proprium
793 4629 821 4680 et
835 4622 1032 4682 immediatum
1060 4634 1105 4684 est
1125 4625 1192 4684 fidei
1213 4625 1353 4698 effectum,
1366 4605 1452 4696 q11⁰d⁵
