3152 5198
128 346 250 388 Qumsr.
267 337 308 408 aa]
575 351 615 390 un
631 349 910 391 sarcrrsrcarross.
1286 339 1344 396 639
1438 336 1440 340 ’

128 505 239 560 pugna
252 491 394 564 quaelibet
407 511 444 550 ex
458 494 556 567 gratia
574 494 772 565 depugnatur,
788 491 829 546 sio
842 497 872 546 et
895 508 996 564 pugna
1018 493 1152 566 specialis
1166 513 1204 550 ex
1226 495 1345 568 speciali

128 566 240 637 gratia.
284 568 375 626 Unde
389 571 449 628 tale
463 579 611 628 certamen
620 571 769 626 decertare
778 585 839 624 non
850 567 972 642 majoris
981 576 1025 625 est
1036 571 1145 640 meriti,
1157 574 1208 629 sed
1222 573 1343 646 majoris

127 643 247 779 gratiss.
291 647 331 704 Et
345 649 417 723 quia
430 650 498 723 plus
512 667 531 706 a
545 647 610 705 Deo
625 648 667 704 ita
680 646 805 704 certanti
819 647 931 716 datum,
946 647 1014 720 plus
1029 648 1079 704 ille
1105 648 1168 706 Deo
1182 650 1342 724 obligatur,

129 737 195 776 non
240 726 316 782 eusi
339 727 372 784 si.

174 800 282 861 XLII.
306 746 452 871 duamvis
461 812 631 863 statuantur
639 805 750 878 gradus
758 802 870 879 gloriae,
881 809 917 859 ut
927 803 1009 860 Deus
1019 822 1057 860 cx
1067 805 1165 878 gratia
1173 825 1233 863 non
1245 807 1343 864 solum

128 881 358 953 temporalibus,
374 885 425 939 sed
439 885 529 941 etiam
539 884 704 941 coelestibus
717 881 849 957 praemiis
869 881 989 955 piorum
1009 882 1124 939 labores
1137 890 1168 940 et
1190 884 1342 959 passiones

128 953 171 1011 sit
186 969 439 1033 remuneraturus,
454 963 532 1018 nihil
545 969 644 1020 tamen
659 961 729 1017 inde
743 981 797 1036 pro
811 959 940 1018 aureolis
950 965 1048 1034 potest
1061 961 1171 1034 colligi,
1186 962 1259 1036 quia
1278 969 1342 1020 tam

127 1033 232 1104 gloria
243 1057 332 1112 quam
343 1057 445 1097 omues
455 1042 566 1114 gradus
580 1041 645 1115 ejus
658 1040 747 1113 plane
761 1046 831 1096 sunt
844 1040 925 1094 dona
938 1037 1043 1112 gratiae
1057 1043 1087 1095 et
1100 1056 1215 1096 merum
1233 1050 1342 1112 χάρισμα

131 1111 210 1188 Del;
226 1119 306 1189 qlloil
321 1123 364 1174 est
379 1125 507 1173 dederamus
521 1137 590 1177 cllm
603 1118 718 1175 merito.

175 1192 301 1252 XLIII.
325 1193 485 1254 Promissio
509 1217 576 1271 quae
596 1197 686 1253 datur
713 1195 852 1264 vincenti,
875 1194 970 1268 Apoc.
993 1193 1022 1250 ii.
1050 1193 1095 1264 17,
1111 1195 1148 1251 de
1161 1214 1273 1254 manna
1289 1199 1341 1255 eb-

130 1272 279 1341 scandito,
294 1279 324 1328 et
348 1274 461 1332 calculo
477 1277 555 1345 albo,
570 1276 613 1332 ita
635 1279 747 1348 spectat
764 1275 922 1346 Martyres,
947 1279 1054 1328 utnon
1076 1273 1175 1330 minus
1195 1277 1342 1349 pertineat

130 1349 171 1403 ad
186 1350 288 1406 fideles
303 1369 411 1422 onmes,
426 1355 534 1426 quibus
548 1353 723 1411 continuum
737 1359 782 1409 est
795 1371 863 1410 cum
882 1350 1021 1419 Diabolo,
1043 1352 1157 1407 mundo
1171 1359 1201 1408 et
1220 1361 1341 1426 peccato

131 1433 291 1485 certamen.
332 1428 363 1486 N
366 1447 397 1486 cc
411 1431 435 1487 si
449 1433 633 1506 promittitur
646 1431 872 1505 talepraemium
880 1429 1018 1498 vincenti,
1028 1429 1162 1500 sequitur
1172 1432 1276 1489 cadere
1285 1434 1341 1490 sub

131 1503 200 1578 ejus
214 1508 361 1566 meritum.
406 1508 496 1576 Quod
511 1512 620 1568 dicitur
633 1510 670 1565 de
685 1508 874 1578 Doctoribus,
890 1506 948 1575 Qui
958 1505 1059 1581 plures
1068 1507 1264 1580 adjustitiam
1276 1531 1341 1566 era·

131 1583 249 1656 dieram,
262 1606 307 1644 eos
322 1589 456 1659 subaros
470 1590 565 1647 instar
587 1589 742 1658 stellarum,
758 1587 835 1644 Dan.
860 1585 910 1642 xii.
927 1585 954 1656 3,
968 1590 1066 1658 potest
1089 1585 1210 1658 quidem
1235 1589 1341 1645 docere

130 1664 245 1735 gradus
259 1667 376 1740 aliquos
389 1668 493 1740 glorias
508 1669 582 1738 dari,
602 1668 653 1724 sed
675 1685 736 1723 non
759 1664 958 1722 differentiam
980 1663 1064 1719 illam
1079 1663 1225 1722 orituram
1239 1684 1276 1722 ex
1296 1666 1341 1722 di-

132 1757 219 1798 versa
232 1745 329 1800 meriti
343 1747 542 1818 proportione.
585 1744 654 1802 Imo
668 1763 736 1802 cum
751 1743 892 1817 quicquid
907 1743 938 1798 in
963 1740 1034 1816 ipsis
1054 1739 1145 1797 fuerit
1158 1743 1287 1816 virtutis,
1308 1744 1340 1801 id

132 1824 230 1876 totum
244 1821 336 1879 fuerit
349 1841 368 1878 a
381 1825 485 1896 gratia,
500 1843 561 1881 uon
575 1829 748 1899 potestesse
762 1821 955 1878 meritorium.

173 1897 292 1958 XLIV.
323 1898 464 1977 Virpiaes,
489 1903 649 1978 dequibus
667 1902 776 1974 agitur,
793 1899 888 1974 Apoo.
912 1898 972 1956 xiv.
987 1898 1015 1968 4,
1030 1917 1091 1954 non
1109 1905 1179 1955 sunt
1202 1901 1339 1975 propriae,

131 1976 184 2032 sed
198 1981 415 2054 metaphoricae,
431 1982 461 2037 id
476 1987 528 2051 est,
543 1981 606 2037 veri
619 1980 729 2048 fideles,
745 1979 797 2052 qui
811 1985 846 2034 ut
861 1977 957 2052 Virgo
971 1983 1060 2046 casta,
1076 1976 1094 2032 2
1110 1975 1177 2034 Gor.
1191 1978 1231 2034 xi.
1248 1979 1275 2049 2,
1290 1981 1340 2037 de-

131 2053 203 2111 bent
221 2057 309 2114 fidem
327 2057 444 2116 Christo
461 2058 576 2134 Sponso
598 2077 652 2115 suo
666 2058 841 2113 inviolatam
856 2073 982 2126 servare,
998 2061 1077 2112 caste
1091 2053 1190 2111 Deum
1205 2056 1340 2130 colendo,

132 2131 197 2188 sine
217 2135 281 2191 ullo
302 2136 482 2194 idololatriac
496 2138 627 2206 crimine,
643 2154 710 2210 quse
725 2135 864 2192 scortatio
879 2141 909 2191 et
922 2133 1105 2191 adulterium
1119 2140 1163 2189 cst
1176 2133 1339 2208 spirituale,

132 2211 184 2283 qui
198 2210 265 2269 ideo
281 2222 472 2287 opponuntur
496 2215 646 2288 Babyloni
668 2214 756 2270 matri
777 2213 999 2280 scortationum,
1015 2217 1045 2267 ct
1066 2211 1131 2283 ojus
1155 2211 1339 2286 sequacibus,

131 2289 183 2362 qui
197 2308 265 2347 cum
279 2309 315 2348 ea
329 2301 504 2350 scortantur,
547 2293 615 2350 Iloc
628 2299 729 2350 autem
743 2309 802 2347 non
814 2291 961 2365 pertinere
971 2295 1090 2346 tantum
1100 2289 1138 2346 ad
1150 2290 1276 2361 ooelibes,
1288 2293 1340 2350 sed

132 2365 208 2423 eiam
223 2370 261 2424 ad
276 2369 453 2443 conjugatos
464 2374 577 2428 clarum
591 2379 644 2428 est.

173 2444 272 2504 XLV.
294 2447 407 2506 Merces
418 2449 518 2518 multo,
528 2469 594 2524 quae
608 2448 796 2523 promittitur
809 2446 845 2503 iis
859 2447 911 2523 qui
925 2447 1162 2521 persecutionem
1173 2446 1339 2520 patiuntur,

131 2521 239 2580 Matth.
256 2543 282 2581 r.
300 2527 345 2598 12,
360 2529 484 2584 denotat
498 2529 619 2601 quidem
633 2526 839 2584 excellentiam
853 2525 972 2600 proemii
985 2526 1045 2581 illis
1065 2524 1211 2599 promissi,
1233 2527 1284 2582 sed
1305 2535 1340 2584 ut

132 2608 175 2657 est
188 2604 281 2674 gratis
302 2606 453 2679 promissa,
468 2605 511 2662 ita
526 2612 570 2662 est
583 2606 676 2679 gratis
690 2605 799 2673 danda,
822 2621 883 2659 non
898 2621 969 2659 vero
983 2603 1136 2659 reddenda
1150 2601 1221 2658 ullis
1234 2619 1339 2661 eorum

130 2681 252 2740 meritis
295 2683 335 2740 Et
349 2685 417 2742 talis
437 2684 549 2740 dicitur
562 2701 623 2739 non
637 2683 729 2740 relate
744 2683 783 2738 ad
796 2699 929 2755 parvam,
945 2681 991 2736 rel
1007 2679 1152 2735 minorem
1172 2682 1337 2738 mercedem

130 2757 275 2831 aliorum;
297 2763 347 2819 sed
362 2768 531 2837 comparate
545 2762 584 2818 ad
599 2779 689 2835 opera
709 2778 801 2834 parva
814 2765 844 2814 et
858 2777 960 2833 pauca,
976 2777 995 2814 a
1008 2758 1142 2813 mercede
1157 2756 1210 2814 illa
1224 2758 1339 2816 donan-

130 2835 175 2892 dis
188 2839 329 2912 praestita,
344 2841 415 2915 quia
424 2858 493 2897 vere
507 2840 605 2896 multa
618 2847 649 2897 et
662 2837 863 2913 copiosissima
874 2843 918 2893 est
930 2853 1042 2893 merces
1052 2853 1106 2908 pro
1119 2851 1211 2908 parvo
1225 2836 1337 2908 labore,

129 2931 197 2971 cum
223 2935 284 2973 non
312 2918 371 2974 sint
395 2918 550 2992 condignae
578 2917 730 2992 passiones
758 2915 861 2989 gloriae
885 2915 1062 2981 revelandae,
1091 2912 1179 2969 Rom.
1201 2913 1261 2970 viii.
1290 2914 1335 2972 13.

131 2989 232 3066 Atque
243 2995 281 3051 de
295 2995 341 3051 his
356 2997 476 3072 quidem
490 2999 644 3052 hactenus.
686 2995 775 3052 Faxit
796 2993 878 3051 Deus
891 3001 926 3050 ut
940 2993 1029 3048 missa
1049 2991 1131 3047 inani
1144 2992 1335 3065 propriorum

129 3069 302 3130 meritorum
314 3075 431 3146 fiducia,
452 3074 485 3130 in
499 3074 564 3131 solo
581 3073 689 3131 Christi
709 3072 815 3129 merito
835 3071 1048 3147 perfectissimo
1063 3068 1291 3144 acquiescamus,
1306 3079 1337 3127 et

129 3148 170 3206 ita
192 3150 282 3206 fidem
298 3152 342 3208 illi
356 3170 505 3210 servemus
528 3159 558 3208 et
571 3152 685 3208 bonum
699 3157 845 3209 certamen
865 3151 1012 3224 usquead
1032 3149 1122 3204 finem
1143 3148 1335 3220 decertemus,

129 3233 162 3282 ut
187 3229 314 3301 justitiae
339 3249 487 3300 coronam,
515 3248 575 3286 non
599 3229 712 3286 meritis
739 3229 847 3285 nostris
874 3229 1014 3298 debitam,
1043 3226 1095 3283 sed
1121 3223 1335 3299 gratiosissime

130 3306 214 3363 nobis
228 3308 411 3380 promissam,
427 3308 565 3367 acoelcsti
581 3308 783 3382 Agonotheta,
800 3315 990 3380 reportemus.
1034 3304 1086 3362 Illi
1097 3321 1168 3360 vero
1183 3313 1283 3374 ἐρχηγᾷ
1294 3315 1334 3360 ut

130 3396 237 3457 anons
250 3386 354 3444 salutis
367 3393 485 3456 nostra,
501 3385 566 3442 Deo
581 3385 646 3444 Uni
659 3393 689 3442 et
703 3386 803 3457 Trino,
823 3388 853 3439 Α
873 3384 946 3455 Quo,
958 3404 1014 3461 per
1031 3382 1131 3453 Quen,
1146 3386 1228 3443 etad
1243 3382 1335 3453 Quem

128 3475 194 3522 suat
207 3463 313 3535 omnia,
327 3466 364 3523 sil
377 3465 441 3523 brus
456 3476 482 3522 et
493 3464 589 3542 ploria
603 3467 633 3522 ia
646 3464 741 3523 secula
754 3463 920 3522 seculorum.
962 3463 1069 3520 Assar.
