3202 5194
162 375 282 424 cunsr.
297 353 385 438 xxa]
622 411 626 421 ,
675 373 715 414 ne
729 373 806 414 mon
820 373 881 414 nnn

617 593 812 670 oomsrro
832 593 942 654 xxv.

469 773 509 814 nn
523 771 609 814 nanus
622 773 849 815 exacueremus
863 771 1084 814 manamaur..

171 913 220 972 Aa
236 915 298 974 Lae
312 913 523 976 Ooeremoatbls's
535 916 585 974 stab
598 917 682 976 Nooo
698 917 770 976 Test.
784 917 924 993 abrogata
936 915 980 992 sit,
995 915 1149 992 captando
1163 933 1198 972 ao
1217 918 1381 992 quomodo!

478 1075 504 1134 I.
527 1075 591 1134 Lex
612 1074 826 1135 Caeremonialis
846 1083 943 1153 potest
962 1074 1095 1136 bifariam
1116 1073 1248 1152 spectari,
1266 1075 1315 1134 rel
1335 1095 1380 1134 ra-

208 1131 383 1238 ffifflff
436 1155 517 1215 tione
539 1155 674 1214 ᾱοοιήηω
697 1164 727 1216 et
749 1155 977 1233 significationis,
1002 1155 1051 1215 vel
1074 1155 1184 1214 ratione
1207 1156 1381 1231 obligationis

436 1243 467 1294 et
493 1235 694 1295 observantiae.
736 1236 803 1294 Non
826 1236 971 1312 quaritur,
997 1236 1046 1293 An
1069 1237 1209 1312 abrogm
1229 1236 1266 1294 sit
1286 1239 1384 1313 quood

175 1317 347 1377 docem:
367 1317 491 1377 fatemur
505 1315 580 1375 enim
596 1335 712 1375 manere
732 1316 835 1391 adbuc,
851 1325 880 1375 et
899 1315 1086 1375 multifariam
1106 1315 1208 1374 utilem
1228 1335 1292 1376 asse
1306 1316 1381 1376 inter

176 1397 364 1473 Christianos,
379 1406 409 1456 et
422 1397 575 1456 veritatem
589 1395 750 1474 mysticam,
765 1416 830 1473 quae
855 1396 909 1456 sub
930 1397 985 1454 hoc
999 1396 1106 1456 cortice
1125 1395 1244 1472 latebat
1260 1397 1381 1456 eandem

174 1497 288 1555 semper
301 1497 374 1553 esse,
385 1485 416 1537 et
428 1485 575 1554 perpetuae
585 1476 780 1554 necessitatis3
797 1475 883 1538 Unde
894 1476 928 1535 fit
940 1484 974 1536 ut
986 1485 1104 1554 propter
1116 1475 1203 1534 istam
1216 1477 1381 1554 analogiam

168 1559 293 1619 nomina
306 1577 419 1635 semper
431 1559 610 1616 retineantur
623 1565 734 1616 mutato
749 1565 826 1616 statu
845 1557 973 1634 antiquo,
995 1565 1025 1616 et
1046 1556 1242 1632 circumcisio,
1266 1557 1381 1616 Sacrifi-

175 1639 228 1714 cia,
244 1638 368 1714 Altaria,
384 1637 497 1696 suffitus
515 1635 679 1696 trrbuantur
693 1637 874 1712 Christianis,
899 1657 957 1695 non
984 1636 1064 1714 quod
1085 1637 1167 1696 locus
1189 1636 1293 1696 debeat
1316 1657 1381 1696 esse

174 1719 239 1778 istis
253 1719 358 1778 ritibus
377 1718 432 1776 sub
455 1716 627 1794 Evangelio,
652 1717 703 1776 aed
727 1718 796 1794 quia
809 1717 917 1777 veritas
941 1717 1062 1776 istarum
1085 1716 1244 1794 figurarum
1268 1735 1381 1794 semper

175 1807 281 1874 manet,
306 1799 337 1856 in
351 1817 409 1875 qua
421 1797 564 1856 habemus
576 1817 623 1855 res
638 1797 730 1874 signis
743 1797 808 1857 istis
822 1797 1028 1856 adumbratas:
1052 1796 1111 1856 Sed
1123 1797 1171 1854 Aa
1184 1797 1325 1872 abrogata
1345 1798 1383 1856 ait

176 1881 274 1956 quoad
285 1879 479 1955 obligationem
493 1886 520 1938 ct
532 1878 723 1953 obedientiam,
747 1886 777 1937 et
791 1876 841 1936 An
864 1876 965 1936 fideles
985 1877 1176 1955 subjiciantur
1197 1876 1291 1935 adbuc
1307 1875 1381 1955 Legi

175 1959 377 2033 ceremoniali,
391 1965 425 2017 ut
438 1957 508 2016 olim
521 1957 629 2033 Judaei,
646 1966 675 2017 et
689 1965 841 2018 teneantur
853 1958 935 2016 illam
948 1958 1112 2032 observare,
1136 1963 1169 2016 ut
1191 1956 1212 2016 J
1214 1956 1291 2016 udoei
1314 1977 1378 2034 per-

174 2039 306 2099 tendunt.
349 2039 421 2113 Quae
434 2057 493 2096 non
506 2046 619 2097 tantum
633 2037 688 2097 fuit
701 2037 873 2098 Judaeorum
886 2045 1026 2112 veterum,
1042 2044 1072 2096 et
1086 2045 1130 2095 est
1150 2035 1244 2096 adhuc
1265 2037 1379 2097 hodier-

174 2137 279 2178 norum
292 2119 399 2196 opiaio,
415 2117 467 2177 sed
480 2126 510 2177 et
525 2117 865 2196 Pseudo-Apostolomm
879 2117 901 2178 J
902 2118 1099 2177 udataantium
1110 2125 1238 2192 tompore
1253 2116 1379 2195 Aposto-

174 2198 278 2274 lomm,
300 2199 350 2276 qui
371 2198 613 2259 caeremoniarum
635 2198 867 2258 observationem
889 2206 924 2257 ut
946 2198 1139 2258 necessariam
1163 2197 1314 2273 urgebant,
1339 2199 1380 2257 sic

177 2277 288 2355 Legem
301 2299 367 2337 cum
385 2278 558 2354 Evangelio,
580 2277 694 2337 Mosam
714 2299 781 2338 cum
802 2278 917 2338 Christo
936 2287 1044 2338 temere
1058 2275 1277 2338 contundentes.
1317 2277 1380 2338 Nos

176 2375 248 2416 vero
262 2377 328 2416 cum
342 2357 492 2436 Apostolis
505 2367 535 2418 et
548 2366 611 2417 tota
625 2359 758 2418 Ecclesia
770 2377 921 2436 negamus.

441 2435 1381 2596 ..tt

206 2555 419 2668 masilibxden
440 2597 504 2657 Lex
518 2599 726 2658 caeremonialia
741 2599 884 2676 abrogari.
917 2563 1026 2658 Mdtari
1040 2605 1136 2656 antem
1150 2563 1230 2655 issani
1245 2597 1379 2658 debuisse

206 2657 267 2702 ὼ·
279 2657 316 2704 ¹⁰·
440 2685 540 2737 contra
553 2678 676 2738 Judeeos
696 2699 735 2738 ex
748 2679 880 2739 Oracnlis
895 2678 933 2737 V.
949 2679 983 2736 Τ.
997 2678 1106 2736 invicte
1121 2677 1276 2755 colligitur,
1293 2680 1321 2736 1.
1331 2678 1380 2736 Ex
1474 2709 1480 2716 ·

177 2755 1381 2834 Gemxlix.10,nbi“nouaul'crendum”dicitur“sceptrumaJudaetLegislator

177 2836 303 2896 emedio
316 2837 423 2914 pedum
442 2839 514 2915 ejus,
530 2838 622 2897 donec
640 2839 740 2898 veniat
756 2839 855 2899 Schilo
866 2840 894 2914 ;”
918 2837 970 2897 ubi
984 2836 1226 2914 quemadmodum
1241 2837 1381 2898 asseritur

176 2917 334 2976 necessitas
347 2917 515 2976 ‹economiae
531 2917 657 2995 Legalis,
672 2937 738 2996 quae
751 2938 803 2997 per
817 2926 961 2996 sceptrum
976 2925 1005 2976 et
1020 2917 1229 2994 legislatorem
1243 2914 1378 3008 designa·

175 3005 232 3074 tur,
247 3017 339 3075 usque
353 2996 391 3056 ad
405 2997 523 3056 Messias
537 2997 704 3074 adventum,
717 2999 767 3076 qui
781 2999 954 3058 nominent
967 3001 1030 3058 ssa
1043 2993 1221 3072 exprimitur,
1237 3015 1319 3071 quaer
1330 3019 1380 3058 uer

176 3081 225 3154 rb,
243 3081 322 3154 cujac
342 3085 383 3135 ast
401 3095 545 3154 regnum:
567 3077 613 3136 Ita
633 3097 667 3138 eo
681 3079 812 3138 exhibito
826 3079 891 3156 ejus
904 3077 1055 3154 abrogatio
1067 3074 1229 3134 necessario
1243 3075 1379 3154 supponi·

176 3164 240 3232 tur,
262 3176 328 3216 nam
344 3157 475 3232 eiusque
489 3156 527 3214 ad
541 3156 687 3217 Christum
701 3177 817 3217 manere
836 3158 945 3233 debuit,
961 3164 1027 3234 post
1046 3175 1113 3215 eum
1126 3154 1225 3214 nullus
1239 3154 1282 3212 illi
1296 3155 1379 3216 locus

177 3257 241 3296 esse
255 3236 365 3296 debuit.
408 3235 604 3313 Exceptioncs
623 3237 794 3298 Judaorom
814 3257 868 3298 suo
883 3238 949 3297 loco
969 3235 1144 3310 refellentur,
1159 3253 1249 3312 quum
1263 3235 1299 3295 de
1315 3233 1377 3295 Ad·

175 3325 267 3376 ventu
280 3315 398 3376 Messias
411 3315 615 3395 disputabitur.

404 3461 409 3472 Ι
480 3396 541 3455 ΙΙΙ.
561 3401 590 3456 a.
613 3397 661 3456 Ex
681 3397 744 3457 Jer.
759 3397 844 3457 xxxi.
863 3400 912 3472 31,
933 3396 985 3455 ubi
1004 3415 1113 3455 norum
1127 3393 1230 3470 foedus,
1253 3404 1282 3455 et
1302 3415 1379 3456 nova

175 3460 329 3565 mge-
349 3475 419 3506 ’ω
440 3475 1196 3554 uoxpromiseremovanmaassumetur>uu:
1210 3476 1379 3536 “usaues

298 3553 305 3566 ’
437 3555 554 3615 venturi
562 3557 751 3634 suutqnibus
759 3577 885 3635 pangam
894 3555 1175 3616 cumdomolsrablis
1184 3564 1213 3614 et
1221 3555 1379 3615 cumdomo

177 3639 199 3698 J
200 3639 302 3698 ebudae
307 3657 417 3698 norum
422 3636 525 3710 foedus,
533 3655 592 3696 non
603 3637 761 3696 secuudum
771 3637 845 3697 illud
851 3634 1135 3714 quodpepigi,”&c.;
1150 3655 1204 3694 nec
1212 3637 1380 3696 mutationis

176 3728 289 3779 motum
303 3719 412 3777 veritas
432 3725 463 3777 et
483 3716 625 3776 certitudo
645 3725 770 3792 notatur,
792 3718 861 3794 quia
879 3717 931 3776 ubi
950 3723 1059 3775 norum
1080 3716 1175 3775 foedns
1194 3715 1379 3793 pangendum

177 3799 291 3875 dicitur,
314 3817 349 3858 eo
369 3798 433 3876 ipso
453 3797 533 3874 prius
555 3797 728 3874 antiquatur,
745 3797 823 3856 Heb.
837 3797 898 3856 viii.
915 3800 962 3871 13,
985 3795 1037 3855 sed
1057 3804 1087 3856 et
1107 3815 1194 3854 caasa
1211 3795 1379 3854 mutationis

177 3878 329 3955 indicatur,
344 3877 466 3936 violatio
487 3875 597 3936 scilicet
617 3877 722 3954 prioris
742 3875 868 3951 faederis,
884 3885 913 3936 et
926 3879 1033 3950 modae,
1048 3875 1078 3933 in
1098 3874 1173 3952 legis
1194 3874 1379 3950 inscriptione

178 3957 310 4017 interna:
339 3958 378 4016 Et
391 3977 427 4016 ne
441 3957 508 4034 quis
528 3957 656 4033 excipiat
676 3975 742 4016 cum
756 3957 870 4016 Judaeis
890 3975 1000 4015 novum
1020 3954 1078 4014 dici
1098 3955 1208 4013 ratione
1229 3953 1378 4011 confirma·

177 4036 266 4096 tionis
280 4043 310 4096 et
322 4037 485 4098 coalitionis
498 4036 614 4110 vetaris,
629 4055 688 4094 non
702 4037 799 4113 quoad
821 4036 892 4095 novi
910 4035 1129 4110 institutionem,
1144 4052 1281 4109 expresse
1302 4053 1379 4092 asse·

176 4116 252 4176 ritnr
269 4137 326 4177 noa
340 4120 409 4195 fora
430 4119 581 4176 amandam
604 4117 684 4193 illud,
705 4119 783 4193 qaod
797 4125 915 4193 poetam
928 4119 1032 4190 ficerat
1052 4133 1114 4173 eam
1135 4113 1277 4189 Potrsbao,
1300 4111 1380 4189 quod

177 4197 377 4258 diversitatem
390 4197 508 4257 foederis
521 4197 685 4256 necessario
699 4197 844 4274 importat,
860 4197 885 4255 si
905 4215 964 4254 non
977 4193 1075 4272 quoad
1088 4193 1287 4270 substantiam,
1303 4202 1380 4252 certe

175 4277 255 4354 quod
268 4277 468 4338 oeconomiam.
1086 4325 1092 4335 ,

479 4357 535 4416 IV.
548 4359 576 4416 3.
589 4356 637 4414 Ex
647 4356 722 4414 Dan.
731 4355 772 4414 ix.
783 4359 831 4429 2⁷,
841 4355 892 4414 ubi
904 4357 922 4387 “
932 4353 1075 4414 Messias’'
1086 4353 1195 4413 dicitnr
1205 4354 1223 4385 ‘⁴
1231 4351 1318 4410 finem
1326 4350 1379 4410 im·

175 4414 245 4460 ³³¹
256 4415 317 4462 Μ·
333 4415 367 4460 ¹¹·
381 4415 418 4462 ²⁷²
437 4436 585 4514 positurus
595 4436 707 4510 hostiae,
716 4443 746 4495 et
756 4435 905 4510 sacrificio,
912 4443 943 4494 et
951 4433 1136 4512 Prophetiam
1145 4432 1381 4508 obsignatums,”

175 4513 256 4592 quod
269 4533 329 4573 non
342 4521 438 4592 potest
450 4515 576 4594 intelligi
590 4517 653 4575 sine
667 4515 855 4594 abrogatione
869 4515 988 4593 Legalis
1004 4513 1180 4572 aeconomiae.
1217 4511 1256 4569 Et
1276 4530 1314 4568 ex
1328 4511 1380 4570 Je-

175 4615 247 4654 rcm.
256 4593 297 4653 iii.
307 4596 353 4668 16,
366 4597 413 4669 l'l,
426 4597 444 4630 “
456 4595 492 4653 ln
503 4596 606 4656 diebus
615 4595 684 4670 illis,
696 4615 755 4654 non
764 4596 862 4655 dicent
872 4595 1005 4673 amplius,
1019 4591 1099 4652 Arca
1110 4591 1237 4665 Domini,
1248 4609 1302 4650 nec
1310 4591 1380 4650 visi·

175 4675 280 4735 abunt
293 4675 388 4751 eam,’'
403 4671 459 4735 dac.
482 4675 514 4734 Si
524 4675 611 4736 Areae
626 4675 742 4752 veteris,
754 4695 820 4753 quae
829 4675 922 4736 veluti
932 4683 1063 4734 connum
1074 4681 1136 4732 erat
1146 4671 1253 4735 vetem
1266 4689 1381 4732 ‹acono-
