3150 5206
226 369 283 428 182
665 383 756 424 nocua
770 383 969 426 euonscnrus.
1242 363 1370 446 [eumer.
1385 388 1427 430 vr.

223 537 428 602 transversum,
443 534 476 585 ut
489 525 583 618 aliena
596 524 633 584 ab
647 523 683 584 iis
698 523 785 584 etiam
823 523 937 616 referat,
952 543 1017 602 que
1031 523 1157 582 mamma
1171 531 1318 603 compertu
1330 527 1427 602 habet,

222 603 780 761 qmdleailriimiliddipudlldrdrblsrtdbbiadt
794 623 986 742 mffitldrddtio
999 701 1058 741 non
1071 681 1241 760 prejudicat
1254 685 1303 744 vel
1316 686 1427 744 revela-

224 763 305 840 tioni,
320 765 369 823 vel
382 763 450 823 fidei
464 772 493 823 et
506 763 705 840 intelligentie
718 761 857 838 aliorum;
879 781 937 821 non
951 761 1158 822 intellexerunt
1175 761 1227 838 illi,
1243 764 1322 840 quod
1342 765 1427 824 intel·

223 840 315 921 ligare
328 851 483 922 potuerunt
497 849 525 902 et
539 842 708 917 debuerunt,
723 841 858 918 quodque
878 841 919 920 pii
939 849 1005 900 ante
1028 841 1107 918 ipses
1120 849 1150 900 et
1167 843 1255 920 juxta
1275 843 1354 920 ipsos
1374 865 1430 922 pro

224 943 359 982 mensura
371 923 439 982 fidei
452 923 541 1001 probe
556 922 769 996 intellexerunt,
784 921 890 980 Matth.
903 921 986 980 xxvi.
1003 923 1050 979 12.
1085 921 1125 980 Et
1138 921 1164 979 si
1177 923 1348 998 mysterium
1358 932 1430 984 tunc

224 1003 305 1062 nrrllo
318 1003 405 1062 modo
418 1003 560 1080 potuisset
573 1000 706 1078 intelligi,
718 1020 777 1058 non
786 1009 954 1077 peccassent
965 1000 1109 1077 Discipuli
1117 1000 1148 1058 id
1158 1020 1216 1059 uon
1227 1002 1428 1080 intelligendo,

225 1083 393 1221 19121
405 1082 551 1220 tltttt
560 1080 680 1218 titt
694 1079 988 1235 32333ῗί11ῗὲἷί
1000 1079 1268 1236 ltttttttt
1278 1081 1356 1218 ¹¹53?
1369 1103 1429 1221 33¹3

1147 1204 1155 1234 ,
1271 1204 1278 1218 .
1348 1206 1355 1219 .

226 1241 297 1299 Luc.
312 1239 394 1298 xxiv.
409 1242 457 1313 25,
472 1241 522 1297 26.
563 1238 625 1296 Nec
639 1257 711 1314 opus
724 1237 780 1297 fuit
793 1235 927 1296 fidelibus
940 1237 978 1296 ad
994 1238 1132 1316 mysteria
1146 1239 1202 1296 ista
1216 1209 1429 1316 cognoscenda:

225 1319 290 1377 aliis
303 1319 395 1376 ocrrlis
409 1337 495 1394 quam
515 1315 592 1392 fidei,
615 1317 720 1392 quibus
740 1316 771 1374 in
787 1315 897 1375 umbria
911 1335 1025 1394 corpus,
1046 1317 1077 1374 in
1091 1317 1236 1376 vaticiniis
1250 1319 1384 1380 nucleum
1398 1331 1429 1379 at

224 1397 376 1456 veritatem
389 1396 531 1455 viderent.

266 1474 384 1532 XLIV.
406 1473 545 1550 Quamvis
561 1474 641 1532 Deua
659 1473 819 1551 corporalia
838 1473 915 1532 bone
933 1494 986 1550 per
1008 1475 1121 1534 Mosam
1142 1475 1172 1533 in
1186 1475 1225 1534 V.
1240 1477 1320 1536 Test.
1342 1478 1427 1554 polli-

225 1563 331 1629 centur,
353 1574 412 1613 non
431 1554 465 1613 fit
485 1561 583 1612 tamen
602 1553 750 1612 exclusive
771 1551 809 1612 ad
830 1553 998 1630 spiritualia,
1023 1573 1088 1630 quae
1113 1574 1188 1630 saepe
1211 1557 1426 1632 promittuntur,

226 1633 321 1693 Exod.
336 1633 440 1693 xxxiv.
456 1635 483 1708 6,
500 1637 536 1709 73
556 1633 629 1692 Lev.
643 1633 727 1690 xxvi.
740 1634 787 1704 12,
799 1635 849 1706 41,
860 1637 908 1706 42,
923 1635 980 1706 443
1004 1633 1089 1692 Deut.
1105 1635 1188 1692 xviii.
1205 1637 1252 1709 15,
1268 1643 1382 1713 etseq,
1397 1646 1427 1696 et

225 1735 298 1773 xxx.
318 1718 345 1789 2,
366 1717 394 1790 9,
410 1716 437 1789 6,
455 1715 501 1787 11,
523 1717 570 1772 12.
612 1712 676 1771 Imo
695 1721 792 1789 aperte
813 1709 883 1771 satis
904 1712 934 1770 iu
954 1711 1078 1770 formula
1097 1711 1214 1772 foederis
1234 1714 1425 1774 contineumr.

225 1794 302 1868 Qnin
316 1793 378 1871 ipsa
386 1795 463 1853 bone
473 1792 632 1870 corporalia
641 1791 812 1851 documenta
822 1800 851 1851 et
860 1791 992 1868 symbola
1002 1791 1117 1850 fuerunt
1128 1791 1329 1869 spiritualium,
1340 1795 1423 1852 Rern.

224 1874 264 1930 iv.
283 1877 328 1949 12,
344 1871 403 1948 &05
428 1876 442 1931 l
460 1873 524 1932 Cor.
540 1893 569 1933 x.
587 1876 613 1945 1,
636 1875 663 1946 2,
680 1874 715 1946 3,
739 1871 815 1930 Heb.
831 1871 871 1929 xi.
891 1873 918 1946 8,
940 1873 968 1946 9,
986 1873 1032 1930 10.
1075 1871 1115 1928 Et
1135 1889 1273 1947 expressa
1293 1872 1327 1932 fit
1347 1893 1424 1932 men-

224 1953 266 2010 tio
280 1951 348 2011 vitas
369 1959 493 2026 eternae,
509 1951 548 2010 Is.
566 1952 628 2008 xlv.
645 1954 691 2025 17,
709 1951 783 2008 Dan.
798 1949 849 2009 xii.
865 1953 893 2026 2,
909 1951 958 2008 Ps.
974 1949 1034 2009 xvi.
1053 1953 1098 2025 ll,
1120 1949 1189 2009 licet
1209 1969 1263 2010 nee
1276 1959 1336 2011 tam
1350 1953 1426 2011 clare

224 2031 353 2090 revelata
366 2031 412 2104 sit,
427 2051 481 2089 nec
494 2039 554 2088 tam
568 2029 668 2088 multis
682 2036 768 2106 atque
782 2048 867 2088 nunc.

268 2109 367 2168 XLV.
392 2109 516 2186 Spiritus
539 2109 568 2166 S.
584 2107 691 2165 donum
712 2107 888 2184 promittitur
909 2107 962 2165 sub
984 2107 1021 2166 N.
1036 2107 1070 2167 Τ.
1090 2127 1148 2166 non
1163 2108 1257 2186 simpl.
1272 2111 1356 2186 quasi
1377 2111 1424 2170 de-

224 2187 310 2246 fuerit
318 2188 449 2246 absolute
460 2187 551 2246 veteri
563 2185 702 2244 Ecclesiae
715 2185 908 2244 contrafidem
920 2185 1059 2262 locorum,
1069 2187 1117 2246 Pa.
1126 2187 1158 2245 li.
1175 2191 1221 2263 ll,
1236 2189 1281 2262 12,
1292 2195 1322 2248 et
1335 2190 1423 2248 cxliii.

226 2267 272 2340 10,
289 2266 329 2324 Is.
344 2265 416 2324 xliv.
431 2269 459 2339 3,
475 2273 504 2324 at
517 2265 569 2324 lix.
585 2267 633 2340 21,
649 2265 756 2324 Ezech.
775 2265 881 2323 xxxvi.
899 2269 947 2340 27,
963 2274 993 2325 et
1006 2267 1111 2325 xxxix.
1127 2268 1176 2341 29,
1191 2267 1270 2344 Hag.
1285 2269 1314 2327 ii.
1330 2271 1359 2344 5,
1374 2270 1424 2328 sed

224 2343 382 2404 secundum
396 2343 476 2420 quid,
490 2351 633 2420 quatenus
645 2351 707 2402 tum
728 2344 850 2420 parcius,
871 2353 932 2402 tum
952 2345 1135 2420 paucioribus
1149 2346 1347 2422 dispensatum
1362 2347 1424 2421 luit,

223 2443 258 2482 ac
272 2422 363 2481 veluti
384 2423 528 2498 gnrttatim.
570 2422 655 2482 Nune
674 2443 743 2482 varo
764 2441 870 2499 magna
891 2423 981 2500 copia,
1005 2433 1034 2484 et
1054 2425 1145 2484 instar
1157 2426 1285 2502 fluminis
1304 2426 1425 2486 inundat

224 2510 314 2560 totam
330 2501 499 2578 Ecclesiam,
514 2501 622 2561 Johau.
637 2501 688 2561 vii.
704 2504 751 2576 39,
774 2501 853 2578 quod
873 2501 920 2561 die
940 2502 1127 2564 Pentecostes
1146 2504 1312 2565 inchoatum
1327 2506 1427 2566 visibi-

224 2581 299 2655 liter,
316 2581 383 2640 Act.
399 2581 428 2640 ii.
442 2583 488 2655 17,
504 2582 551 2656 18,
566 2581 727 2641 continuari
742 2581 828 2642 debet
842 2581 1027 2642 invisibiliter
1041 2583 1094 2642 sub
1109 2603 1199 2660 regno
1214 2585 1320 2644 Christi
1334 2605 1426 2662 usque

223 2659 262 2718 ad
275 2661 550 2721 consummationem
565 2660 665 2720 seculi.

688 2899 881 2975 QUAESTIO
903 2899 958 2959 VI.

548 3077 587 3118 na
602 3077 735 3119 rmnsnrs
749 3077 870 3118 unumne
886 3077 1101 3119 anrmrumns.

267 3219 313 3276 Aa
328 3219 432 3277 Foedus
449 3219 561 3278 Gratiae
574 3237 696 3294 unquam
710 3218 973 3292 enimtoleficerr't,
988 3221 1033 3277 vel
1044 3221 1141 3294 quoad
1152 3220 1325 3296 oblatioroem,
1340 3225 1386 3280 vel

591 3299 689 3372 qztoad
699 3297 938 3371 acceptationem!
979 3297 1053 3374 Neg.

324 3515 329 3526 Ι
524 3451 548 3508 1.
565 3451 691 3525 Quaestio
702 3451 764 3509 haec
775 3459 908 3510 versatur
917 3452 993 3511 circa
1006 3456 1147 3530 Oljectum
1158 3455 1289 3516 Foederis
1301 3458 1426 3533 Gratim

247 3513 441 3616 Οθθζζζξω·
484 3525 556 3601 Qua
575 3529 660 3588 nobis
680 3537 814 3589 movetur
833 3549 851 3590 a
873 3531 1006 3590 Patronis
1028 3535 1139 3594 Gratiae
1152 3535 1334 3610 universalis,
1355 3539 1427 3598 licet

376 3603 383 3616 '
481 3605 589 3684 dispari
603 3609 733 3668 modoet
752 3608 818 3668 fine.
862 3609 904 3670 Ut
924 3611 1001 3670 euim
1021 3613 1218 3690 possintbim
1236 3613 1422 3688 111111113111111Ε

221 3685 320 3744 adano
333 3683 370 3743 de
383 3682 601 3744 universalitate
616 3685 734 3764 Gratia,
749 3695 884 3748 tenentur
903 3689 1027 3766 foederis,
1044 3712 1101 3769 quo
1117 3693 1219 3753 Gratia
1232 3695 1424 3773 dispensatur,

220 3763 466 3824 universalitatem
480 3764 562 3840 tueri,
575 3773 608 3824 ut
622 3785 706 3824 nemo
720 3767 758 3826 sit
771 3768 944 3842 mortalium,
957 3770 1007 3846 qui
1021 3771 1122 3845 foederi
1136 3772 1185 3832 isti
1199 3793 1252 3833 suo
1266 3774 1353 3834 medo
1366 3795 1425 3834 non

220 3843 321 3920 subsit,
336 3850 366 3903 et
380 3861 445 3904 cum
459 3861 518 3920 quo
531 3862 591 3903 nou
604 3844 642 3903 sit
661 3845 774 3905 initum.
816 3847 856 3906 Et
873 3849 1014 3908 rationem
1033 3859 1136 3928 petunt
1155 3849 1192 3912 ab
1206 3853 1426 3914 universalitate

218 3923 320 3984 mortis
334 3921 449 4000 Christi,
471 3941 559 4000 quarn
579 3923 759 3985 fundamenti
778 3925 844 3986 loco
865 3928 1053 3988 substernunt
1071 3930 1187 3990 Foederi
1202 3932 1329 4008 Gratia,
1352 3933 1427 3994 ldae

218 4003 294 4062 enim
315 4010 418 4080 putant
432 4001 578 4062 Christum
599 4011 744 4064 mortuum
762 4023 827 4065 csse
844 4025 897 4084 pro
920 4007 1061 4082 omnibus,
1084 4017 1118 4067 ut
1140 4009 1205 4070 Deo
1228 4012 1428 4089 acquireretur

216 4089 345 4160 potestas
358 4101 466 4142 novum
481 4081 591 4141 Foedus
605 4102 670 4141 cum
686 4083 799 4144 Genera
813 4085 939 4145 humano
953 4087 1151 4147 contrahendi.

519 4161 562 4220 11.
583 4163 815 4224 Remoaetrantes
834 4165 865 4222 in
886 4165 1080 4226 declaratione
1102 4169 1253 4229 sententie
1272 4189 1332 4229 suae
1346 4171 1426 4231 'circa

218 4224 679 4329 sa¹¹2⁰·,}²¹}{1”2,¹‡¹⁰n¹{¹⁰¹¹·Artic.iide
701 4242 796 4302 Morte
817 4243 933 4319 Christi,
955 4265 984 4322 p.
1005 4247 1055 4305 28.
1080 4247 1252 4307 sententiam
1275 4268 1358 4308 suam
1381 4249 1425 4310 sic

478 4331 636 4398 exponunt,
664 4321 825 4382 “Christus
848 4323 950 4382 merito
974 4325 1076 4383 mortis
1101 4343 1160 4386 suta
1184 4327 1280 4387 Deum
1306 4328 1425 4388 Patrem

216 4397 352 4458 universo
372 4397 480 4459 Generi
500 4400 626 4460 humano
646 4400 786 4460 hamanus
799 4401 1005 4478 reconciliavit,
1028 4413 1060 4462 ut
1082 4405 1169 4464 Pater
1191 4415 1309 4484 propter
1330 4407 1427 4484 ipsius

215 4477 357 4553 meritum,
373 4477 455 4538 selva
471 4479 587 4556 justitia
599 4489 629 4538 et
642 4479 763 4539 veritate
785 4499 845 4552 sua,
864 4499 971 4540 novum
993 4483 1093 4558 gratiae
1108 4483 1218 4544 Foedus
1233 4505 1298 4544 cum
1319 4505 1424 4563 peeca-

215 4557 326 4616 toribus
340 4567 370 4617 et
383 4557 561 4618 damnationi
577 4559 712 4618 obnoxiis
732 4558 897 4618 bominibus
917 4559 989 4618 inire
1003 4581 1038 4620 ac
1052 4563 1164 4622 sancire
1183 4566 1311 4642 potuerit
1325 4574 1355 4624 et
1369 4585 1425 4626 vo·

214 4633 330 4695 luerit.”
373 4636 482 4697 Foedus
506 4646 602 4697 eutem
622 4637 702 4698 istud
722 4657 839 4714 novum,
862 4637 902 4698 ita
922 4647 1039 4716 pactum
1060 4659 1125 4700 cum
1147 4643 1284 4702 universo
1306 4644 1427 4705 Genera
