3186 5210
260 362 319 422 530
663 375 754 418 sucus
769 374 899 415 necrnus
918 371 1053 422 colurus.
1272 353 1397 436 [Qurasr.
1412 372 1470 415 xm.

262 521 330 581 hinc
345 519 545 581 certitudinem
560 517 662 578 salutis
676 526 705 577 et
718 517 939 596 perseverantia
950 514 1086 594 colligat3
1108 517 1165 576 nisi
1175 516 1299 576 salimus
1309 516 1403 576 fallax
1412 537 1471 576 esse

265 602 389 678 Spiritus
406 601 504 658 Sancti
517 599 722 674 testimonium,
747 607 775 656 et
799 597 909 656 irritam
928 595 1168 674 obsignationem,
1184 597 1262 675 quod
1276 598 1324 655 vel
1348 598 1472 675 cogitare

263 683 408 759 impium?
430 679 516 740 Unde
540 681 641 738 Patres
665 687 772 738 vocent
786 677 914 755 sigillum
931 675 1009 734 istud
1021 687 1180 746 exaesam-n,
1195 678 1274 756 quod
1287 677 1356 736 ideo
1370 678 1473 737 dicitur

263 761 347 820 nobis
361 761 494 838 imprimi,
509 781 568 819 non
582 759 620 818 ad
630 759 775 836 quoddam
786 766 898 835 tempus
909 765 1029 831 mutum,
1046 756 1098 816 sed
1112 758 1149 816 ad
1160 758 1232 817 diem
1244 759 1335 834 ipsum
1347 761 1472 834 radasp-

264 843 354 916 tionis,
369 842 408 900 id.
424 841 560 900 adfinem
574 859 675 917 usquc.
718 839 818 916 Atque
839 857 872 897 eo
884 837 978 913 megia
992 837 1109 914 stringit
1133 849 1344 916 argumentum,
1360 839 1473 916 qnando

263 923 367 982 modus
388 923 472 980 istius
497 919 707 996 obsignationis
732 918 899 992 attenditur,
924 916 974 993 qui
997 937 1056 976 non
1080 925 1273 978 esteatcrnus
1298 928 1412 978 tantum
1427 939 1474 996 per

266 1003 458 1076 Sacramenta,
485 1001 580 1059 sedet
603 1000 734 1058 internus
747 1019 800 1077 per
823 996 1049 1057 consolationem
1070 1006 1099 1056 et
1123 1000 1390 1073 sanctificationem,
1412 1019 1474 1076 quae

264 1082 354 1160 sigilli
368 1083 451 1141 istius
466 1080 586 1139 totidem
602 1089 669 1139 suut
679 1081 761 1138 velut
774 1087 879 1156 partes,
895 1075 960 1154 quae
974 1077 1011 1135 ab
1025 1097 1083 1137 una
1096 1087 1177 1155 parte
1192 1080 1384 1138 aeternitatem
1399 1097 1474 1137 amo-

263 1163 303 1220 ris
316 1163 370 1220 Dei
385 1163 415 1219 in
429 1161 513 1219 nobis
527 1163 705 1236 confirmant,
721 1160 759 1218 ab
773 1159 863 1218 altera
876 1158 912 1216 de
927 1159 1089 1217 constantia
1101 1159 1169 1218 fidei
1184 1167 1214 1218 et
1237 1159 1370 1236 obsequii
1385 1160 1473 1218 nostri

264 1263 302 1301 ex
317 1243 410 1320 gratia
425 1241 481 1300 Dei
494 1261 548 1299 nos
561 1241 743 1319 persuadent.
788 1239 873 1298 Unde
884 1244 964 1316 patet
982 1237 1088 1296 frustra
1111 1239 1205 1316 regeri
1227 1240 1264 1297 ab
1289 1239 1476 1298 Adversariis

263 1323 312 1400 agi
327 1323 363 1381 de
378 1321 579 1399 obsignatione
592 1321 770 1394 adsalutem,
786 1339 845 1378 non
854 1317 996 1376 adfidem.
1012 1319 1086 1378 Nam
1101 1339 1136 1378 eo
1150 1321 1277 1397 ipsoquo
1288 1317 1476 1396 obsignamur

263 1403 437 1462 adsalutem
452 1410 529 1461 certo
544 1401 737 1475 obtinendam,
754 1399 940 1477 obsignamur
953 1398 1039 1457 etiam
1054 1398 1091 1456 ad
1104 1399 1189 1458 fidem
1205 1408 1372 1458 constanter
1382 1397 1412 1456 in
1428 1417 1477 1456 uo-

263 1483 309 1542 bis
324 1483 498 1558 duraturam,
515 1503 579 1559 quae
594 1482 720 1540 medium
735 1487 780 1538 est
794 1479 904 1538 salutis.
947 1477 1008 1538 Nec
1034 1480 1058 1537 si
1079 1480 1152 1538 fides
1177 1480 1350 1557 supponitur
1369 1480 1432 1556 jam
1447 1479 1475 1535 in
1572 1493 1573 1496 ’

264 1563 432 1642 obsignatio,
445 1561 542 1642 (nemo
552 1561 627 1620 enim
636 1562 692 1620 nisi
703 1560 823 1619 credens
834 1558 1026 1638 obsignatur,)
1038 1560 1174 1619 continuo
1183 1559 1477 1636 promissiostetuitur

194 1703 199 1710 ,
264 1643 467 1718 conditionata,
483 1663 548 1720 quae
561 1643 686 1719 pendeat
700 1640 872 1700 abhominis
891 1638 1018 1714 arbitrio,
1041 1659 1099 1698 uon
1122 1640 1263 1700 absolute.
1307 1640 1383 1698 Nam
1398 1639 1475 1697 aliud

264 1731 309 1783 cst
321 1724 408 1784 fidem
423 1723 546 1802 supponi
560 1722 590 1779 iu
605 1723 744 1800 subjecto,
759 1720 839 1779 aliud
852 1718 940 1776 fidem
954 1728 1195 1797 perseverantem,
1207 1741 1272 1798 quae
1290 1720 1345 1779 sub
1356 1721 1476 1797 promis·

265 1805 374 1864 sionem
389 1803 474 1863 cadit.

558 1879 649 1937 XXI.
666 1879 692 1936 5.
708 1877 865 1937 Bonorum
875 1879 1074 1954 perspiritum
1084 1880 1163 1938 nobie
1176 1879 1345 1938 coibatur-run
1356 1889 1473 1937 neutra.

263 1943 285 1988 ⁵·
300 1944 324 1990 A
334 1944 454 2046 dffim
463 1957 504 1988 Μ’
526 1958 602 2026 Quae
617 1977 686 2015 cum
700 1967 872 2027 spumeum
886 1963 918 2014 et
930 1964 1042 2014 aeterna
1055 1958 1122 2029 sint,
1134 1977 1194 2014 uon
1204 1959 1361 2034 patiuntur
1370 1960 1473 2015 fideles

519 2036 555 2094 iis
569 2037 759 2106 ornatos,ch
773 2037 904 2095 totaliter
915 2035 965 2091 vcl
974 2035 1102 2093 finaliter
1112 2037 1255 2107 excidere,
1271 2037 1359 2094 Rom.
1371 2038 1412 2094 xi.
1424 2037 1471 2106 29,

264 2115 354 2177 Dona
360 2114 421 2176 Dei
428 2129 456 2176 et
464 2113 580 2175 Vocatio
589 2126 656 2174 suut
670 2125 849 2184 aprsaptam.
870 2113 891 2171 J
893 2131 943 2170 am
951 2131 1022 2172 vero
1033 2113 1058 2172 ai
1070 2116 1142 2174 talia
1150 2123 1229 2186 sunt,
1239 2131 1371 2190 quorum
1381 2117 1471 2173 semel

263 2215 470 2255 concessorum
490 2195 589 2252 Deum
609 2211 765 2270 nunquam
781 2193 932 2270 poeniteat,
948 2192 979 2249 id
998 2199 1051 2263 est,
1066 2211 1222 2268 nunquam
1242 2211 1279 2251 ea
1293 2201 1421 2264 revocet,
1434 2211 1471 2250 ea

262 2293 383 2332 manere
406 2275 437 2330 in
452 2273 537 2331 nobis
547 2290 664 2330 necesse
678 2281 730 2330 est.
772 2271 933 2339 Quomodo
945 2277 1046 2329 autem
1056 2279 1156 2330 essent
1169 2272 1233 2330 sinc
1246 2271 1430 2346 poenitentie,
1438 2272 1471 2328 id

262 2358 316 2422 est,
330 2349 532 2408 immutabilia
546 2355 578 2406 et'
590 2352 766 2420 constantia,
778 2351 802 2407 si
816 2353 907 2407 homo
921 2356 1017 2424 potest
1031 2368 1068 2408 ea
1080 2350 1224 2422 amittere,
1238 2351 1287 2407 vel
1301 2351 1420 2424 penitus
1433 2351 1472 2406 ab
1572 2409 1573 2428 ,

261 2429 324 2486 illis
337 2430 484 2486 deficeret
519 2428 603 2485 Licet
613 2445 683 2484 vero
698 2427 747 2485 hic
760 2429 857 2502 primo
869 2427 977 2501 Apost.
989 2428 1127 2504 respiciat
1140 2431 1179 2486 ad
1193 2428 1215 2486 J
1216 2430 1373 2487 udaeornm
1383 2447 1472 2486 voca-

261 2509 383 2578 tionem,
398 2523 527 2581 quorum
547 2505 622 2562 varii
643 2505 813 2563 ceciderunt
834 2511 865 2562 et
884 2505 1030 2566 confracti
1049 2515 1135 2579 sunt;
1157 2507 1230 2565 Non
1249 2507 1351 2566 minus
1370 2514 1469 2564 tamen

262 2585 398 2643 validum
425 2591 527 2640 manet
554 2588 766 2657 argrunentum
790 2585 952 2659 Apostoli;
972 2585 1135 2656 Nimirum,
1163 2586 1301 2661 quamvis
1329 2586 1406 2644 varii
1431 2603 1470 2642 ex

263 2664 381 2724 Judaeis
402 2664 433 2720 in
455 2662 665 2721 incredulitate
688 2669 839 2734 maneant,
860 2681 921 2719 non
946 2683 1031 2740 posse
1056 2666 1154 2724 Deum
1178 2665 1299 2739 rejicere
1322 2665 1471 2739 populum
1572 2723 1573 2746 ,

263 2763 352 2820 quem
366 2741 522 2818 praescivit,
534 2741 677 2800 dilectum
685 2759 801 2817 semper
814 2759 876 2800 esse
889 2750 1011 2818 propter
1023 2743 1134 2814 Patres,
1149 2761 1245 2819 neque
1253 2743 1324 2800 'fieri
1339 2761 1423 2817 posse
1436 2749 1474 2798 ut
1572 2749 1573 2752 ’

261 2823 381 2899 penitus
395 2820 521 2893 deficiat,
535 2821 596 2878 imo
610 2820 674 2878 fore
690 2820 863 2896 aliquando,
877 2825 912 2876 ut
932 2828 1013 2880 totus
1032 2823 1063 2880 'm
1078 2821 1243 2880 Ecclesiam
1258 2821 1369 2878 Christi
1387 2821 1473 2880 colli-

262 2909 361 2974 gatur,
376 2901 448 2976 quia
462 2900 550 2958 Dona
567 2899 624 2958 Dei
643 2905 674 2958 et
688 2899 817 2958 Vocatio
834 2897 893 2955 sint
906 2909 1087 2969 spiratum.
1131 2899 1222 2968 Quod
1242 2917 1313 2973 ergo
1333 2906 1473 2975 respectu

265 2979 372 3038 Gentis
386 2979 526 3038 Judaicae
544 2979 645 3036 locum
663 2978 762 3049 habet,
777 2978 857 3039 idem
877 2987 908 3040 et
926 2983 1063 3054 respectu
1077 2977 1217 3038 Ecclesiae
1231 2986 1262 3036 et
1281 2978 1472 3052 singulorum
1572 3029 1573 3034 ,

262 3059 398 3116 fidelium
412 3058 546 3116 obtinere
567 3057 664 3127 debet,
679 3063 715 3114 ut
728 3057 845 3118 vocatio
864 3067 895 3118 et
914 3059 995 3116 dona
1009 3055 1066 3115 Dei
1086 3058 1178 3116 semel
1197 3056 1257 3114 illia
1276 3057 1396 3126 collata,
1411 3057 1472 3114 sint

263 3145 436 3206 spiratum
449 3142 480 3194 et
498 3135 712 3207 irrevocabilia,
727 3135 874 3210 siquidem
894 3153 948 3214 par
961 3142 1006 3193 est
1025 3136 1186 3210 utrobique
1204 3135 1290 3193 ratio.
1331 3133 1399 3194 Nec
1419 3136 1474 3192 ad-

193 3267 197 3276 .
262 3215 404 3286 dendnm,
423 3215 492 3273 Etsi
505 3214 628 3274 derisui
641 3212 740 3271 Deum
749 3234 807 3274 nou
817 3215 1117 3294 praedestinavimus
1132 3224 1228 3273 tomen
1238 3213 1378 3289 poenitere
1387 3233 1475 3290 posse

263 3293 334 3349 doni
348 3293 455 3370 accepti
478 3293 522 3349 uel
544 3292 657 3350 retenti.
700 3291 781 3358 Quia
796 3295 924 3353 Vocatio
938 3301 969 3352 ct
982 3293 1143 3351 Donatista
1163 3301 1336 3362 susceptam
1356 3313 1392 3352 eo
1407 3301 1474 3350 ten-

262 3371 341 3426 dunt
361 3377 396 3426 ut
410 3372 584 3427 confirment
602 3371 691 3427 fidem
711 3369 741 3426 in
762 3373 890 3446 homine,
905 3380 935 3430 et
955 3371 1067 3431 faciant
1090 3377 1125 3428 ut
1149 3390 1306 3447 nunquam
1328 3373 1474 3448 poeniteat

263 3447 370 3522 ipsum,
385 3449 491 3505 saltem
504 3447 633 3521 penitus,
648 3447 720 3504 doni
738 3452 859 3526 accepti.
901 3451 977 3508 Ideo
991 3449 1154 3508 virtutibus
1169 3449 1345 3508 Christianis
1366 3469 1474 3526 perpe-

263 3524 355 3582 tuitas
375 3525 561 3595 adscribitur,
583 3535 618 3584 ut
633 3525 725 3596 Fidei,
746 3547 841 3602 quum
861 3529 972 3588 dicitur
991 3527 1116 3586 victoria
1136 3535 1239 3586 nostra
1259 3548 1327 3603 quae
1348 3535 1475 3604 superat

263 3602 421 3674 mundum,
445 3602 459 3658 l
482 3601 503 3659 J
506 3603 553 3658 oh.
569 3621 596 3660 v.
612 3605 649 3674 43
677 3603 832 3679 Charitas,
847 3608 919 3684 quia
932 3629 990 3666 nou
1011 3607 1123 3680 eccidit,
1140 3607 1154 3665 1
1172 3606 1238 3666 Cor.
1253 3609 1314 3664 xiii.
1330 3607 1368 3680 8;
1392 3607 1474 3684 Spei,

264 3679 407 3756 quianon
427 3679 585 3755 conscendit,
602 3679 687 3738 Rom.
703 3702 730 3741 v.
748 3685 775 3742 5.

263 3798 296 3844 Et
307 3769 359 3844 'm‘
373 3798 502 3856 spirituali.
564 3758 676 3816 XXII.
697 3759 767 3820 Hoc
780 3782 850 3820 vero
865 3763 992 3824 ulterius
1012 3765 1205 3823 confirmatur
1218 3783 1255 3822 cx
1269 3776 1381 3824 acuere
1401 3763 1475 3824 Vitta

522 3837 692 3914 spirituales,
707 3859 774 3915 quse
788 3860 841 3918 per
855 3841 1000 3916 Spiritum
1014 3843 1099 3901 nobis
1113 3843 1314 3918 ingeneretur,
1325 3864 1393 3919 quae
1409 3863 1473 3902 non

264 3924 309 3974 eet
322 3916 456 3976 interitui
469 3916 518 3974 vel
534 3917 708 3976 extinctioni
728 3920 866 3994 obnoxia,
881 3921 974 3980 instar
988 3922 1134 3993 animalis,
1149 3923 1200 3980 sed
1221 3928 1368 3998 perpetua
1380 3931 1427 3981 est
1440 3932 1475 3982 et

263 4002 384 4055 aeterna.
427 3995 502 4055 Ideo
512 3997 615 4056 fideles
628 3997 659 4054 in
674 4000 772 4073 gratia
785 3999 927 4058 dicuntur
936 4001 950 4076 j
954 4020 1003 4059 am
1015 4001 1124 4058 habere
1138 4000 1231 4058 vitam
1240 4006 1383 4059 aeternern
1396 4025 1404 4062 ε
1419 4004 1475 4078 qui

264 4076 356 4133 credit
370 4076 401 4132 iu
415 4097 458 4134 rue
468 4077 648 4136 labctvitam
656 4087 802 4152 aetenam,
813 4078 835 4138 J
837 4081 885 4136 oh.
895 4098 922 4138 v.
933 4079 980 4150 24,
990 4086 1020 4136 et
1028 4079 1066 4136 vi.
1077 4079 1117 4136 40
1128 4099 1135 4150 ;
1145 4098 1207 4136 non
1218 4079 1299 4148 dicit,
1310 4081 1476 4139 habiturus

263 4161 308 4211 est
327 4155 360 4211 in
379 4154 492 4228 futuro,
508 4155 560 4214 sed
570 4156 733 4234 habetjam
745 4159 776 4215 in
790 4158 928 4232 praesenti
937 4179 945 4227 ;
960 4163 990 4214 et
1003 4156 1024 4213 J
1026 4157 1074 4214 oh.
1092 4157 1137 4215 loe.
1152 4176 1180 4215 v.
1192 4157 1239 4229 13,
1255 4164 1272 4191 “
1282 4157 1358 4216 Haec
1372 4161 1473 4217 scribo

262 4232 349 4290 vobis
372 4235 424 4307 qui
445 4234 563 4293 creditis
584 4235 617 4292 in
639 4235 760 4294 Nomen
784 4235 855 4293 Filii
874 4235 939 4307 Dei,
961 4241 996 4292 ut
1018 4235 1116 4294 sciatis
1135 4255 1188 4293 vos
1208 4237 1302 4294 vitam
1324 4244 1474 4296 aeternam

262 4311 402 4368 habere.”
444 4313 720 4389 Atsivita,quam
741 4313 789 4372 hic
809 4315 955 4371 habemus
974 4315 1182 4388 pergratiam,
1202 4321 1475 4392 estaeternaquo-
1572 4341 1573 4348 ¹

262 4390 353 4446 modo
368 4389 504 4463 extingui
521 4393 570 4448 vel
589 4393 712 4449 deficere
728 4391 847 4467 potest?
889 4392 940 4448 An
953 4391 1016 4448 fieri
1034 4399 1133 4468 potest
1146 4401 1181 4452 ut
1194 4411 1213 4451 a
1225 4393 1290 4450 vita
1303 4401 1419 4451 aeterna
1439 4395 1474 4450 in

263 4485 355 4540 quum
372 4484 425 4542 per
442 4467 532 4525 fidem
554 4470 691 4526 translati
711 4487 823 4539 sumus,
844 4468 876 4526 in
900 4477 1025 4528 mortem
1046 4477 1188 4529 aeternam
1208 4489 1227 4530 a
1248 4489 1310 4548 qua
1330 4473 1475 4530 translati

262 4561 366 4600 sumus
386 4545 485 4602 denuo
508 4547 693 4606 recidamus?
735 4547 804 4605 “At
823 4549 931 4620 beati,”
952 4548 1050 4622 inquit
1070 4548 1142 4607 Joh.
1158 4551 1255 4624 Apoc.
1270 4569 1320 4606 xx.
1336 4551 1364 4620 6,
1387 4559 1405 4584 “
1419 4550 1476 4626 qui

261 4627 377 4690 partem
389 4621 502 4679 habent
515 4622 546 4678 in
559 4627 773 4682 resurrectione
787 4623 896 4699 prima;
920 4628 958 4684 In
972 4627 1026 4684 hos
1040 4627 1120 4684 enim
1133 4631 1265 4687 secunda
1277 4647 1358 4686 mors
1371 4637 1476 4704 potes-

261 4699 354 4752 tatem
367 4713 428 4755 non
442 4699 561 4758 habet.’'
603 4701 687 4760 Licet
700 4720 770 4760 vero
785 4703 847 4762 rita
860 4705 917 4764 ista
931 4705 1093 4782 spiritualis
1107 4724 1168 4765 non
1177 4707 1276 4768 minus
1286 4725 1320 4766 ac
1329 4707 1477 4767 aninralis
