<?xml version="1.0" encoding="UTF-8"?>
<!DOCTYPE html PUBLIC "-//W3C//DTD XHTML 1.0 Transitional//EN"
    "http://www.w3.org/TR/xhtml1/DTD/xhtml1-transitional.dtd">
<html xmlns="http://www.w3.org/1999/xhtml" xml:lang="en" lang="en">
 <head>
  <title>
</title>
<meta http-equiv="Content-Type" content="text/html;charset=utf-8" />
  <meta name='ocr-system' content='tesseract 3.04.00' />
  <meta name='ocr-capabilities' content='ocr_page ocr_carea ocr_par ocr_line ocrx_word'/>
</head>
<body>
  <div class='ocr_page' id='page_1' title='image "./francisciturret00pictgoog_0036.png"; bbox 0 0 3108 5198; ppageno 0'>
   <div class='ocr_carea' id='block_1_1' title="bbox 126 349 1347 430">
    <p class='ocr_par' dir='ltr' id='par_1_1' title="bbox 126 349 1347 430">
     <span class='ocr_line' id='line_1_1' title="bbox 126 349 1347 430; baseline 0 -22"><span class='ocrx_word' id='word_1_1' title='bbox 126 365 235 414; x_wconf 70' lang='lat' dir='ltr'><strong>euresr.</strong></span> <span class='ocrx_word' id='word_1_2' title='bbox 252 349 291 430; x_wconf 78' lang='lat' dir='ltr'><strong>n]</strong></span> <span class='ocrx_word' id='word_1_3' title='bbox 660 369 700 410; x_wconf 86' lang='lat' dir='ltr'><strong>ne</strong></span> <span class='ocrx_word' id='word_1_4' title='bbox 715 369 790 409; x_wconf 81' lang='lat' dir='ltr'><strong>nece</strong></span> <span class='ocrx_word' id='word_1_5' title='bbox 805 369 865 408; x_wconf 84' lang='lat' dir='ltr'><strong>ner.</strong></span> <span class='ocrx_word' id='word_1_6' title='bbox 961 397 972 417; x_wconf 82' lang='grc'><strong>.</strong></span> <span class='ocrx_word' id='word_1_7' title='bbox 1330 361 1347 416; x_wconf 84' lang='grc'><em>5</em></span> 
     </span>
    </p>
   </div>
   <div class='ocr_carea' id='block_1_2' title="bbox 133 509 1355 4745">
    <p class='ocr_par' dir='ltr' id='par_1_2' title="bbox 133 509 1346 593">
     <span class='ocr_line' id='line_1_2' title="bbox 133 509 1346 593; baseline 0.007 -25"><span class='ocrx_word' id='word_1_8' title='bbox 133 517 158 568; x_wconf 83' lang='lat' dir='ltr'><strong>et</strong></span> <span class='ocrx_word' id='word_1_9' title='bbox 169 509 317 570; x_wconf 71' lang='lat' dir='ltr'>relatione</span> <span class='ocrx_word' id='word_1_10' title='bbox 333 511 466 574; x_wconf 91' lang='lat' dir='ltr'><strong>hominis</strong></span> <span class='ocrx_word' id='word_1_11' title='bbox 485 515 522 573; x_wconf 85' lang='lat' dir='ltr'><strong>ed</strong></span> <span class='ocrx_word' id='word_1_12' title='bbox 538 515 641 588; x_wconf 90' lang='lat' dir='ltr'><strong>Deum,</strong></span> <span class='ocrx_word' id='word_1_13' title='bbox 656 513 778 591; x_wconf 86' lang='lat' dir='ltr'><strong>ejusque</strong></span> <span class='ocrx_word' id='word_1_14' title='bbox 792 513 921 592; x_wconf 79' lang='lat' dir='ltr'><strong>cognitio</strong></span> <span class='ocrx_word' id='word_1_15' title='bbox 933 514 1024 574; x_wconf 87' lang='lat' dir='ltr'><strong>menti</strong></span> <span class='ocrx_word' id='word_1_16' title='bbox 1038 535 1056 576; x_wconf 85' lang='lat' dir='ltr'><strong>e</strong></span> <span class='ocrx_word' id='word_1_17' title='bbox 1070 525 1172 577; x_wconf 76' lang='lat' dir='ltr'><strong>nemra</strong></span> <span class='ocrx_word' id='word_1_18' title='bbox 1187 517 1280 578; x_wconf 90' lang='lat' dir='ltr'><strong>indita</strong></span> <span class='ocrx_word' id='word_1_19' title='bbox 1294 526 1346 593; x_wconf 85' lang='lat' dir='ltr'><strong>est,</strong></span> 
     </span>
    </p>

    <p class='ocr_par' dir='ltr' id='par_1_3' title="bbox 134 579 915 670">
     <span class='ocr_line' id='line_1_3' title="bbox 134 579 915 670; baseline 0.01 -22"><span class='ocrx_word' id='word_1_20' title='bbox 134 611 187 649; x_wconf 89' lang='lat' dir='ltr'><strong>ron</strong></span> <span class='ocrx_word' id='word_1_21' title='bbox 201 611 254 668; x_wconf 92' lang='lat' dir='ltr'><strong>per</strong></span> <span class='ocrx_word' id='word_1_22' title='bbox 267 593 464 654; x_wconf 73' lang='lat' dir='ltr'><strong>traditionem</strong></span> <span class='ocrx_word' id='word_1_23' title='bbox 478 595 526 654; x_wconf 81' lang='lat' dir='ltr'><strong>vel</strong></span> <span class='ocrx_word' id='word_1_24' title='bbox 539 579 749 654; x_wconf 77' lang='lat' dir='ltr'><strong>institutionem</strong></span> <span class='ocrx_word' id='word_1_25' title='bbox 764 594 915 670; x_wconf 78' lang='lat' dir='ltr'><strong>acquisita.</strong></span> 
     </span>
    </p>

    <p class='ocr_par' dir='ltr' id='par_1_4' title="bbox 137 673 1347 994">
     <span class='ocr_line' id='line_1_4' title="bbox 137 673 1347 772; baseline 0.001 -38"><span class='ocrx_word' id='word_1_26' title='bbox 137 716 208 772; x_wconf 59' lang='lat' dir='ltr'><strong>ongo</strong></span> <span class='ocrx_word' id='word_1_27' title='bbox 222 717 284 765; x_wconf 70' lang='lat' dir='ltr'><strong>tn·</strong></span> <span class='ocrx_word' id='word_1_28' title='bbox 310 721 386 764; x_wconf 78' lang='lat' dir='ltr'><strong>natu-</strong></span> <span class='ocrx_word' id='word_1_29' title='bbox 449 675 541 734; x_wconf 89' lang='lat' dir='ltr'>VIII.</span> <span class='ocrx_word' id='word_1_30' title='bbox 563 675 650 735; x_wconf 85' lang='lat' dir='ltr'><strong>Unde</strong></span> <span class='ocrx_word' id='word_1_31' title='bbox 672 674 753 751; x_wconf 88' lang='lat' dir='ltr'><strong>origo</strong></span> <span class='ocrx_word' id='word_1_32' title='bbox 771 683 803 732; x_wconf 83' lang='lat' dir='ltr'><strong>et</strong></span> <span class='ocrx_word' id='word_1_33' title='bbox 825 673 1044 735; x_wconf 77' lang='lat' dir='ltr'><strong>irmdementum</strong></span> <span class='ocrx_word' id='word_1_34' title='bbox 1070 677 1159 754; x_wconf 90' lang='lat' dir='ltr'><strong>Legis</strong></span> <span class='ocrx_word' id='word_1_35' title='bbox 1182 675 1267 737; x_wconf 88' lang='lat' dir='ltr'><strong>istius</strong></span> <span class='ocrx_word' id='word_1_36' title='bbox 1288 695 1347 735; x_wconf 89' lang='lat' dir='ltr'><strong>non</strong></span> 
     </span>
     <span class='ocr_line' id='line_1_5' title="bbox 163 733 1347 836; baseline 0.003 -23"><span class='ocrx_word' id='word_1_37' title='bbox 163 733 388 836; x_wconf 48' lang='lat' dir='ltr'><strong>utensiliorum</strong></span> <span class='ocrx_word' id='word_1_38' title='bbox 409 755 498 814; x_wconf 90' lang='lat' dir='ltr'><strong>debet</strong></span> <span class='ocrx_word' id='word_1_39' title='bbox 510 755 578 834; x_wconf 89' lang='lat' dir='ltr'><strong>peti,</strong></span> <span class='ocrx_word' id='word_1_40' title='bbox 594 764 626 815; x_wconf 91' lang='lat' dir='ltr'><strong>ut</strong></span> <span class='ocrx_word' id='word_1_41' title='bbox 640 773 788 832; x_wconf 75' lang='lat' dir='ltr'>perperam</span> <span class='ocrx_word' id='word_1_42' title='bbox 802 753 912 814; x_wconf 87' lang='lat' dir='ltr'><strong>faciunt</strong></span> <span class='ocrx_word' id='word_1_43' title='bbox 925 754 1032 830; x_wconf 85' lang='lat' dir='ltr'><strong>Judaei,</strong></span> <span class='ocrx_word' id='word_1_44' title='bbox 1048 775 1085 815; x_wconf 86' lang='lat' dir='ltr'><strong>ex</strong></span> <span class='ocrx_word' id='word_1_45' title='bbox 1099 768 1202 835; x_wconf 82' lang='lat' dir='ltr'><strong>septem</strong></span> <span class='ocrx_word' id='word_1_46' title='bbox 1215 761 1347 834; x_wconf 67' lang='lat' dir='ltr'><strong>Recep-</strong></span> 
     </span>
     <span class='ocr_line' id='line_1_6' title="bbox 166 834 1347 915; baseline 0.002 -21"><span class='ocrx_word' id='word_1_47' title='bbox 166 838 384 906; x_wconf 65' lang='lat' dir='ltr'><strong>enexpraeceptn</strong></span> <span class='ocrx_word' id='word_1_48' title='bbox 406 837 441 894; x_wconf 77' lang='lat' dir='ltr'><strong>tie</strong></span> <span class='ocrx_word' id='word_1_49' title='bbox 459 855 524 914; x_wconf 83' lang='lat' dir='ltr'><strong>quae</strong></span> <span class='ocrx_word' id='word_1_50' title='bbox 545 843 676 895; x_wconf 79' lang='lat' dir='ltr'><strong>statuunt</strong></span> <span class='ocrx_word' id='word_1_51' title='bbox 696 834 764 893; x_wconf 80' lang='lat' dir='ltr'><strong>date</strong></span> <span class='ocrx_word' id='word_1_52' title='bbox 784 834 899 892; x_wconf 87' lang='lat' dir='ltr'><strong>Ademo</strong></span> <span class='ocrx_word' id='word_1_53' title='bbox 921 843 950 894; x_wconf 87' lang='lat' dir='ltr'><strong>et</strong></span> <span class='ocrx_word' id='word_1_54' title='bbox 971 836 1098 912; x_wconf 86' lang='lat' dir='ltr'><strong>Noecbo,</strong></span> <span class='ocrx_word' id='word_1_55' title='bbox 1120 839 1226 915; x_wconf 84' lang='lat' dir='ltr'><strong>quibus</strong></span> <span class='ocrx_word' id='word_1_56' title='bbox 1247 857 1347 897; x_wconf 87' lang='lat' dir='ltr'><strong>omncs</strong></span> 
     </span>
     <span class='ocr_line' id='line_1_7' title="bbox 166 893 1344 994; baseline 0.002 -20"><span class='ocrx_word' id='word_1_57' title='bbox 166 893 359 940; x_wconf 55' lang='lat' dir='ltr'><strong>mmm·</strong></span> <span class='ocrx_word' id='word_1_58' title='bbox 404 916 513 994; x_wconf 85' lang='lat' dir='ltr'><strong>posteri</strong></span> <span class='ocrx_word' id='word_1_59' title='bbox 527 935 626 974; x_wconf 80' lang='lat' dir='ltr'><strong>conen</strong></span> <span class='ocrx_word' id='word_1_60' title='bbox 641 915 906 991; x_wconf 87' lang='lat' dir='ltr'><strong>obstringerentur;</strong></span> <span class='ocrx_word' id='word_1_61' title='bbox 934 918 961 974; x_wconf 94' lang='grc'><strong>1.</strong></span> <span class='ocrx_word' id='word_1_62' title='bbox 976 915 1012 974; x_wconf 89' lang='lat' dir='ltr'><strong>de</strong></span> <span class='ocrx_word' id='word_1_63' title='bbox 1028 917 1119 976; x_wconf 89' lang='lat' dir='ltr'><strong>Idolis</strong></span> <span class='ocrx_word' id='word_1_64' title='bbox 1133 938 1192 976; x_wconf 91' lang='lat' dir='ltr'><strong>non</strong></span> <span class='ocrx_word' id='word_1_65' title='bbox 1206 918 1344 994; x_wconf 89' lang='lat' dir='ltr'><strong>colendis,</strong></span> 
     </span>
    </p>

    <p class='ocr_par' dir='ltr' id='par_1_5' title="bbox 136 992 1347 1714">
     <span class='ocr_line' id='line_1_8' title="bbox 139 992 1345 1074; baseline 0.006 -24"><span class='ocrx_word' id='word_1_66' title='bbox 139 997 165 1050; x_wconf 84' lang='lat'><strong>2.</strong></span> <span class='ocrx_word' id='word_1_67' title='bbox 179 992 351 1053; x_wconf 83' lang='lat' dir='ltr'><strong>denomino</strong></span> <span class='ocrx_word' id='word_1_68' title='bbox 367 996 425 1054; x_wconf 87' lang='lat' dir='ltr'><strong>Dei</strong></span> <span class='ocrx_word' id='word_1_69' title='bbox 445 1015 504 1054; x_wconf 87' lang='lat' dir='ltr'><strong>non</strong></span> <span class='ocrx_word' id='word_1_70' title='bbox 524 995 760 1073; x_wconf 84' lang='lat' dir='ltr'><strong>blespbemsndo,</strong></span> <span class='ocrx_word' id='word_1_71' title='bbox 771 997 804 1058; x_wconf 86' lang='grc'><strong>,3.</strong></span> <span class='ocrx_word' id='word_1_72' title='bbox 818 994 855 1053; x_wconf 88' lang='lat' dir='ltr'><strong>de</strong></span> <span class='ocrx_word' id='word_1_73' title='bbox 867 994 946 1054; x_wconf 78' lang='lat' dir='ltr'><strong>furto</strong></span> <span class='ocrx_word' id='word_1_74' title='bbox 960 1015 1018 1054; x_wconf 93' lang='lat' dir='ltr'><strong>non</strong></span> <span class='ocrx_word' id='word_1_75' title='bbox 1038 996 1178 1074; x_wconf 77' lang='lat' dir='ltr'><strong>faciendo,</strong></span> <span class='ocrx_word' id='word_1_76' title='bbox 1201 1002 1229 1058; x_wconf 87' lang='lat'><strong>4.</strong></span> <span class='ocrx_word' id='word_1_77' title='bbox 1251 999 1288 1057; x_wconf 89' lang='lat' dir='ltr'><strong>de</strong></span> <span class='ocrx_word' id='word_1_78' title='bbox 1301 999 1345 1056; x_wconf 93' lang='lat' dir='ltr'><strong>in-</strong></span> 
     </span>
     <span class='ocr_line' id='line_1_9' title="bbox 137 1073 1345 1156; baseline 0.004 -25"><span class='ocrx_word' id='word_1_79' title='bbox 137 1083 219 1132; x_wconf 87' lang='lat' dir='ltr'><strong>cestu</strong></span> <span class='ocrx_word' id='word_1_80' title='bbox 233 1083 264 1132; x_wconf 90' lang='lat' dir='ltr'><strong>et</strong></span> <span class='ocrx_word' id='word_1_81' title='bbox 277 1075 365 1134; x_wconf 76' lang='lat' dir='ltr'><strong>scedis</strong></span> <span class='ocrx_word' id='word_1_82' title='bbox 378 1075 550 1135; x_wconf 89' lang='lat' dir='ltr'><strong>libidinibus</strong></span> <span class='ocrx_word' id='word_1_83' title='bbox 563 1073 718 1152; x_wconf 78' lang='lat' dir='ltr'><strong>fugiendis,</strong></span> <span class='ocrx_word' id='word_1_84' title='bbox 730 1077 759 1134; x_wconf 80' lang='lat'><strong>5.</strong></span> <span class='ocrx_word' id='word_1_85' title='bbox 774 1075 810 1133; x_wconf 88' lang='lat' dir='ltr'><strong>de</strong></span> <span class='ocrx_word' id='word_1_86' title='bbox 824 1075 846 1134; x_wconf 91' lang='lat' dir='ltr'><strong>J</strong></span> <span class='ocrx_word' id='word_1_87' title='bbox 847 1074 980 1134; x_wconf 87' lang='lat' dir='ltr'><strong>udicibus</strong></span> <span class='ocrx_word' id='word_1_88' title='bbox 994 1084 1024 1135; x_wconf 90' lang='lat' dir='ltr'><strong>et</strong></span> <span class='ocrx_word' id='word_1_89' title='bbox 1042 1077 1264 1156; x_wconf 83' lang='lat' dir='ltr'><strong>Magistratibus</strong></span> <span class='ocrx_word' id='word_1_90' title='bbox 1278 1099 1345 1137; x_wconf 92' lang='lat' dir='ltr'><strong>con-</strong></span> 
     </span>
     <span class='ocr_line' id='line_1_10' title="bbox 137 1153 1346 1234; baseline 0.002 -21"><span class='ocrx_word' id='word_1_91' title='bbox 137 1153 304 1229; x_wconf 81' lang='lat' dir='ltr'><strong>stituendis,</strong></span> <span class='ocrx_word' id='word_1_92' title='bbox 327 1157 356 1214; x_wconf 90' lang='grc'><strong>6.</strong></span> <span class='ocrx_word' id='word_1_93' title='bbox 371 1156 409 1215; x_wconf 92' lang='lat' dir='ltr'><strong>de</strong></span> <span class='ocrx_word' id='word_1_94' title='bbox 423 1156 564 1233; x_wconf 85' lang='lat' dir='ltr'><strong>sanguine</strong></span> <span class='ocrx_word' id='word_1_95' title='bbox 576 1175 636 1214; x_wconf 92' lang='lat' dir='ltr'><strong>non</strong></span> <span class='ocrx_word' id='word_1_96' title='bbox 649 1154 805 1230; x_wconf 80' lang='lat' dir='ltr'><strong>fundendo,</strong></span> <span class='ocrx_word' id='word_1_97' title='bbox 821 1159 849 1214; x_wconf 79' lang='lat'><strong>7.</strong></span> <span class='ocrx_word' id='word_1_98' title='bbox 864 1155 900 1214; x_wconf 93' lang='lat' dir='ltr'><strong>de</strong></span> <span class='ocrx_word' id='word_1_99' title='bbox 914 1156 1043 1214; x_wconf 89' lang='lat' dir='ltr'><strong>membro</strong></span> <span class='ocrx_word' id='word_1_100' title='bbox 1057 1158 1189 1218; x_wconf 82' lang='lat' dir='ltr'><strong>animulis</strong></span> <span class='ocrx_word' id='word_1_101' title='bbox 1203 1159 1273 1234; x_wconf 86' lang='lat' dir='ltr'><strong>viri,</strong></span> <span class='ocrx_word' id='word_1_102' title='bbox 1295 1177 1346 1217; x_wconf 84' lang='lat' dir='ltr'><strong>seu</strong></span> 
     </span>
     <span class='ocr_line' id='line_1_11' title="bbox 137 1235 1345 1316; baseline 0.003 -24"><span class='ocrx_word' id='word_1_103' title='bbox 137 1253 223 1293; x_wconf 85' lang='lat' dir='ltr'><strong>carne</strong></span> <span class='ocrx_word' id='word_1_104' title='bbox 238 1253 306 1294; x_wconf 88' lang='lat' dir='ltr'><strong>cum</strong></span> <span class='ocrx_word' id='word_1_105' title='bbox 321 1236 472 1313; x_wconf 88' lang='lat' dir='ltr'><strong>sanguine,</strong></span> <span class='ocrx_word' id='word_1_106' title='bbox 488 1237 538 1312; x_wconf 92' lang='lat' dir='ltr'><strong>qui</strong></span> <span class='ocrx_word' id='word_1_107' title='bbox 558 1244 604 1295; x_wconf 84' lang='lat' dir='ltr'><strong>est</strong></span> <span class='ocrx_word' id='word_1_108' title='bbox 623 1235 719 1294; x_wconf 86' lang='lat' dir='ltr'><strong>enimc</strong></span> <span class='ocrx_word' id='word_1_109' title='bbox 739 1235 810 1312; x_wconf 88' lang='lat' dir='ltr'><strong>ejus,</strong></span> <span class='ocrx_word' id='word_1_110' title='bbox 823 1254 884 1293; x_wconf 87' lang='lat' dir='ltr'><strong>non</strong></span> <span class='ocrx_word' id='word_1_111' title='bbox 904 1236 1089 1296; x_wconf 84' lang='lat' dir='ltr'><strong>comedenda.</strong></span> <span class='ocrx_word' id='word_1_112' title='bbox 1132 1237 1214 1316; x_wconf 85' lang='lat' dir='ltr'><strong>Quia,</strong></span> <span class='ocrx_word' id='word_1_113' title='bbox 1229 1247 1345 1316; x_wconf 85' lang='lat' dir='ltr'><strong>prseter-</strong></span> 
     </span>
     <span class='ocr_line' id='line_1_12' title="bbox 136 1315 1347 1392; baseline 0.005 -20"><span class='ocrx_word' id='word_1_114' title='bbox 136 1333 226 1392; x_wconf 84' lang='lat' dir='ltr'><strong>quam</strong></span> <span class='ocrx_word' id='word_1_115' title='bbox 240 1315 322 1392; x_wconf 93' lang='lat' dir='ltr'><strong>quod</strong></span> <span class='ocrx_word' id='word_1_116' title='bbox 341 1317 399 1376; x_wconf 85' lang='lat' dir='ltr'><strong>istu</strong></span> <span class='ocrx_word' id='word_1_117' title='bbox 420 1317 482 1374; x_wconf 89' lang='lat' dir='ltr'><strong>sola</strong></span> <span class='ocrx_word' id='word_1_118' title='bbox 495 1315 648 1375; x_wconf 75' lang='lat' dir='ltr'><strong>traditione</strong></span> <span class='ocrx_word' id='word_1_119' title='bbox 669 1315 808 1390; x_wconf 88' lang='lat' dir='ltr'><strong>nituntur,</strong></span> <span class='ocrx_word' id='word_1_120' title='bbox 823 1315 902 1392; x_wconf 90' lang='lat' dir='ltr'><strong>quod</strong></span> <span class='ocrx_word' id='word_1_121' title='bbox 922 1315 958 1374; x_wconf 91' lang='lat' dir='ltr'><strong>dc</strong></span> <span class='ocrx_word' id='word_1_122' title='bbox 977 1317 1051 1377; x_wconf 87' lang='lat' dir='ltr'><strong>Jure</strong></span> <span class='ocrx_word' id='word_1_123' title='bbox 1071 1319 1196 1377; x_wconf 82' lang='lat' dir='ltr'><strong>naturali</strong></span> <span class='ocrx_word' id='word_1_124' title='bbox 1209 1319 1267 1377; x_wconf 92' lang='lat' dir='ltr'><strong>dici</strong></span> <span class='ocrx_word' id='word_1_125' title='bbox 1287 1338 1347 1378; x_wconf 90' lang='lat' dir='ltr'><strong>non</strong></span> 
     </span>
     <span class='ocr_line' id='line_1_13' title="bbox 137 1395 1344 1474; baseline 0.004 -21"><span class='ocrx_word' id='word_1_126' title='bbox 137 1402 253 1471; x_wconf 81' lang='lat' dir='ltr'><strong>potest3</strong></span> <span class='ocrx_word' id='word_1_127' title='bbox 275 1415 336 1453; x_wconf 91' lang='lat' dir='ltr'><strong>non</strong></span> <span class='ocrx_word' id='word_1_128' title='bbox 359 1404 428 1455; x_wconf 88' lang='lat' dir='ltr'><strong>sunt</strong></span> <span class='ocrx_word' id='word_1_129' title='bbox 450 1395 546 1454; x_wconf 83' lang='lat' dir='ltr'><strong>omnic</strong></span> <span class='ocrx_word' id='word_1_130' title='bbox 568 1395 736 1473; x_wconf 88' lang='lat' dir='ltr'><strong>simpliciter</strong></span> <span class='ocrx_word' id='word_1_131' title='bbox 757 1395 884 1471; x_wconf 80' lang='lat' dir='ltr'><strong>moralis,</strong></span> <span class='ocrx_word' id='word_1_132' title='bbox 907 1404 937 1454; x_wconf 90' lang='lat' dir='ltr'><strong>et</strong></span> <span class='ocrx_word' id='word_1_133' title='bbox 957 1405 1103 1474; x_wconf 72' lang='lat' dir='ltr'><strong>perpetue</strong></span> <span class='ocrx_word' id='word_1_134' title='bbox 1124 1398 1344 1474; x_wconf 82' lang='lat' dir='ltr'><strong>observationis,</strong></span> 
     </span>
     <span class='ocr_line' id='line_1_14' title="bbox 137 1473 1345 1553; baseline 0.003 -20"><span class='ocrx_word' id='word_1_135' title='bbox 137 1473 191 1533; x_wconf 88' lang='lat' dir='ltr'><strong>sed</strong></span> <span class='ocrx_word' id='word_1_136' title='bbox 204 1474 343 1552; x_wconf 72' lang='lat' dir='ltr'><strong>quiedam</strong></span> <span class='ocrx_word' id='word_1_137' title='bbox 356 1476 567 1534; x_wconf 77' lang='lat' dir='ltr'><strong>caeremonialia</strong></span> <span class='ocrx_word' id='word_1_138' title='bbox 580 1485 609 1535; x_wconf 88' lang='lat' dir='ltr'><strong>et</strong></span> <span class='ocrx_word' id='word_1_139' title='bbox 621 1475 755 1553; x_wconf 83' lang='lat' dir='ltr'><strong>positiva,</strong></span> <span class='ocrx_word' id='word_1_140' title='bbox 770 1475 856 1553; x_wconf 77' lang='lat' dir='ltr'><strong>quale</strong></span> <span class='ocrx_word' id='word_1_141' title='bbox 869 1475 943 1534; x_wconf 92' lang='lat' dir='ltr'><strong>illud</strong></span> <span class='ocrx_word' id='word_1_142' title='bbox 956 1476 993 1535; x_wconf 88' lang='lat' dir='ltr'><strong>de</strong></span> <span class='ocrx_word' id='word_1_143' title='bbox 1006 1497 1065 1538; x_wconf 90' lang='lat' dir='ltr'><strong>non</strong></span> <span class='ocrx_word' id='word_1_144' title='bbox 1086 1478 1263 1537; x_wconf 91' lang='lat' dir='ltr'><strong>comedendo</strong></span> <span class='ocrx_word' id='word_1_145' title='bbox 1280 1498 1345 1537; x_wconf 87' lang='lat' dir='ltr'><strong>san-</strong></span> 
     </span>
     <span class='ocr_line' id='line_1_15' title="bbox 138 1555 1345 1634; baseline 0.004 -20"><span class='ocrx_word' id='word_1_146' title='bbox 138 1555 245 1631; x_wconf 85' lang='lat' dir='ltr'><strong>gninc;</strong></span> <span class='ocrx_word' id='word_1_147' title='bbox 274 1575 331 1615; x_wconf 90' lang='lat' dir='ltr'><strong>nec</strong></span> <span class='ocrx_word' id='word_1_148' title='bbox 353 1556 528 1615; x_wconf 77' lang='lat' dir='ltr'><strong>exhauriunt</strong></span> <span class='ocrx_word' id='word_1_149' title='bbox 546 1555 684 1633; x_wconf 92' lang='lat' dir='ltr'><strong>quicquid</strong></span> <span class='ocrx_word' id='word_1_150' title='bbox 704 1563 749 1614; x_wconf 92' lang='lat' dir='ltr'><strong>est</strong></span> <span class='ocrx_word' id='word_1_151' title='bbox 769 1556 852 1615; x_wconf 86' lang='lat' dir='ltr'><strong>Juris</strong></span> <span class='ocrx_word' id='word_1_152' title='bbox 872 1557 1020 1634; x_wconf 74' lang='lat' dir='ltr'><strong>naturalis,</strong></span> <span class='ocrx_word' id='word_1_153' title='bbox 1035 1558 1104 1617; x_wconf 88' lang='lat' dir='ltr'><strong>licet</strong></span> <span class='ocrx_word' id='word_1_154' title='bbox 1124 1559 1161 1617; x_wconf 85' lang='lat' dir='ltr'><strong>eb</strong></span> <span class='ocrx_word' id='word_1_155' title='bbox 1178 1578 1217 1617; x_wconf 90' lang='lat' dir='ltr'><strong>eo</strong></span> <span class='ocrx_word' id='word_1_156' title='bbox 1240 1557 1345 1620; x_wconf 73' lang='lat' dir='ltr'><strong>dedisci</strong></span> 
     </span>
     <span class='ocr_line' id='line_1_16' title="bbox 137 1635 919 1714; baseline 0.001 -20"><span class='ocrx_word' id='word_1_157' title='bbox 137 1635 253 1712; x_wconf 87' lang='lat' dir='ltr'><strong>possint</strong></span> <span class='ocrx_word' id='word_1_158' title='bbox 266 1643 407 1714; x_wconf 77' lang='lat' dir='ltr'><strong>tanquam</strong></span> <span class='ocrx_word' id='word_1_159' title='bbox 423 1635 622 1695; x_wconf 88' lang='lat' dir='ltr'><strong>conclusiones</strong></span> <span class='ocrx_word' id='word_1_160' title='bbox 635 1655 673 1694; x_wconf 84' lang='lat' dir='ltr'><strong>cx</strong></span> <span class='ocrx_word' id='word_1_161' title='bbox 688 1635 748 1694; x_wconf 88' lang='lat' dir='ltr'><strong>suis</strong></span> <span class='ocrx_word' id='word_1_162' title='bbox 761 1636 919 1713; x_wconf 83' lang='lat' dir='ltr'><strong>principiis.</strong></span> 
     </span>
    </p>

    <p class='ocr_par' dir='ltr' id='par_1_6' title="bbox 137 1715 1347 2272">
     <span class='ocr_line' id='line_1_17' title="bbox 449 1715 1345 1795; baseline 0.002 -22"><span class='ocrx_word' id='word_1_163' title='bbox 449 1715 509 1774; x_wconf 89' lang='lat' dir='ltr'><strong>IX.</strong></span> <span class='ocrx_word' id='word_1_164' title='bbox 532 1715 591 1775; x_wconf 81' lang='lat' dir='ltr'><strong>Sed</strong></span> <span class='ocrx_word' id='word_1_165' title='bbox 604 1715 760 1794; x_wconf 88' lang='lat' dir='ltr'><strong>petendum</strong></span> <span class='ocrx_word' id='word_1_166' title='bbox 771 1725 819 1774; x_wconf 90' lang='lat' dir='ltr'><strong>est</strong></span> <span class='ocrx_word' id='word_1_167' title='bbox 832 1715 869 1774; x_wconf 83' lang='lat' dir='ltr'><strong>ob</strong></span> <span class='ocrx_word' id='word_1_168' title='bbox 881 1716 947 1793; x_wconf 90' lang='lat' dir='ltr'><strong>ipso</strong></span> <span class='ocrx_word' id='word_1_169' title='bbox 961 1719 1031 1792; x_wconf 82' lang='lat' dir='ltr'><strong>jure</strong></span> <span class='ocrx_word' id='word_1_170' title='bbox 1047 1727 1168 1794; x_wconf 68' lang='grc' dir='ltr'><strong>παίωνα,</strong></span> <span class='ocrx_word' id='word_1_171' title='bbox 1184 1718 1263 1795; x_wconf 89' lang='lat' dir='ltr'><strong>quod</strong></span> <span class='ocrx_word' id='word_1_172' title='bbox 1277 1717 1345 1776; x_wconf 90' lang='lat' dir='ltr'><strong>niti-</strong></span> 
     </span>
     <span class='ocr_line' id='line_1_18' title="bbox 404 1794 1345 1873; baseline -0.001 -18"><span class='ocrx_word' id='word_1_173' title='bbox 404 1804 534 1855; x_wconf 89' lang='lat' dir='ltr'><strong>turtum</strong></span> <span class='ocrx_word' id='word_1_174' title='bbox 557 1804 661 1855; x_wconf 86' lang='lat' dir='ltr'><strong>natura</strong></span> <span class='ocrx_word' id='word_1_175' title='bbox 681 1794 738 1853; x_wconf 89' lang='lat' dir='ltr'><strong>Dei</strong></span> <span class='ocrx_word' id='word_1_176' title='bbox 759 1795 912 1870; x_wconf 80' lang='lat' dir='ltr'><strong>Creatoris,</strong></span> <span class='ocrx_word' id='word_1_177' title='bbox 928 1796 978 1872; x_wconf 92' lang='lat' dir='ltr'><strong>qui</strong></span> <span class='ocrx_word' id='word_1_178' title='bbox 998 1815 1051 1873; x_wconf 90' lang='lat' dir='ltr'><strong>per</strong></span> <span class='ocrx_word' id='word_1_179' title='bbox 1067 1815 1147 1856; x_wconf 86' lang='lat' dir='ltr'><strong>suem</strong></span> <span class='ocrx_word' id='word_1_180' title='bbox 1163 1797 1345 1855; x_wconf 77' lang='lat' dir='ltr'><strong>sanctitatem</strong></span> 
     </span>
     <span class='ocr_line' id='line_1_19' title="bbox 138 1873 1346 1952; baseline 0.002 -20"><span class='ocrx_word' id='word_1_181' title='bbox 138 1893 197 1932; x_wconf 89' lang='lat' dir='ltr'><strong>non</strong></span> <span class='ocrx_word' id='word_1_182' title='bbox 210 1883 309 1952; x_wconf 87' lang='lat' dir='ltr'><strong>potest</strong></span> <span class='ocrx_word' id='word_1_183' title='bbox 319 1895 379 1933; x_wconf 91' lang='lat' dir='ltr'><strong>non</strong></span> <span class='ocrx_word' id='word_1_184' title='bbox 400 1875 584 1952; x_wconf 70' lang='lat' dir='ltr'><strong>prescribere</strong></span> <span class='ocrx_word' id='word_1_185' title='bbox 605 1883 743 1934; x_wconf 75' lang='lat' dir='ltr'><strong>creature</strong></span> <span class='ocrx_word' id='word_1_186' title='bbox 757 1873 858 1947; x_wconf 88' lang='lat' dir='ltr'><strong>officia,</strong></span> <span class='ocrx_word' id='word_1_187' title='bbox 873 1893 939 1951; x_wconf 81' lang='lat' dir='ltr'><strong>quae</strong></span> <span class='ocrx_word' id='word_1_188' title='bbox 955 1876 1022 1951; x_wconf 87' lang='lat' dir='ltr'><strong>jure</strong></span> <span class='ocrx_word' id='word_1_189' title='bbox 1035 1875 1086 1933; x_wconf 93' lang='lat' dir='ltr'><strong>illo</strong></span> <span class='ocrx_word' id='word_1_190' title='bbox 1100 1876 1249 1951; x_wconf 60' lang='lat' dir='ltr'><strong>nitentum</strong></span> <span class='ocrx_word' id='word_1_191' title='bbox 1271 1877 1346 1935; x_wconf 73' lang='lat' dir='ltr'><strong>&#39;l&#39;um</strong></span> 
     </span>
     <span class='ocr_line' id='line_1_20' title="bbox 139 1952 1347 2034; baseline 0.002 -22"><span class='ocrx_word' id='word_1_192' title='bbox 139 1963 339 2014; x_wconf 73' lang='lat' dir='ltr'><strong>creaturarum</strong></span> <span class='ocrx_word' id='word_1_193' title='bbox 360 1956 488 2034; x_wconf 84' lang='lat' dir='ltr'><strong>ipsarum</strong></span> <span class='ocrx_word' id='word_1_194' title='bbox 509 1954 692 2014; x_wconf 76' lang='lat' dir='ltr'><strong>rationalium</strong></span> <span class='ocrx_word' id='word_1_195' title='bbox 713 1952 886 2028; x_wconf 88' lang='lat' dir='ltr'><strong>conditione,</strong></span> <span class='ocrx_word' id='word_1_196' title='bbox 904 1973 969 2030; x_wconf 86' lang='lat' dir='ltr'><strong>quae</strong></span> <span class='ocrx_word' id='word_1_197' title='bbox 989 1963 1106 2032; x_wconf 89' lang='lat' dir='ltr'><strong>propter</strong></span> <span class='ocrx_word' id='word_1_198' title='bbox 1125 1953 1347 2032; x_wconf 82' lang='lat' dir='ltr'><strong>dependentium</strong></span> 
     </span>
     <span class='ocr_line' id='line_1_21' title="bbox 139 2033 1347 2112; baseline 0.001 -19"><span class='ocrx_word' id='word_1_199' title='bbox 139 2035 344 2111; x_wconf 72' lang='lat' dir='ltr'><strong>necessariam,</strong></span> <span class='ocrx_word' id='word_1_200' title='bbox 360 2051 448 2112; x_wconf 78' lang='lat' dir='ltr'><strong>quam</strong></span> <span class='ocrx_word' id='word_1_201' title='bbox 458 2035 569 2094; x_wconf 83' lang='lat' dir='ltr'><strong>hebent</strong></span> <span class='ocrx_word' id='word_1_202' title='bbox 582 2035 673 2093; x_wconf 84' lang='lat' dir='ltr'><strong>cDeo</strong></span> <span class='ocrx_word' id='word_1_203' title='bbox 686 2035 718 2091; x_wconf 94' lang='lat' dir='ltr'><strong>in</strong></span> <span class='ocrx_word' id='word_1_204' title='bbox 731 2053 837 2110; x_wconf 89' lang='lat' dir='ltr'><strong>genere</strong></span> <span class='ocrx_word' id='word_1_205' title='bbox 850 2033 947 2109; x_wconf 87' lang='lat' dir='ltr'><strong>moris,</strong></span> <span class='ocrx_word' id='word_1_206' title='bbox 967 2053 1026 2092; x_wconf 92' lang='lat' dir='ltr'><strong>non</strong></span> <span class='ocrx_word' id='word_1_207' title='bbox 1040 2034 1135 2093; x_wconf 89' lang='lat' dir='ltr'><strong>minus</strong></span> <span class='ocrx_word' id='word_1_208' title='bbox 1149 2054 1183 2093; x_wconf 88' lang='lat' dir='ltr'><strong>ac</strong></span> <span class='ocrx_word' id='word_1_209' title='bbox 1197 2035 1227 2092; x_wconf 89' lang='lat' dir='ltr'><strong>in</strong></span> <span class='ocrx_word' id='word_1_210' title='bbox 1241 2055 1347 2112; x_wconf 89' lang='lat' dir='ltr'><strong>genere</strong></span> 
     </span>
     <span class='ocr_line' id='line_1_22' title="bbox 139 2113 1347 2192; baseline 0.001 -19"><span class='ocrx_word' id='word_1_211' title='bbox 139 2116 224 2190; x_wconf 85' lang='lat' dir='ltr'><strong>entis,</strong></span> <span class='ocrx_word' id='word_1_212' title='bbox 234 2122 380 2174; x_wconf 76' lang='lat' dir='ltr'><strong>&#39;tenentur</strong></span> <span class='ocrx_word' id='word_1_213' title='bbox 394 2114 432 2173; x_wconf 90' lang='lat' dir='ltr'><strong>ad</strong></span> <span class='ocrx_word' id='word_1_214' title='bbox 452 2135 487 2174; x_wconf 88' lang='lat' dir='ltr'><strong>ee</strong></span> <span class='ocrx_word' id='word_1_215' title='bbox 506 2114 670 2192; x_wconf 75' lang='lat' dir='ltr'><strong>prestanda</strong></span> <span class='ocrx_word' id='word_1_216' title='bbox 683 2113 732 2172; x_wconf 86' lang='lat' dir='ltr'><strong>vel</strong></span> <span class='ocrx_word' id='word_1_217' title='bbox 746 2113 893 2190; x_wconf 84' lang='lat' dir='ltr'><strong>firgicnde,</strong></span> <span class='ocrx_word' id='word_1_218' title='bbox 908 2133 973 2192; x_wconf 84' lang='lat' dir='ltr'><strong>ques</strong></span> <span class='ocrx_word' id='word_1_219' title='bbox 987 2132 1058 2174; x_wconf 82' lang='lat' dir='ltr'><strong>sanc</strong></span> <span class='ocrx_word' id='word_1_220' title='bbox 1071 2114 1145 2174; x_wconf 83' lang='lat' dir='ltr'><strong>ratio</strong></span> <span class='ocrx_word' id='word_1_221' title='bbox 1159 2123 1188 2174; x_wconf 86' lang='lat' dir='ltr'><strong>et</strong></span> <span class='ocrx_word' id='word_1_222' title='bbox 1202 2113 1347 2175; x_wconf 84' lang='lat' dir='ltr'><strong>dictamen</strong></span> 
     </span>
     <span class='ocr_line' id='line_1_23' title="bbox 137 2193 882 2272; baseline 0 -18"><span class='ocrx_word' id='word_1_223' title='bbox 137 2194 327 2254; x_wconf 75' lang='lat' dir='ltr'><strong>consciencie</strong></span> <span class='ocrx_word' id='word_1_224' title='bbox 340 2193 473 2254; x_wconf 86' lang='lat' dir='ltr'><strong>facienda</strong></span> <span class='ocrx_word' id='word_1_225' title='bbox 485 2195 534 2254; x_wconf 88' lang='lat' dir='ltr'><strong>vel</strong></span> <span class='ocrx_word' id='word_1_226' title='bbox 547 2194 685 2272; x_wconf 82' lang='lat' dir='ltr'><strong>fugienda</strong></span> <span class='ocrx_word' id='word_1_227' title='bbox 698 2193 769 2272; x_wconf 87' lang='lat' dir='ltr'><strong>ipsis</strong></span> <span class='ocrx_word' id='word_1_228' title='bbox 783 2193 882 2254; x_wconf 85' lang='lat' dir='ltr'><strong>dictat.</strong></span> 
     </span>
    </p>

    <p class='ocr_par' dir='ltr' id='par_1_7' title="bbox 139 2274 1349 2513">
     <span class='ocr_line' id='line_1_24' title="bbox 139 2274 1348 2360; baseline 0.002 -28"><span class='ocrx_word' id='word_1_229' title='bbox 139 2307 209 2360; x_wconf 75' lang='lat' dir='ltr'><strong>Quot</strong></span> <span class='ocrx_word' id='word_1_230' title='bbox 233 2309 313 2355; x_wconf 62' lang='lat' dir='ltr'><strong>mu,</strong></span> <span class='ocrx_word' id='word_1_231' title='bbox 339 2309 385 2355; x_wconf 60' lang='lat' dir='ltr'><strong>J„</strong></span> <span class='ocrx_word' id='word_1_232' title='bbox 447 2274 490 2334; x_wconf 87' lang='lat' dir='ltr'><strong>X.</strong></span> <span class='ocrx_word' id='word_1_233' title='bbox 511 2277 567 2334; x_wconf 80' lang='lat' dir='ltr'><strong>Juc</strong></span> <span class='ocrx_word' id='word_1_234' title='bbox 580 2283 677 2334; x_wconf 88' lang='lat' dir='ltr'><strong>autem</strong></span> <span class='ocrx_word' id='word_1_235' title='bbox 690 2274 862 2332; x_wconf 79' lang='lat' dir='ltr'><strong>nnncroebic</strong></span> <span class='ocrx_word' id='word_1_236' title='bbox 883 2293 900 2333; x_wconf 87' lang='lat' dir='ltr'><strong>a</strong></span> <span class='ocrx_word' id='word_1_237' title='bbox 920 2274 1004 2334; x_wconf 88' lang='lat' dir='ltr'><strong>nobis</strong></span> <span class='ocrx_word' id='word_1_238' title='bbox 1026 2275 1156 2352; x_wconf 87' lang='lat' dir='ltr'><strong>sumitur,</strong></span> <span class='ocrx_word' id='word_1_239' title='bbox 1177 2295 1237 2335; x_wconf 87' lang='lat' dir='ltr'><strong>non</strong></span> <span class='ocrx_word' id='word_1_240' title='bbox 1252 2279 1308 2336; x_wconf 84' lang='lat' dir='ltr'><strong>iate</strong></span> <span class='ocrx_word' id='word_1_241' title='bbox 1321 2286 1348 2335; x_wconf 90' lang='lat' dir='ltr'><strong>ct</strong></span> 
     </span>
     <span class='ocr_line' id='line_1_25' title="bbox 169 2353 1349 2434; baseline 0.003 -22"><span class='ocrx_word' id='word_1_242' title='bbox 169 2372 269 2413; x_wconf 73' lang='lat' dir='ltr'><strong>meere</strong></span> <span class='ocrx_word' id='word_1_243' title='bbox 284 2383 385 2428; x_wconf 69' lang='lat' dir='ltr'><strong>marpe-</strong></span> <span class='ocrx_word' id='word_1_244' title='bbox 406 2355 569 2431; x_wconf 69' lang='lat' dir='ltr'><strong>improprie,</strong></span> <span class='ocrx_word' id='word_1_245' title='bbox 596 2362 681 2432; x_wconf 88' lang='lat' dir='ltr'><strong>prout</strong></span> <span class='ocrx_word' id='word_1_246' title='bbox 702 2375 720 2412; x_wconf 93' lang='lat' dir='ltr'><strong>a</strong></span> <span class='ocrx_word' id='word_1_247' title='bbox 743 2353 967 2414; x_wconf 80' lang='lat' dir='ltr'><strong>Jurisconsnltis</strong></span> <span class='ocrx_word' id='word_1_248' title='bbox 988 2357 1119 2432; x_wconf 86' lang='lat' dir='ltr'><strong>sumitur,</strong></span> <span class='ocrx_word' id='word_1_249' title='bbox 1141 2377 1194 2434; x_wconf 93' lang='lat' dir='ltr'><strong>pro</strong></span> <span class='ocrx_word' id='word_1_250' title='bbox 1213 2375 1250 2415; x_wconf 88' lang='lat' dir='ltr'><strong>co</strong></span> <span class='ocrx_word' id='word_1_251' title='bbox 1270 2359 1349 2434; x_wconf 78' lang='lat' dir='ltr'><strong>qnod</strong></span> 
     </span>
     <span class='ocr_line' id='line_1_26' title="bbox 170 2431 1345 2513; baseline 0 -19"><span class='ocrx_word' id='word_1_252' title='bbox 170 2431 223 2470; x_wconf 55' lang='grc' dir='ltr'><strong>ω·</strong></span> <span class='ocrx_word' id='word_1_253' title='bbox 406 2443 513 2494; x_wconf 72' lang='lat' dir='ltr'><strong>notura</strong></span> <span class='ocrx_word' id='word_1_254' title='bbox 526 2436 621 2494; x_wconf 82' lang='lat' dir='ltr'><strong>omnia</strong></span> <span class='ocrx_word' id='word_1_255' title='bbox 634 2435 772 2492; x_wconf 81' lang='lat' dir='ltr'><strong>animalia</strong></span> <span class='ocrx_word' id='word_1_256' title='bbox 782 2435 882 2511; x_wconf 69' lang='lat' dir='ltr'><strong>docent,</strong></span> <span class='ocrx_word' id='word_1_257' title='bbox 895 2434 992 2494; x_wconf 89' lang='lat' dir='ltr'><strong>Instit.</strong></span> <span class='ocrx_word' id='word_1_258' title='bbox 1007 2435 1057 2495; x_wconf 92' lang='lat' dir='ltr'><strong>lib.</strong></span> <span class='ocrx_word' id='word_1_259' title='bbox 1072 2437 1092 2496; x_wconf 91' lang='lat' dir='ltr'><strong>i.</strong></span> <span class='ocrx_word' id='word_1_260' title='bbox 1106 2436 1164 2496; x_wconf 83' lang='lat' dir='ltr'><strong>Tit.</strong></span> <span class='ocrx_word' id='word_1_261' title='bbox 1180 2441 1207 2510; x_wconf 72' lang='lat'><strong>2,</strong></span> <span class='ocrx_word' id='word_1_262' title='bbox 1221 2456 1345 2513; x_wconf 89' lang='lat' dir='ltr'><strong>quomo·</strong></span> 
     </span>
    </p>

    <p class='ocr_par' dir='ltr' id='par_1_8' title="bbox 140 2511 1348 2592">
     <span class='ocr_line' id='line_1_27' title="bbox 140 2511 1348 2592; baseline 0.004 -22"><span class='ocrx_word' id='word_1_263' title='bbox 140 2511 183 2570; x_wconf 94' lang='lat' dir='ltr'><strong>do</strong></span> <span class='ocrx_word' id='word_1_264' title='bbox 203 2511 393 2591; x_wconf 80' lang='lat' dir='ltr'><strong>distinguitur</strong></span> <span class='ocrx_word' id='word_1_265' title='bbox 412 2535 431 2573; x_wconf 86' lang='lat' dir='ltr'><strong>e</strong></span> <span class='ocrx_word' id='word_1_266' title='bbox 450 2517 525 2574; x_wconf 83' lang='lat' dir='ltr'><strong>Jurc</strong></span> <span class='ocrx_word' id='word_1_267' title='bbox 546 2515 677 2575; x_wconf 77' lang='lat' dir='ltr'><strong>Gentium</strong></span> <span class='ocrx_word' id='word_1_268' title='bbox 697 2533 754 2590; x_wconf 89' lang='lat' dir='ltr'><strong>quo</strong></span> <span class='ocrx_word' id='word_1_269' title='bbox 777 2534 877 2574; x_wconf 85' lang='lat' dir='ltr'><strong>omnes</strong></span> <span class='ocrx_word' id='word_1_270' title='bbox 900 2514 1010 2574; x_wconf 85' lang='lat' dir='ltr'><strong>Gentes</strong></span> <span class='ocrx_word' id='word_1_271' title='bbox 1031 2524 1158 2592; x_wconf 89' lang='lat' dir='ltr'><strong>utuntur,</strong></span> <span class='ocrx_word' id='word_1_272' title='bbox 1185 2523 1214 2574; x_wconf 86' lang='lat' dir='ltr'><strong>et</strong></span> <span class='ocrx_word' id='word_1_273' title='bbox 1235 2536 1253 2573; x_wconf 89' lang='lat' dir='ltr'><strong>a</strong></span> <span class='ocrx_word' id='word_1_274' title='bbox 1273 2519 1348 2575; x_wconf 73' lang='lat' dir='ltr'><strong>June</strong></span> 
     </span>
    </p>

    <p class='ocr_par' dir='ltr' id='par_1_9' title="bbox 141 2592 1348 2672">
     <span class='ocr_line' id='line_1_28' title="bbox 141 2592 1348 2672; baseline 0.001 -19"><span class='ocrx_word' id='word_1_275' title='bbox 141 2592 232 2653; x_wconf 69' lang='lat' dir='ltr'><strong>Cincii</strong></span> <span class='ocrx_word' id='word_1_276' title='bbox 248 2593 328 2669; x_wconf 91' lang='lat' dir='ltr'><strong>qnod</strong></span> <span class='ocrx_word' id='word_1_277' title='bbox 349 2613 472 2672; x_wconf 76' lang='lat' dir='ltr'><strong>queque</strong></span> <span class='ocrx_word' id='word_1_278' title='bbox 493 2594 596 2654; x_wconf 87' lang='lat' dir='ltr'><strong>civitas</strong></span> <span class='ocrx_word' id='word_1_279' title='bbox 616 2603 667 2652; x_wconf 88' lang='lat' dir='ltr'><strong>aut</strong></span> <span class='ocrx_word' id='word_1_280' title='bbox 685 2593 837 2652; x_wconf 85' lang='lat' dir='ltr'><strong>hominum</strong></span> <span class='ocrx_word' id='word_1_281' title='bbox 858 2595 980 2654; x_wconf 81' lang='lat' dir='ltr'><strong>societas</strong></span> <span class='ocrx_word' id='word_1_282' title='bbox 1002 2595 1058 2653; x_wconf 87' lang='lat' dir='ltr'><strong>sibi</strong></span> <span class='ocrx_word' id='word_1_283' title='bbox 1082 2595 1231 2654; x_wconf 89' lang='lat' dir='ltr'><strong>constituit</strong></span> <span class='ocrx_word' id='word_1_284' title='bbox 1242 2618 1250 2672; x_wconf 75' lang='lat'><em>3</em></span> <span class='ocrx_word' id='word_1_285' title='bbox 1279 2597 1348 2672; x_wconf 89' lang='lat' dir='ltr'><strong>quia</strong></span> 
     </span>
    </p>

    <p class='ocr_par' dir='ltr' id='par_1_10' title="bbox 137 2673 1346 2753">
     <span class='ocr_line' id='line_1_29' title="bbox 137 2673 1346 2753; baseline 0 -20"><span class='ocrx_word' id='word_1_286' title='bbox 137 2681 173 2733; x_wconf 89' lang='lat' dir='ltr'><strong>ut</strong></span> <span class='ocrx_word' id='word_1_287' title='bbox 186 2673 218 2732; x_wconf 93' lang='lat' dir='ltr'><strong>in</strong></span> <span class='ocrx_word' id='word_1_288' title='bbox 231 2673 319 2731; x_wconf 89' lang='lat' dir='ltr'><strong>bruta</strong></span> <span class='ocrx_word' id='word_1_289' title='bbox 332 2675 406 2734; x_wconf 77' lang='lat' dir='ltr'><strong>ratio</strong></span> <span class='ocrx_word' id='word_1_290' title='bbox 420 2695 479 2734; x_wconf 91' lang='lat' dir='ltr'><strong>non</strong></span> <span class='ocrx_word' id='word_1_291' title='bbox 492 2674 578 2751; x_wconf 84' lang='lat' dir='ltr'><strong>cadit,</strong></span> <span class='ocrx_word' id='word_1_292' title='bbox 592 2675 635 2733; x_wconf 91' lang='lat' dir='ltr'><strong>ita</strong></span> <span class='ocrx_word' id='word_1_293' title='bbox 654 2693 708 2732; x_wconf 87' lang='lat' dir='ltr'><strong>nec</strong></span> <span class='ocrx_word' id='word_1_294' title='bbox 724 2673 799 2751; x_wconf 88' lang='lat' dir='ltr'><strong>juris</strong></span> <span class='ocrx_word' id='word_1_295' title='bbox 812 2682 863 2733; x_wconf 79' lang='lat' dir='ltr'><strong>snt</strong></span> <span class='ocrx_word' id='word_1_296' title='bbox 876 2674 989 2752; x_wconf 78' lang='lat' dir='ltr'><strong>injuriae</strong></span> <span class='ocrx_word' id='word_1_297' title='bbox 1002 2675 1117 2753; x_wconf 89' lang='lat' dir='ltr'><strong>proprie</strong></span> <span class='ocrx_word' id='word_1_298' title='bbox 1131 2683 1198 2734; x_wconf 88' lang='lat' dir='ltr'><strong>eunt</strong></span> <span class='ocrx_word' id='word_1_299' title='bbox 1212 2676 1346 2752; x_wconf 86' lang='lat' dir='ltr'><strong>cepania;</strong></span> 
     </span>
    </p>

    <p class='ocr_par' dir='ltr' id='par_1_11' title="bbox 141 2753 1346 2832">
     <span class='ocr_line' id='line_1_30' title="bbox 141 2753 1346 2832; baseline -0.001 -20"><span class='ocrx_word' id='word_1_300' title='bbox 141 2753 202 2812; x_wconf 85' lang='lat' dir='ltr'><strong>Sed</strong></span> <span class='ocrx_word' id='word_1_301' title='bbox 222 2755 319 2812; x_wconf 76' lang='lat' dir='ltr'><strong>stricte</strong></span> <span class='ocrx_word' id='word_1_302' title='bbox 339 2763 366 2812; x_wconf 84' lang='lat' dir='ltr'><strong>et</strong></span> <span class='ocrx_word' id='word_1_303' title='bbox 376 2756 500 2831; x_wconf 79' lang='lat' dir='ltr'><strong>proprie</strong></span> <span class='ocrx_word' id='word_1_304' title='bbox 523 2773 574 2832; x_wconf 91' lang='lat' dir='ltr'><strong>pro</strong></span> <span class='ocrx_word' id='word_1_305' title='bbox 595 2773 629 2812; x_wconf 94' lang='lat' dir='ltr'><strong>eo</strong></span> <span class='ocrx_word' id='word_1_306' title='bbox 650 2754 730 2830; x_wconf 91' lang='lat' dir='ltr'><strong>quod</strong></span> <span class='ocrx_word' id='word_1_307' title='bbox 749 2763 894 2814; x_wconf 85' lang='lat' dir='ltr'><strong>creaturas</strong></span> <span class='ocrx_word' id='word_1_308' title='bbox 913 2754 1067 2813; x_wconf 85' lang='lat' dir='ltr'><strong>rationales</strong></span> <span class='ocrx_word' id='word_1_309' title='bbox 1086 2763 1198 2814; x_wconf 88' lang='lat' dir='ltr'><strong>tantum</strong></span> <span class='ocrx_word' id='word_1_310' title='bbox 1220 2755 1346 2832; x_wconf 90' lang='lat' dir='ltr'><strong>respicit,</strong></span> 
     </span>
    </p>

    <p class='ocr_par' dir='ltr' id='par_1_12' title="bbox 139 2833 1349 2912">
     <span class='ocr_line' id='line_1_31' title="bbox 139 2833 1349 2912; baseline -0.001 -20"><span class='ocrx_word' id='word_1_311' title='bbox 139 2833 222 2911; x_wconf 91' lang='lat' dir='ltr'><strong>quod</strong></span> <span class='ocrx_word' id='word_1_312' title='bbox 236 2834 448 2894; x_wconf 81' lang='lat' dir='ltr'><strong>Jurisconsrrlti</strong></span> <span class='ocrx_word' id='word_1_313' title='bbox 466 2834 620 2894; x_wconf 88' lang='lat' dir='ltr'><strong>includunt</strong></span> <span class='ocrx_word' id='word_1_314' title='bbox 639 2834 693 2892; x_wconf 90' lang='lat' dir='ltr'><strong>sub</strong></span> <span class='ocrx_word' id='word_1_315' title='bbox 707 2833 780 2894; x_wconf 89' lang='lat' dir='ltr'><strong>Jure</strong></span> <span class='ocrx_word' id='word_1_316' title='bbox 802 2834 940 2910; x_wconf 87' lang='lat' dir='ltr'><strong>gentium,</strong></span> <span class='ocrx_word' id='word_1_317' title='bbox 956 2840 986 2892; x_wconf 87' lang='lat' dir='ltr'><strong>et</strong></span> <span class='ocrx_word' id='word_1_318' title='bbox 1005 2842 1083 2893; x_wconf 85' lang='lat' dir='ltr'><strong>recte</strong></span> <span class='ocrx_word' id='word_1_319' title='bbox 1104 2834 1276 2894; x_wconf 88' lang='lat' dir='ltr'><strong>describitur</strong></span> <span class='ocrx_word' id='word_1_320' title='bbox 1296 2854 1349 2912; x_wconf 90' lang='lat' dir='ltr'><strong>per</strong></span> 
     </span>
    </p>

    <p class='ocr_par' dir='ltr' id='par_1_13' title="bbox 139 2911 1348 2992">
     <span class='ocr_line' id='line_1_32' title="bbox 139 2911 1348 2992; baseline 0 -20"><span class='ocrx_word' id='word_1_321' title='bbox 139 2933 312 2974; x_wconf 89' lang='lat' dir='ltr'><strong>communes</strong></span> <span class='ocrx_word' id='word_1_322' title='bbox 332 2915 466 2974; x_wconf 84' lang='lat' dir='ltr'><strong>notiones</strong></span> <span class='ocrx_word' id='word_1_323' title='bbox 484 2913 633 2992; x_wconf 85' lang='lat' dir='ltr'><strong>practices,</strong></span> <span class='ocrx_word' id='word_1_324' title='bbox 656 2933 708 2972; x_wconf 89' lang='lat' dir='ltr'><strong>seu</strong></span> <span class='ocrx_word' id='word_1_325' title='bbox 727 2913 825 2972; x_wconf 91' lang='lat' dir='ltr'><strong>lumen</strong></span> <span class='ocrx_word' id='word_1_326' title='bbox 846 2921 876 2972; x_wconf 87' lang='lat' dir='ltr'><strong>et</strong></span> <span class='ocrx_word' id='word_1_327' title='bbox 889 2911 1033 2971; x_wconf 84' lang='lat' dir='ltr'><strong>dictamen</strong></span> <span class='ocrx_word' id='word_1_328' title='bbox 1054 2915 1245 2987; x_wconf 83' lang='lat' dir='ltr'><strong>eonscientiae,</strong></span> <span class='ocrx_word' id='word_1_329' title='bbox 1269 2913 1348 2990; x_wconf 89' lang='lat' dir='ltr'><strong>quod</strong></span> 
     </span>
    </p>

    <p class='ocr_par' dir='ltr' id='par_1_14' title="bbox 140 2991 1348 3070">
     <span class='ocr_line' id='line_1_33' title="bbox 140 2991 1348 3070; baseline -0.002 -18"><span class='ocrx_word' id='word_1_330' title='bbox 140 2993 225 3053; x_wconf 88' lang='lat' dir='ltr'><strong>Deus</strong></span> <span class='ocrx_word' id='word_1_331' title='bbox 244 2994 370 3070; x_wconf 81' lang='lat' dir='ltr'><strong>singulis</strong></span> <span class='ocrx_word' id='word_1_332' title='bbox 383 2994 552 3053; x_wconf 70' lang='lat' dir='ltr'><strong>&#39;hominibus</strong></span> <span class='ocrx_word' id='word_1_333' title='bbox 573 3013 591 3052; x_wconf 88' lang='lat' dir='ltr'><strong>a</strong></span> <span class='ocrx_word' id='word_1_334' title='bbox 610 3001 713 3052; x_wconf 85' lang='lat' dir='ltr'><strong>nature</strong></span> <span class='ocrx_word' id='word_1_335' title='bbox 726 2992 878 3068; x_wconf 87' lang='lat' dir='ltr'><strong>insculpsit</strong></span> <span class='ocrx_word' id='word_1_336' title='bbox 899 2991 937 3050; x_wconf 85' lang='lat' dir='ltr'><strong>ad</strong></span> <span class='ocrx_word' id='word_1_337' title='bbox 956 2992 1071 3050; x_wconf 83' lang='lat' dir='ltr'><strong>honesti</strong></span> <span class='ocrx_word' id='word_1_338' title='bbox 1091 3001 1121 3050; x_wconf 90' lang='lat' dir='ltr'><strong>et</strong></span> <span class='ocrx_word' id='word_1_339' title='bbox 1141 2992 1233 3068; x_wconf 89' lang='lat' dir='ltr'><strong>turpis</strong></span> <span class='ocrx_word' id='word_1_340' title='bbox 1246 2991 1348 3051; x_wconf 89' lang='lat' dir='ltr'><strong>discri-</strong></span> 
     </span>
    </p>

    <p class='ocr_par' dir='ltr' id='par_1_15' title="bbox 140 3070 952 3150">
     <span class='ocr_line' id='line_1_34' title="bbox 140 3070 952 3150; baseline -0.002 -19"><span class='ocrx_word' id='word_1_341' title='bbox 140 3093 216 3148; x_wconf 87' lang='lat' dir='ltr'><strong>men,</strong></span> <span class='ocrx_word' id='word_1_342' title='bbox 233 3083 264 3133; x_wconf 90' lang='lat' dir='ltr'><strong>et</strong></span> <span class='ocrx_word' id='word_1_343' title='bbox 272 3074 474 3150; x_wconf 84' lang='lat' dir='ltr'><strong>cognitionem</strong></span> <span class='ocrx_word' id='word_1_344' title='bbox 488 3073 683 3133; x_wconf 82' lang='lat' dir='ltr'><strong>faciendorum</strong></span> <span class='ocrx_word' id='word_1_345' title='bbox 697 3079 726 3130; x_wconf 86' lang='lat' dir='ltr'><strong>ct</strong></span> <span class='ocrx_word' id='word_1_346' title='bbox 739 3070 952 3148; x_wconf 84' lang='lat' dir='ltr'><strong>fugiendorum.</strong></span> 
     </span>
    </p>

    <p class='ocr_par' dir='ltr' id='par_1_16' title="bbox 141 3150 1354 4431">
     <span class='ocr_line' id='line_1_35' title="bbox 182 3150 1349 3230; baseline -0.002 -18"><span class='ocrx_word' id='word_1_347' title='bbox 182 3153 246 3213; x_wconf 86' lang='lat' dir='ltr'><strong>XI.</strong></span> <span class='ocrx_word' id='word_1_348' title='bbox 261 3154 311 3212; x_wconf 87' lang='lat' dir='ltr'><strong>Ex</strong></span> <span class='ocrx_word' id='word_1_349' title='bbox 321 3154 368 3213; x_wconf 92' lang='lat' dir='ltr'><strong>bis</strong></span> <span class='ocrx_word' id='word_1_350' title='bbox 382 3163 479 3213; x_wconf 88' lang='lat' dir='ltr'><strong>autem</strong></span> <span class='ocrx_word' id='word_1_351' title='bbox 492 3153 666 3227; x_wconf 91' lang='lat' dir='ltr'><strong>notionibus,</strong></span> <span class='ocrx_word' id='word_1_352' title='bbox 682 3151 746 3209; x_wconf 82' lang='lat' dir='ltr'><strong>elice</strong></span> <span class='ocrx_word' id='word_1_353' title='bbox 761 3158 830 3209; x_wconf 88' lang='lat' dir='ltr'><strong>sunt</strong></span> <span class='ocrx_word' id='word_1_354' title='bbox 837 3150 999 3227; x_wconf 75' lang='lat' dir='ltr'><strong>primarie,</strong></span> <span class='ocrx_word' id='word_1_355' title='bbox 1014 3169 1086 3226; x_wconf 89' lang='lat' dir='ltr'><strong>quas</strong></span> <span class='ocrx_word' id='word_1_356' title='bbox 1095 3151 1238 3228; x_wconf 73' lang='lat' dir='ltr'><strong>principia</strong></span> <span class='ocrx_word' id='word_1_357' title='bbox 1248 3153 1349 3230; x_wconf 86' lang='lat' dir='ltr'><strong>appel·</strong></span> 
     </span>
     <span class='ocr_line' id='line_1_36' title="bbox 142 3230 1349 3311; baseline 0.002 -21"><span class='ocrx_word' id='word_1_358' title='bbox 142 3232 247 3308; x_wconf 77' lang='lat' dir='ltr'><strong>lamus,</strong></span> <span class='ocrx_word' id='word_1_359' title='bbox 263 3233 329 3292; x_wconf 84' lang='lat' dir='ltr'><strong>aliae</strong></span> <span class='ocrx_word' id='word_1_360' title='bbox 349 3234 532 3309; x_wconf 72' lang='lat' dir='ltr'><strong>secundario,</strong></span> <span class='ocrx_word' id='word_1_361' title='bbox 548 3252 613 3311; x_wconf 75' lang='lat' dir='ltr'><strong>que</strong></span> <span class='ocrx_word' id='word_1_362' title='bbox 634 3231 820 3291; x_wconf 77' lang='lat' dir='ltr'><strong>conclusiones</strong></span> <span class='ocrx_word' id='word_1_363' title='bbox 841 3230 984 3290; x_wconf 89' lang='lat' dir='ltr'><strong>dicuntur.</strong></span> <span class='ocrx_word' id='word_1_364' title='bbox 1027 3231 1173 3308; x_wconf 88' lang='lat' dir='ltr'><strong>Principia</strong></span> <span class='ocrx_word' id='word_1_365' title='bbox 1193 3241 1268 3308; x_wconf 89' lang='lat' dir='ltr'><strong>sunt,</strong></span> <span class='ocrx_word' id='word_1_366' title='bbox 1284 3253 1349 3310; x_wconf 82' lang='lat' dir='ltr'><strong>quse</strong></span> 
     </span>
     <span class='ocr_line' id='line_1_37' title="bbox 141 3310 1348 3391; baseline 0.001 -19"><span class='ocrx_word' id='word_1_367' title='bbox 141 3333 195 3391; x_wconf 87' lang='lat' dir='ltr'><strong>per</strong></span> <span class='ocrx_word' id='word_1_368' title='bbox 207 3333 240 3373; x_wconf 88' lang='lat' dir='ltr'><strong>se</strong></span> <span class='ocrx_word' id='word_1_369' title='bbox 250 3321 330 3389; x_wconf 82' lang='lat' dir='ltr'><strong>nota,</strong></span> <span class='ocrx_word' id='word_1_370' title='bbox 346 3322 375 3373; x_wconf 88' lang='lat' dir='ltr'><strong>et</strong></span> <span class='ocrx_word' id='word_1_371' title='bbox 386 3313 463 3391; x_wconf 86' lang='lat' dir='ltr'><strong>epud</strong></span> <span class='ocrx_word' id='word_1_372' title='bbox 473 3333 574 3372; x_wconf 91' lang='lat' dir='ltr'><strong>omnes</strong></span> <span class='ocrx_word' id='word_1_373' title='bbox 586 3313 713 3387; x_wconf 90' lang='lat' dir='ltr'><strong>immota,</strong></span> <span class='ocrx_word' id='word_1_374' title='bbox 729 3311 759 3369; x_wconf 92' lang='lat' dir='ltr'><strong>in</strong></span> <span class='ocrx_word' id='word_1_375' title='bbox 773 3311 850 3370; x_wconf 92' lang='lat' dir='ltr'><strong>bono</strong></span> <span class='ocrx_word' id='word_1_376' title='bbox 864 3310 1008 3370; x_wconf 89' lang='lat' dir='ltr'><strong>communi</strong></span> <span class='ocrx_word' id='word_1_377' title='bbox 1022 3311 1149 3388; x_wconf 85' lang='lat' dir='ltr'><strong>fundata,</strong></span> <span class='ocrx_word' id='word_1_378' title='bbox 1164 3313 1284 3372; x_wconf 81' lang='lat' dir='ltr'><strong>rationis</strong></span> <span class='ocrx_word' id='word_1_379' title='bbox 1298 3313 1348 3373; x_wconf 86' lang='lat' dir='ltr'><strong>ed-</strong></span> 
     </span>
     <span class='ocr_line' id='line_1_38' title="bbox 142 3391 1349 3470; baseline 0 -18"><span class='ocrx_word' id='word_1_380' title='bbox 142 3395 284 3454; x_wconf 88' lang='lat' dir='ltr'><strong>miniculo</strong></span> <span class='ocrx_word' id='word_1_381' title='bbox 309 3395 510 3452; x_wconf 85' lang='lat' dir='ltr'><strong>conclusiones</strong></span> <span class='ocrx_word' id='word_1_382' title='bbox 532 3413 570 3450; x_wconf 87' lang='lat' dir='ltr'><strong>ex</strong></span> <span class='ocrx_word' id='word_1_383' title='bbox 593 3413 624 3450; x_wconf 88' lang='lat' dir='ltr'><strong>sc</strong></span> <span class='ocrx_word' id='word_1_384' title='bbox 648 3393 782 3470; x_wconf 82' lang='lat' dir='ltr'><strong>gignunt,</strong></span> <span class='ocrx_word' id='word_1_385' title='bbox 803 3411 868 3470; x_wconf 77' lang='lat' dir='ltr'><strong>qum</strong></span> <span class='ocrx_word' id='word_1_386' title='bbox 894 3391 931 3449; x_wconf 86' lang='lat' dir='ltr'><strong>sd</strong></span> <span class='ocrx_word' id='word_1_387' title='bbox 951 3391 1169 3451; x_wconf 80' lang='lat' dir='ltr'><strong>fundamentum</strong></span> <span class='ocrx_word' id='word_1_388' title='bbox 1189 3394 1349 3452; x_wconf 90' lang='lat' dir='ltr'><strong>communis</strong></span> 
     </span>
     <span class='ocr_line' id='line_1_39' title="bbox 142 3472 1350 3550; baseline 0 -18"><span class='ocrx_word' id='word_1_389' title='bbox 142 3474 214 3532; x_wconf 92' lang='lat' dir='ltr'><strong>boni</strong></span> <span class='ocrx_word' id='word_1_390' title='bbox 227 3473 415 3549; x_wconf 88' lang='lat' dir='ltr'><strong>reducuntur,</strong></span> <span class='ocrx_word' id='word_1_391' title='bbox 431 3493 496 3550; x_wconf 85' lang='lat' dir='ltr'><strong>qnae</strong></span> <span class='ocrx_word' id='word_1_392' title='bbox 509 3473 558 3531; x_wconf 87' lang='lat' dir='ltr'><strong>vel</strong></span> <span class='ocrx_word' id='word_1_393' title='bbox 574 3473 793 3548; x_wconf 76' lang='lat' dir='ltr'><strong>propinquiores</strong></span> <span class='ocrx_word' id='word_1_394' title='bbox 807 3480 882 3546; x_wconf 89' lang='lat' dir='ltr'><strong>sunt,</strong></span> <span class='ocrx_word' id='word_1_395' title='bbox 898 3472 1073 3548; x_wconf 70' lang='lat' dir='ltr'><strong>immediate,</strong></span> <span class='ocrx_word' id='word_1_396' title='bbox 1089 3479 1118 3530; x_wconf 91' lang='lat' dir='ltr'><strong>et</strong></span> <span class='ocrx_word' id='word_1_397' title='bbox 1132 3472 1283 3550; x_wconf 88' lang='lat' dir='ltr'><strong>deprimo,</strong></span> <span class='ocrx_word' id='word_1_398' title='bbox 1305 3474 1350 3532; x_wconf 92' lang='lat' dir='ltr'><strong>uti</strong></span> 
     </span>
     <span class='ocr_line' id='line_1_40' title="bbox 142 3550 1349 3632; baseline -0.002 -20"><span class='ocrx_word' id='word_1_399' title='bbox 142 3554 314 3632; x_wconf 89' lang='lat' dir='ltr'><strong>loquuntur,</strong></span> <span class='ocrx_word' id='word_1_400' title='bbox 328 3561 440 3612; x_wconf 84' lang='lat' dir='ltr'><strong>neturae</strong></span> <span class='ocrx_word' id='word_1_401' title='bbox 454 3553 616 3627; x_wconf 83' lang='lat' dir='ltr'><strong>dictamine,</strong></span> <span class='ocrx_word' id='word_1_402' title='bbox 630 3571 694 3629; x_wconf 84' lang='lat' dir='ltr'><strong>ques</strong></span> <span class='ocrx_word' id='word_1_403' title='bbox 707 3551 838 3628; x_wconf 85' lang='lat' dir='ltr'><strong>proxime</strong></span> <span class='ocrx_word' id='word_1_404' title='bbox 853 3550 1028 3628; x_wconf 83' lang='lat' dir='ltr'><strong>colliguntur</strong></span> <span class='ocrx_word' id='word_1_405' title='bbox 1041 3571 1079 3610; x_wconf 85' lang='lat' dir='ltr'><strong>ex</strong></span> <span class='ocrx_word' id='word_1_406' title='bbox 1092 3553 1249 3630; x_wconf 82' lang='lat' dir='ltr'><strong>principiis,</strong></span> <span class='ocrx_word' id='word_1_407' title='bbox 1265 3560 1295 3611; x_wconf 87' lang='lat' dir='ltr'><strong>et</strong></span> <span class='ocrx_word' id='word_1_408' title='bbox 1308 3552 1349 3610; x_wconf 81' lang='lat' dir='ltr'><strong>Ie·</strong></span> 
     </span>
     <span class='ocr_line' id='line_1_41' title="bbox 145 3632 1349 3711; baseline -0.001 -19"><span class='ocrx_word' id='word_1_409' title='bbox 145 3634 200 3693; x_wconf 89' lang='lat' dir='ltr'><strong>cile</strong></span> <span class='ocrx_word' id='word_1_410' title='bbox 224 3635 257 3692; x_wconf 86' lang='lat' dir='ltr'><strong>ln</strong></span> <span class='ocrx_word' id='word_1_411' title='bbox 271 3633 466 3711; x_wconf 88' lang='lat' dir='ltr'><strong>cognitionem</strong></span> <span class='ocrx_word' id='word_1_412' title='bbox 481 3633 611 3707; x_wconf 89' lang='lat' dir='ltr'><strong>veniunt,</strong></span> <span class='ocrx_word' id='word_1_413' title='bbox 627 3632 676 3690; x_wconf 83' lang='lat' dir='ltr'><strong>vel</strong></span> <span class='ocrx_word' id='word_1_414' title='bbox 689 3632 822 3690; x_wconf 71' lang='lat' dir='ltr'><strong>necnec</strong></span> <span class='ocrx_word' id='word_1_415' title='bbox 836 3640 865 3690; x_wconf 89' lang='lat' dir='ltr'><strong>et</strong></span> <span class='ocrx_word' id='word_1_416' title='bbox 886 3633 1056 3706; x_wconf 76' lang='lat' dir='ltr'><strong>remotiores,</strong></span> <span class='ocrx_word' id='word_1_417' title='bbox 1072 3652 1137 3710; x_wconf 84' lang='lat' dir='ltr'><strong>quse</strong></span> <span class='ocrx_word' id='word_1_418' title='bbox 1151 3653 1202 3710; x_wconf 88' lang='lat' dir='ltr'><strong>per</strong></span> <span class='ocrx_word' id='word_1_419' title='bbox 1215 3632 1349 3691; x_wconf 89' lang='lat' dir='ltr'><strong>remotio-</strong></span> 
     </span>
     <span class='ocr_line' id='line_1_42' title="bbox 144 3710 1350 3790; baseline -0.002 -18"><span class='ocrx_word' id='word_1_420' title='bbox 144 3733 205 3773; x_wconf 88' lang='lat' dir='ltr'><strong>rem</strong></span> <span class='ocrx_word' id='word_1_421' title='bbox 220 3713 466 3790; x_wconf 85' lang='lat' dir='ltr'><strong>consequentiam,</strong></span> <span class='ocrx_word' id='word_1_422' title='bbox 477 3721 506 3771; x_wconf 89' lang='lat' dir='ltr'><strong>et</strong></span> <span class='ocrx_word' id='word_1_423' title='bbox 519 3712 622 3789; x_wconf 81' lang='lat' dir='ltr'><strong>majori</strong></span> <span class='ocrx_word' id='word_1_424' title='bbox 632 3731 697 3770; x_wconf 86' lang='lat' dir='ltr'><strong>cum</strong></span> <span class='ocrx_word' id='word_1_425' title='bbox 709 3710 876 3770; x_wconf 84' lang='lat' dir='ltr'><strong>difficultate</strong></span> <span class='ocrx_word' id='word_1_426' title='bbox 886 3731 924 3770; x_wconf 86' lang='lat' dir='ltr'><strong>ex</strong></span> <span class='ocrx_word' id='word_1_427' title='bbox 932 3711 1081 3788; x_wconf 87' lang='lat' dir='ltr'><strong>principiis</strong></span> <span class='ocrx_word' id='word_1_428' title='bbox 1092 3713 1262 3771; x_wconf 86' lang='lat' dir='ltr'><strong>inferuntur.</strong></span> <span class='ocrx_word' id='word_1_429' title='bbox 1286 3711 1350 3770; x_wconf 82' lang='lat' dir='ltr'><strong>Illas</strong></span> 
     </span>
     <span class='ocr_line' id='line_1_43' title="bbox 144 3791 1350 3869; baseline 0 -19"><span class='ocrx_word' id='word_1_430' title='bbox 144 3794 266 3867; x_wconf 74' lang='lat' dir='ltr'><strong>nnllam,</strong></span> <span class='ocrx_word' id='word_1_431' title='bbox 282 3793 352 3851; x_wconf 79' lang='lat' dir='ltr'><strong>Iste</strong></span> <span class='ocrx_word' id='word_1_432' title='bbox 373 3812 431 3851; x_wconf 90' lang='lat' dir='ltr'><strong>non</strong></span> <span class='ocrx_word' id='word_1_433' title='bbox 452 3791 590 3869; x_wconf 82' lang='lat' dir='ltr'><strong>exiguam</strong></span> <span class='ocrx_word' id='word_1_434' title='bbox 610 3791 640 3849; x_wconf 92' lang='lat' dir='ltr'><strong>in</strong></span> <span class='ocrx_word' id='word_1_435' title='bbox 660 3798 794 3868; x_wconf 82' lang='lat' dir='ltr'><strong>corrupte</strong></span> <span class='ocrx_word' id='word_1_436' title='bbox 812 3791 868 3849; x_wconf 89' lang='lat' dir='ltr'><strong>hae</strong></span> <span class='ocrx_word' id='word_1_437' title='bbox 881 3799 984 3849; x_wconf 82' lang='lat' dir='ltr'><strong>nutura</strong></span> <span class='ocrx_word' id='word_1_438' title='bbox 1002 3791 1170 3850; x_wconf 85' lang='lat' dir='ltr'><strong>varietatem</strong></span> <span class='ocrx_word' id='word_1_439' title='bbox 1185 3791 1350 3850; x_wconf 88' lang='lat' dir='ltr'><strong>admittunt.</strong></span> 
     </span>
     <span class='ocr_line' id='line_1_44' title="bbox 146 3869 1352 3948; baseline -0.002 -16"><span class='ocrx_word' id='word_1_440' title='bbox 146 3873 289 3948; x_wconf 83' lang='lat' dir='ltr'><strong>Quemvis</strong></span> <span class='ocrx_word' id='word_1_441' title='bbox 302 3891 373 3931; x_wconf 87' lang='lat' dir='ltr'><strong>vero</strong></span> <span class='ocrx_word' id='word_1_442' title='bbox 387 3872 418 3930; x_wconf 89' lang='lat' dir='ltr'><strong>in</strong></span> <span class='ocrx_word' id='word_1_443' title='bbox 431 3872 496 3931; x_wconf 82' lang='lat' dir='ltr'><strong>istIs</strong></span> <span class='ocrx_word' id='word_1_444' title='bbox 510 3869 744 3930; x_wconf 84' lang='lat' dir='ltr'><strong>conclusionibus</strong></span> <span class='ocrx_word' id='word_1_445' title='bbox 763 3889 822 3928; x_wconf 94' lang='lat' dir='ltr'><strong>non</strong></span> <span class='ocrx_word' id='word_1_446' title='bbox 835 3889 893 3929; x_wconf 90' lang='lat' dir='ltr'><strong>nno</strong></span> <span class='ocrx_word' id='word_1_447' title='bbox 907 3871 993 3930; x_wconf 91' lang='lat' dir='ltr'><strong>modo</strong></span> <span class='ocrx_word' id='word_1_448' title='bbox 1013 3879 1146 3948; x_wconf 85' lang='lat' dir='ltr'><strong>corrupta</strong></span> <span class='ocrx_word' id='word_1_449' title='bbox 1159 3870 1197 3929; x_wconf 88' lang='lat' dir='ltr'><strong>sit</strong></span> <span class='ocrx_word' id='word_1_450' title='bbox 1212 3869 1275 3928; x_wconf 86' lang='lat' dir='ltr'><strong>Lex</strong></span> <span class='ocrx_word' id='word_1_451' title='bbox 1295 3870 1352 3929; x_wconf 85' lang='lat' dir='ltr'><strong>iste</strong></span> 
     </span>
     <span class='ocr_line' id='line_1_45' title="bbox 145 3949 1352 4031; baseline -0.004 -18"><span class='ocrx_word' id='word_1_452' title='bbox 145 3961 212 4030; x_wconf 84' lang='lat' dir='ltr'><strong>post</strong></span> <span class='ocrx_word' id='word_1_453' title='bbox 225 3960 387 4031; x_wconf 86' lang='lat' dir='ltr'><strong>peccatum,</strong></span> <span class='ocrx_word' id='word_1_454' title='bbox 403 3963 465 4012; x_wconf 89' lang='lat' dir='ltr'><strong>tum</strong></span> <span class='ocrx_word' id='word_1_455' title='bbox 479 3952 579 4010; x_wconf 80' lang='lat' dir='ltr'><strong>nativa</strong></span> <span class='ocrx_word' id='word_1_456' title='bbox 592 3951 783 4028; x_wconf 91' lang='lat' dir='ltr'><strong>corruptione,</strong></span> <span class='ocrx_word' id='word_1_457' title='bbox 796 3958 857 4009; x_wconf 88' lang='lat' dir='ltr'><strong>tum</strong></span> <span class='ocrx_word' id='word_1_458' title='bbox 871 3969 961 4027; x_wconf 83' lang='lat' dir='ltr'><strong>prave</strong></span> <span class='ocrx_word' id='word_1_459' title='bbox 975 3949 1154 4026; x_wconf 87' lang='lat' dir='ltr'><strong>educatione,</strong></span> <span class='ocrx_word' id='word_1_460' title='bbox 1171 3958 1232 4007; x_wconf 92' lang='lat' dir='ltr'><strong>tum</strong></span> <span class='ocrx_word' id='word_1_461' title='bbox 1245 3949 1352 4008; x_wconf 80' lang='lat' dir='ltr'><strong>vitiose</strong></span> 
     </span>
     <span class='ocr_line' id='line_1_46' title="bbox 147 4023 1350 4109; baseline -0.002 -17"><span class='ocrx_word' id='word_1_462' title='bbox 147 4033 366 4106; x_wconf 87' lang='lat' dir='ltr'><strong>consuetudine,</strong></span> <span class='ocrx_word' id='word_1_463' title='bbox 382 4051 434 4108; x_wconf 89' lang='lat' dir='ltr'><strong>per</strong></span> <span class='ocrx_word' id='word_1_464' title='bbox 447 4051 534 4109; x_wconf 87' lang='lat' dir='ltr'><strong>quam</strong></span> <span class='ocrx_word' id='word_1_465' title='bbox 548 4031 621 4090; x_wconf 81' lang='lat' dir='ltr'><strong>vitis</strong></span> <span class='ocrx_word' id='word_1_466' title='bbox 634 4039 663 4089; x_wconf 89' lang='lat' dir='ltr'><strong>et</strong></span> <span class='ocrx_word' id='word_1_467' title='bbox 678 4029 798 4088; x_wconf 87' lang='lat' dir='ltr'><strong>crimina</strong></span> <span class='ocrx_word' id='word_1_468' title='bbox 810 4029 977 4106; x_wconf 84' lang='lat' dir='ltr'><strong>turpissima</strong></span> <span class='ocrx_word' id='word_1_469' title='bbox 990 4048 1197 4106; x_wconf 80' lang='lat' dir='ltr'><strong>nonnunquam</strong></span> <span class='ocrx_word' id='word_1_470' title='bbox 1211 4023 1350 4089; x_wconf 74' lang='lat' dir='ltr'><strong>virtutum</strong></span> 
     </span>
     <span class='ocr_line' id='line_1_47' title="bbox 148 4108 1351 4188; baseline -0.002 -18"><span class='ocrx_word' id='word_1_471' title='bbox 148 4114 262 4172; x_wconf 88' lang='lat' dir='ltr'><strong>nominc</strong></span> <span class='ocrx_word' id='word_1_472' title='bbox 276 4112 432 4188; x_wconf 87' lang='lat' dir='ltr'><strong>donantur,</strong></span> <span class='ocrx_word' id='word_1_473' title='bbox 447 4119 478 4170; x_wconf 89' lang='lat' dir='ltr'><strong>ct</strong></span> <span class='ocrx_word' id='word_1_474' title='bbox 489 4111 606 4170; x_wconf 85' lang='lat' dir='ltr'><strong>leudem</strong></span> <span class='ocrx_word' id='word_1_475' title='bbox 620 4109 760 4185; x_wconf 86' lang='lat' dir='ltr'><strong>obtinent,</strong></span> <span class='ocrx_word' id='word_1_476' title='bbox 776 4109 854 4186; x_wconf 89' lang='lat' dir='ltr'><strong>quod</strong></span> <span class='ocrx_word' id='word_1_477' title='bbox 875 4108 1064 4185; x_wconf 79' lang='lat' dir='ltr'><strong>iniquissimae</strong></span> <span class='ocrx_word' id='word_1_478' title='bbox 1078 4109 1255 4186; x_wconf 79' lang='lat' dir='ltr'><strong>quarundam</strong></span> <span class='ocrx_word' id='word_1_479' title='bbox 1273 4109 1351 4169; x_wconf 83' lang='lat' dir='ltr'><strong>Gen-</strong></span> 
     </span>
     <span class='ocr_line' id='line_1_48' title="bbox 147 4188 1353 4270; baseline -0.003 -18"><span class='ocrx_word' id='word_1_480' title='bbox 147 4193 219 4252; x_wconf 84' lang='lat' dir='ltr'><strong>tium</strong></span> <span class='ocrx_word' id='word_1_481' title='bbox 234 4193 333 4270; x_wconf 85' lang='lat' dir='ltr'><strong>Leges</strong></span> <span class='ocrx_word' id='word_1_482' title='bbox 347 4200 377 4250; x_wconf 81' lang='lat' dir='ltr'><strong>et</strong></span> <span class='ocrx_word' id='word_1_483' title='bbox 391 4191 491 4250; x_wconf 85' lang='lat' dir='ltr'><strong>Mores</strong></span> <span class='ocrx_word' id='word_1_484' title='bbox 504 4189 714 4266; x_wconf 89' lang='lat' dir='ltr'><strong>corruptissimi</strong></span> <span class='ocrx_word' id='word_1_485' title='bbox 734 4188 895 4248; x_wconf 89' lang='lat' dir='ltr'><strong>luculenter</strong></span> <span class='ocrx_word' id='word_1_486' title='bbox 908 4196 1070 4266; x_wconf 81' lang='lat' dir='ltr'><strong>testentur3</strong></span> <span class='ocrx_word' id='word_1_487' title='bbox 1097 4189 1164 4247; x_wconf 92' lang='lat' dir='ltr'><strong>Hoc</strong></span> <span class='ocrx_word' id='word_1_488' title='bbox 1184 4209 1242 4247; x_wconf 87' lang='lat' dir='ltr'><strong>non</strong></span> <span class='ocrx_word' id='word_1_489' title='bbox 1257 4190 1353 4248; x_wconf 86' lang='lat' dir='ltr'><strong>obstat</strong></span> 
     </span>
     <span class='ocr_line' id='line_1_49' title="bbox 146 4267 1354 4349; baseline -0.007 -16"><span class='ocrx_word' id='word_1_490' title='bbox 146 4281 242 4333; x_wconf 85' lang='lat' dir='ltr'><strong>tamen</strong></span> <span class='ocrx_word' id='word_1_491' title='bbox 265 4271 424 4349; x_wconf 84' lang='lat' dir='ltr'><strong>quominus</strong></span> <span class='ocrx_word' id='word_1_492' title='bbox 445 4270 546 4329; x_wconf 89' lang='lat' dir='ltr'><strong>eadem</strong></span> <span class='ocrx_word' id='word_1_493' title='bbox 569 4288 682 4346; x_wconf 87' lang='lat' dir='ltr'><strong>semper</strong></span> <span class='ocrx_word' id='word_1_494' title='bbox 703 4277 818 4326; x_wconf 86' lang='lat' dir='ltr'><strong>muneet</strong></span> <span class='ocrx_word' id='word_1_495' title='bbox 840 4267 917 4345; x_wconf 91' lang='lat' dir='ltr'><strong>apud</strong></span> <span class='ocrx_word' id='word_1_496' title='bbox 941 4287 1049 4344; x_wconf 87' lang='lat' dir='ltr'><strong>omnes,</strong></span> <span class='ocrx_word' id='word_1_497' title='bbox 1071 4267 1169 4346; x_wconf 85' lang='lat' dir='ltr'><strong>quoad</strong></span> <span class='ocrx_word' id='word_1_498' title='bbox 1187 4270 1283 4346; x_wconf 87' lang='lat' dir='ltr'><strong>prima</strong></span> <span class='ocrx_word' id='word_1_499' title='bbox 1301 4287 1354 4326; x_wconf 86' lang='lat' dir='ltr'><strong>sua</strong></span> 
     </span>
     <span class='ocr_line' id='line_1_50' title="bbox 146 4347 997 4431; baseline -0.008 -18"><span class='ocrx_word' id='word_1_500' title='bbox 146 4353 297 4431; x_wconf 84' lang='lat' dir='ltr'><strong>principie,</strong></span> <span class='ocrx_word' id='word_1_501' title='bbox 313 4359 345 4410; x_wconf 84' lang='lat' dir='ltr'><strong>et</strong></span> <span class='ocrx_word' id='word_1_502' title='bbox 357 4350 540 4409; x_wconf 79' lang='lat' dir='ltr'><strong>immediatos</strong></span> <span class='ocrx_word' id='word_1_503' title='bbox 554 4347 754 4407; x_wconf 89' lang='lat' dir='ltr'><strong>conclusiones</strong></span> <span class='ocrx_word' id='word_1_504' title='bbox 768 4347 835 4406; x_wconf 90' lang='lat' dir='ltr'><strong>inde</strong></span> <span class='ocrx_word' id='word_1_505' title='bbox 849 4347 997 4407; x_wconf 79' lang='lat' dir='ltr'><strong>deductas.</strong></span> 
     </span>
    </p>

    <p class='ocr_par' dir='ltr' id='par_1_17' title="bbox 144 4425 1354 4664">
     <span class='ocr_line' id='line_1_51' title="bbox 144 4425 1352 4539; baseline -0.003 -53"><span class='ocrx_word' id='word_1_506' title='bbox 144 4467 203 4514; x_wconf 65' lang='lat' dir='ltr'><strong>Dm.</strong></span> <span class='ocrx_word' id='word_1_507' title='bbox 214 4469 308 4528; x_wconf 74' lang='lat'><strong>1¹⁰80¹¹¹</strong></span> <span class='ocrx_word' id='word_1_508' title='bbox 320 4467 393 4511; x_wconf 75' lang='lat' dir='ltr'><strong>natu·</strong></span> <span class='ocrx_word' id='word_1_509' title='bbox 455 4429 533 4488; x_wconf 87' lang='lat' dir='ltr'>XII.</span> <span class='ocrx_word' id='word_1_510' title='bbox 555 4427 656 4521; x_wconf 76' lang='lat' dir='ltr'><strong>Talem</strong></span> <span class='ocrx_word' id='word_1_511' title='bbox 671 4435 767 4486; x_wconf 87' lang='lat' dir='ltr'><strong>autem</strong></span> <span class='ocrx_word' id='word_1_512' title='bbox 781 4425 843 4485; x_wconf 87' lang='lat' dir='ltr'><strong>duri</strong></span> <span class='ocrx_word' id='word_1_513' title='bbox 865 4427 975 4520; x_wconf 76' lang='lat' dir='ltr'><strong>Legem</strong></span> <span class='ocrx_word' id='word_1_514' title='bbox 992 4427 1156 4539; x_wconf 65' lang='lat' dir='ltr'><strong>qqturalem</strong></span> <span class='ocrx_word' id='word_1_515' title='bbox 1175 4425 1268 4482; x_wconf 87' lang='lat' dir='ltr'><strong>multa</strong></span> <span class='ocrx_word' id='word_1_516' title='bbox 1288 4441 1352 4496; x_wconf 81' lang='lat' dir='ltr'><strong>pro-</strong></span> 
     </span>
     <span class='ocr_line' id='line_1_52' title="bbox 168 4501 1354 4664; baseline 0 -30"><span class='ocrx_word' id='word_1_517' title='bbox 168 4527 394 4642; x_wconf 57' lang='lat' dir='ltr'><strong>micent</strong></span> <span class='ocrx_word' id='word_1_518' title='bbox 414 4507 1025 4664; x_wconf 63' lang='lat' dir='ltr'><strong>le‘nttsttu.n2.inrnn.,</strong></span> <span class='ocrx_word' id='word_1_519' title='bbox 1040 4507 1229 4654; x_wconf 60' lang='lat' dir='ltr'><strong>iiiiii?</strong></span> <span class='ocrx_word' id='word_1_520' title='bbox 1239 4501 1354 4635; x_wconf 67' lang='lat' dir='ltr'><strong>„ten</strong></span> 
     </span>
    </p>

    <p class='ocr_par' dir='ltr' id='par_1_18' title="bbox 138 4653 1355 4745">
     <span class='ocr_line' id='line_1_53' title="bbox 138 4653 1355 4745; baseline -0.012 -14"><span class='ocrx_word' id='word_1_521' title='bbox 138 4671 206 4733; x_wconf 84' lang='lat' dir='ltr'><strong>liter</strong></span> <span class='ocrx_word' id='word_1_522' title='bbox 226 4671 328 4730; x_wconf 83' lang='lat' dir='ltr'><strong>facere</strong></span> <span class='ocrx_word' id='word_1_523' title='bbox 351 4686 418 4744; x_wconf 78' lang='lat' dir='ltr'><strong>qnae</strong></span> <span class='ocrx_word' id='word_1_524' title='bbox 439 4676 505 4727; x_wconf 88' lang='lat' dir='ltr'><strong>snut</strong></span> <span class='ocrx_word' id='word_1_525' title='bbox 524 4667 622 4745; x_wconf 89' lang='lat' dir='ltr'><strong>Legis,</strong></span> <span class='ocrx_word' id='word_1_526' title='bbox 643 4673 754 4726; x_wconf 84' lang='lat' dir='ltr'><strong>stesso</strong></span> <span class='ocrx_word' id='word_1_527' title='bbox 777 4666 833 4725; x_wconf 88' lang='lat' dir='ltr'><strong>sibi</strong></span> <span class='ocrx_word' id='word_1_528' title='bbox 852 4667 969 4743; x_wconf 86' lang='lat' dir='ltr'><strong>Legem,</strong></span> <span class='ocrx_word' id='word_1_529' title='bbox 993 4670 1093 4738; x_wconf 87' lang='lat' dir='ltr'><strong>utpote</strong></span> <span class='ocrx_word' id='word_1_530' title='bbox 1113 4679 1180 4736; x_wconf 75' lang='lat' dir='ltr'><strong>qun</strong></span> <span class='ocrx_word' id='word_1_531' title='bbox 1199 4653 1355 4716; x_wconf 87' lang='lat' dir='ltr'><strong>ostendunt</strong></span> 
     </span>
    </p>
   </div>
   <div class='ocr_carea' id='block_1_3' title="bbox 138 1760 385 1809">
    <p class='ocr_par' dir='ltr' id='par_1_19' title="bbox 138 1760 385 1809">
     <span class='ocr_line' id='line_1_54' title="bbox 138 1760 385 1809; baseline 0 -2"><span class='ocrx_word' id='word_1_532' title='bbox 138 1761 186 1807; x_wconf 79' lang='lat' dir='ltr'><strong>Sed</strong></span> <span class='ocrx_word' id='word_1_533' title='bbox 193 1760 385 1809; x_wconf 65' lang='lat' dir='ltr'><strong>aturensium.</strong></span> 
     </span>
    </p>
   </div>
   <div class='ocr_carea' id='block_1_4' title="bbox 0 0 1568 5198">
    <p class='ocr_par' dir='ltr' id='par_1_20' title="bbox 0 0 1568 5198">
     <span class='ocr_line' id='line_1_55' title="bbox 0 0 1568 5198; baseline 0 0"><span class='ocrx_word' id='word_1_534' title='bbox 0 0 1568 5198; x_wconf 95' lang='lat' dir='ltr'><strong> </strong></span> 
     </span>
    </p>
   </div>
  </div>
 </body>
</html>
