3152 5198
127 377 240 425 Qunsr.
256 354 301 436 v.]
570 375 608 412 nn
624 372 895 412 ssscrrruurroxn
1281 358 1336 412 631

432 514 508 574 XII.
532 515 673 574 Caenrum
688 513 756 591 quia
772 513 951 571 communior
965 512 1180 572 Pontificiorum
1196 514 1338 572 sententia

389 613 423 652 ea
437 603 489 669 est,
514 614 601 671 quom
626 593 820 653 Bellarminus
845 593 981 670 sequitur,
997 594 1048 669 qui
1071 593 1204 652 meritum
1219 613 1337 670 operum

390 675 491 733 astruit
505 675 609 751 partim
623 695 660 732 ex
675 682 767 751 pacto,
783 673 886 750 partim
908 693 945 731 ex
966 673 1121 732 intrinseco
1135 675 1229 750 operis
1243 673 1337 750 digni-

127 761 195 830 tate,
212 753 352 812 adversus
366 773 429 812 eam
443 754 624 831 disputaturi,
643 755 753 812 Statum
771 753 943 828 Quaestionis
954 761 1020 812 ante
1032 753 1128 811 omnia
1142 753 1279 812 debemus
1294 754 1337 811 in·

128 834 282 911 vestigare.
326 834 391 891 Non
405 835 550 910 quaeritur,
569 837 595 892 l.
619 833 667 892 An
682 834 757 891 bona
771 853 858 910 opera
879 840 961 910 grata
975 833 1033 891 sint
1047 841 1075 890 ct
1089 842 1207 908 accepte
1223 834 1293 908 Deo,
1310 844 1339 892 et

129 913 290 973 mercedem
305 914 373 971 vitea
388 933 405 971 a
420 914 482 971 Deo
504 916 740 990 consequantur?
769 913 835 970 Hoc
856 913 932 971 enim
948 912 1132 970 Adversariis
1147 913 1222 971 ultro
1237 933 1338 972 conce·

130 992 233 1068 dimus,
249 992 334 1052 modo
349 1011 461 1052 merces
476 995 609 1070 gratuita,
625 1013 684 1051 non
704 993 803 1051 debita
825 993 1012 1070 intelligatur.
1055 997 1083 1050 2.
1106 992 1172 1050 Non
1191 993 1338 1069 quaeritur,

153 583 241 626 Status
254 581 340 632 Quaes-

206 642 288 685 tionis.

130 1073 179 1130 An
194 1072 278 1132 liceat
293 1073 405 1149 operari
422 1073 527 1131 intuitu
549 1073 715 1132 mercedis?
744 1073 809 1130 l‘loe
832 1072 907 1130 enim
930 1092 988 1130 non
1011 1070 1165 1130 diffitemur
1180 1071 1240 1130 lieri
1275 1093 1338 1130 osse

130 1152 239 1229 duplici
253 1152 382 1210 adhibita
396 1154 537 1212 cautione.
581 1154 686 1226 Primo,
702 1162 734 1210 ut
749 1152 786 1210 sit
800 1152 920 1210 intuitus
935 1151 1075 1210 mercedis
1089 1160 1121 1210 ut
1135 1093 1338 1229 g„„„„lp,.ae,

130 1231 189 1307 mii,
205 1251 263 1290 non
277 1251 346 1290 vcro
360 1242 393 1290 ut
406 1231 498 1292 debiti
510 1233 603 1309 pretii.
648 1231 789 1304 Secundo,
805 1239 908 1290 utnon
930 1239 1074 1307 spectetur
1089 1231 1158 1306 sola,
1175 1232 1222 1289 vel
1237 1233 1340 1308 prima·

130 1312 175 1369 rio
189 1321 218 1369 et
232 1312 435 1389 principaliter,
452 1312 503 1371 sed
517 1313 612 1371 minus
627 1312 823 1389 principaliter
837 1319 866 1369 et
877 1310 1046 1368 secundario
1058 1319 1123 1387 post
1137 1311 1258 1388 gloriam
1276 1313 1339 1386 Dei,

132 1411 197 1468 quse
212 1392 259 1450 hio
273 1400 339 1450 ante
353 1393 450 1450 omnia
464 1413 481 1450 s
494 1393 578 1450 nobis
593 1391 748 1469 spectanda
762 1400 814 1448 est.

176 1471 271 1529 XIII.
294 1475 321 1529 3.
344 1471 410 1530 Non
424 1473 570 1548 quaeritur,
588 1474 636 1528 An
651 1491 737 1548 opere
746 1471 871 1528 habeant
884 1469 1010 1546 aliquam
1024 1469 1192 1528 relationem
1204 1469 1341 1530 advitam

134 1554 294 1610 aternam?
314 1559 351 1626 et,
369 1550 418 1609 An
432 1550 516 1609 detur
530 1552 627 1628 aliqua
648 1550 849 1609 convenientia
869 1557 898 1608 et
918 1550 1065 1626 proportio
1080 1549 1154 1606 iuter
1168 1550 1243 1608 bona
1258 1569 1344 1627 opera

135 1639 165 1690 ct
178 1631 268 1688 vitam
280 1633 440 1689 aetemam?
482 1633 618 1691 Fetcmur
632 1632 708 1690 enim
723 1631 785 1688 dari
798 1630 965 1688 relationem
980 1629 1089 1686 ordinis
1103 1635 1132 1687 et
1146 1629 1342 1705 connexionis,

136 1710 230 1788 qualis
245 1720 288 1768 est
302 1711 517 1770 intermedium
538 1711 575 1769 ad
595 1711 690 1786 finem,
706 1711 762 1768 viae
783 1709 820 1767 ad
840 1719 955 1785 metam,
971 1708 1135 1767 certaminis
1149 1708 1185 1766 ad
1200 1729 1345 1786 corciram,

135 1789 332 1850 antecedentis
346 1791 382 1849 ad
397 1811 594 1868 consequens;
618 1792 657 1850 Et
667 1789 731 1849 dari
741 1789 971 1848 convenientiam
986 1798 1015 1847 et
1027 1789 1239 1864 proportionem
1255 1789 1346 1848 veluti

137 1871 213 1929 inter
225 1890 271 1928 res
283 1871 413 1947 ejusdem
428 1871 546 1946 ordinis,
562 1871 656 1948 qualis
679 1880 723 1928 est
748 1870 822 1934 iuter
844 1877 1001 1927 sementem
1016 1879 1043 1926 ct
1059 1887 1189 1942 messem,
1205 1869 1347 1945 primitias

138 1959 167 2007 et
181 1969 313 2024 massam,
329 1951 441 2009 initium
457 1953 499 2009 rei
519 1961 548 2010 et
569 1953 632 2028 ejus
654 1951 903 2027 complementum.
929 1948 986 2006 Sed
998 1949 1143 2024 quaeritur,
1160 1948 1209 2005 An
1222 1949 1348 2007 habeant

137 2029 304 2088 relationem
315 2051 410 2088 causae
423 2031 537 2107 proprie
549 2031 653 2089 dietae?
667 2039 696 2088 et
711 2034 760 2086 An
769 2029 853 2088 detur
866 2029 941 2086 inter
955 2047 989 2084 ea
1001 2027 1148 2105 proportio
1163 2028 1345 2105 aequalitatis,

139 2117 168 2167 et
182 2110 491 2168 commensurationis?
513 2111 597 2183 Quod
611 2129 759 2185 negamus.

183 2188 273 2247 XIV.
296 2193 324 2248 4.
347 2191 412 2247 Non
428 2191 574 2266 quaeritur,
592 2191 640 2247 An
658 2192 736 2246 lJous
751 2188 855 2245 debeat
869 2207 904 2242 cx
921 2195 1004 2263 pecto
1019 2185 1179 2244 mercedem
1193 2184 1349 2263 rependere

140 2268 225 2326 bonis
239 2270 398 2346 operibus?
439 2270 505 2327 Non
519 2290 659 2346 negamus
682 2269 758 2326 enim
774 2268 866 2324 Deum
883 2287 919 2323 ex
942 2285 1000 2342 quo
1021 2265 1241 2342 promissionem
1260 2265 1349 2339 dedit,

141 2350 302 2407 necessario
325 2349 362 2408 ad
384 2369 446 2408 enm
470 2350 644 2425 implendam
669 2347 767 2418 tencrl,
785 2358 812 2403 ct
828 2347 868 2403 sic
883 2346 1042 2404 debitorem
1056 2344 1276 2421 quodammode,
1293 2364 1351 2402 non

142 2428 234 2503 nobis,
251 2429 301 2486 sed
312 2429 376 2502 sibi,
389 2437 418 2487 et
429 2449 487 2486 sure
500 2430 631 2487 fidelitati
643 2428 713 2486 fieri.
757 2426 815 2484 Sed
825 2426 971 2501 quaeritur,
984 2425 1032 2482 Au
1044 2445 1131 2502 opera
1145 2444 1182 2482 cx
1196 2425 1351 2483 intrinseco

142 2507 241 2565 valore
255 2516 284 2566 et
298 2507 438 2586 dignitate
455 2508 602 2585 praemium
618 2529 635 2565 a
650 2509 713 2566 Deo
738 2505 910 2582 promissum
932 2513 1096 2563 mereantur
1110 2513 1139 2563 et
1153 2504 1310 2577 obtineant,
1323 2512 1352 2561 et

142 2588 225 2664 quus
247 2588 276 2644 vi
300 2588 390 2665 ipsam
415 2590 535 2647 salutem
559 2588 617 2646 diei
641 2586 753 2665 possint
774 2585 908 2644 efficere?
928 2584 1082 2642 Affirmant
1097 2583 1275 2657 Adversarii,
1293 2583 1353 2640 Nos

142 2686 178 2724 nc
201 2687 290 2726 amus.

180 2687 269 2806 gXV.
298 2747 467 2806 Adversarii
501 2757 626 2805 mentem
657 2765 738 2804 suam
772 2744 813 2802 sic
838 2744 1004 2820 explicant:
1035 2742 1170 2818 Vosquez
1201 2741 1231 2798 in
1263 2743 1289 2799 l.
1318 2745 1353 2798 2·

143 2826 224 2885 Tem.
241 2828 269 2886 ii.
283 2829 365 2904 Disp.
388 2827 455 2902 214,
474 2831 490 2859 “
504 2828 557 2886 Est
567 2825 721 2886 Catholicae
732 2824 869 2882 doctrinm
880 2823 974 2898 magis
988 2828 1219 2896 consentaneum,
1230 2820 1354 2897 primum

145 2906 272 2964 valorem
287 2917 315 2966 et
338 2907 508 2983 dignitatem
524 2908 591 2965 vitae
615 2915 729 2964 netemae
751 2905 860 2980 absque
883 2902 942 2960 ullo
965 2909 1049 2977 pacto
1064 2911 1092 2958 et
1107 2899 1205 2958 favore
1220 2901 1354 2976 operibus

143 2987 287 3064 justorum
296 2987 517 3046 adscribendum
528 3007 591 3045 csse
602 2987 628 3060 ;''
646 2986 684 3042 Et
697 2984 783 3061 paulo
798 2992 863 3059 post
873 2981 999 3058 subjicit,
1017 2979 1187 3056 “Operibus
1202 2979 1223 3036 J
1226 2988 1360 3037 ustorum

147 3064 256 3123 nullam
271 3067 461 3125 accessionem
478 3066 628 3142 dignitatis
642 3064 793 3142 provenire
808 3083 846 3121 ex
855 3061 965 3119 meritis
982 3059 1089 3118 Christi
1100 3067 1149 3116 aut
1160 3078 1197 3115 ex
1208 3061 1271 3135 ejus
1288 3059 1355 3116 Per-

148 3147 248 3202 sona.'’
291 3147 426 3204 Bellarm.
441 3147 492 3204 lib.
508 3166 535 3204 v.
551 3145 587 3204 de
605 3146 625 3204 J
629 3144 731 3203 ustifio.
754 3162 816 3219 cap.
832 3145 859 3216 3,
887 3143 904 3174 “
917 3140 1014 3216 Magis
1028 3137 1217 3197 honorificum
1235 3148 1280 3196 est
1305 3138 1352 3195 ha·

147 3225 215 3282 bere
230 3225 339 3302 aliquid
353 3247 389 3285 ex
404 3227 514 3299 merito,
531 3245 616 3302 quam
638 3245 676 3281 ex
697 3224 759 3282 sola
780 3221 961 3293 donatione,''
978 3229 1007 3277 et
1020 3239 1082 3295 cap.
1100 3221 1145 3288 l'l,
1161 3226 1190 3275 et
1207 3219 1252 3288 18,
1268 3235 1356 3275 ausus

148 3312 193 3363 est
207 3307 394 3381 pronunciare
407 3306 499 3364 Deum
512 3325 575 3363 esse
586 3305 744 3362 debitorem
757 3301 865 3359 homiui
875 3310 904 3360 et
918 3299 1084 3370 obnoxium,
1102 3297 1198 3354 “Non
1212 3316 1249 3354 ex
1264 3296 1356 3371 sola,”

147 3383 251 3460 inquit,
269 3387 286 3419 “
297 3386 494 3462 promissione,
510 3384 661 3443 sedetiam
677 3403 713 3441 cx
728 3401 814 3459 opere
828 3389 926 3439 nostro
942 3380 1022 3436 Deus
1036 3377 1157 3436 eflicitur
1170 3376 1311 3434 debitor.''

149 3503 253 3548 Nullum
262 3505 390 3550 dmm,
452 3465 542 3522 XVI.
572 3464 630 3523 Sed
652 3463 804 3539 superbam
832 3461 906 3518 hauc
929 3468 958 3517 et
981 3457 1174 3515 Pharisalcam
1199 3455 1358 3514 doctrinam

181 3567 234 3608 tum
275 3563 390 3620 condigni
413 3545 561 3621 Scriptura
574 3563 632 3600 non
647 3543 736 3600 semel
750 3541 932 3599 anathemate
943 3537 1074 3614 pereutit.
1119 3540 1145 3594 l.
1169 3535 1291 3612 Aperte
1302 3536 1361 3594 Dei

180 3623 316 3682 probatur:
329 3621 348 3665 1.
363 3625 385 3666 Α
407 3625 493 3683 vitem
506 3624 607 3681 dantis.
651 3623 746 3696 Quum
760 3621 849 3679 vitam
872 3627 1007 3677 aeternam
1028 3625 1114 3676 vocat
1128 3617 1236 3674 donum
1251 3615 1315 3690 Dei,
1331 3624 1360 3672 et

180 3681 309 3785 l'ss‘ffiff
329 3682 387 3724 ‘¹²¹¹'
408 3723 466 3761 non
481 3703 606 3780 quodvis
619 3700 736 3775 donum,
756 3701 807 3759 sed
817 3709 925 3772 χάρισμα
940 3697 1018 3774 quod
1032 3707 1077 3755 est
1090 3696 1197 3754 donum
1212 3715 1280 3752 vere
1294 3712 1359 3770 gra·

409 3780 695 3859 tuitum,quodvenit
705 3787 935 3852 saetaeavxaptculm
948 3787 977 3836 ct
993 3777 1070 3853 quod
1086 3774 1239 3850 opponitur
1252 3771 1358 3844 debito,

156 3865 239 3922 Rem.
251 3863 289 3920 iv.
297 3867 325 3936 4,
343 3865 359 3895 “
370 3861 551 3938 Stipendium
560 3861 699 3938 peecati‚'’
711 3858 804 3935 inquit
815 3859 918 3933 Apost.
931 3857 1013 3913 Rom.
1021 3856 1060 3910 vi.
1076 3859 1123 3924 ⁶23,
1133 3859 1233 3942 “mors
1245 3861 1296 3924 est,
1310 3850 1361 3908 sed

153 3943 261 4001 donum
272 3941 535 4000 Deivitaacterna.''
552 3941 607 4000 vis
618 3939 780 4017 argumenti
790 3935 934 3995 crescitex
944 3933 1079 3992 antithesi
1089 3930 1269 4006 stipendir,et
1278 3929 1360 4004 doni;

156 4022 307 4080 Postulare
321 4022 397 4078 enim
413 4019 564 4078 videbatur
574 4021 655 4096 juste
669 4015 858 4097 oppositionis
881 4013 962 4085 ratio,
978 4021 1010 4070 ut
1024 4008 1264 4088 quemadmodum
1280 4009 1360 4068 dixe·

155 4110 200 4159 rat
213 4101 379 4175 stipendium
389 4099 500 4174 pcccati
513 4109 552 4156 cst
564 4119 648 4173 mors,
665 4099 712 4157 lta
735 4116 772 4155 ex
796 4094 918 4152 adverso
940 4092 1056 4164 diceret,
1079 4089 1246 4164 stipsendr’um
1270 4099 1362 4146 autem

147 4181 265 4256 justitie
278 4181 336 4237 uita
349 4188 465 4237 omma.
508 4179 569 4238 Nec
583 4179 667 4238 aliter
686 4175 768 4254 loqui
789 4173 944 4247 debuisset,
961 4171 985 4228 si
999 4169 1169 4228 credidisset
1183 4187 1247 4225 cum
1264 4167 1362 4226 Ponti·

152 4259 226 4318 ficiis
240 4259 349 4318 meritis
363 4258 469 4317 nostris
483 4259 572 4317 vitam
587 4257 716 4334 acquiri;
740 4255 797 4314 Cur
812 4273 880 4311 vero
895 4251 1054 4328 Apostolus
1068 4247 1190 4305 violavit
1203 4247 1297 4320 legem
1313 4267 1363 4304 an-

154 4339 301 4414 titheseos,
325 4347 355 4397 et
377 4339 491 4396 inverso
506 4359 636 4398 sermone
651 4337 729 4410 dicit,
747 4335 891 4392 “Donum
908 4330 963 4388 Dei
977 4339 1021 4388 est
1035 4329 1095 4386 rita
1110 4330 1242 4398 setemn,”
1256 4327 1312 4384 nisi
1333 4336 1366 4385 ut

155 4416 319 4478 ostenderet
333 4418 558 4476 diversissimam
581 4437 644 4475 essa
666 4417 816 4490 utriusque
839 4412 998 4484 rationem;
1021 4409 1108 4466 vitam
1125 4416 1153 4464 et
1168 4415 1288 4464 mortem
1302 4406 1366 4483 qui-

156 4499 222 4556 dem
236 4518 299 4556 esse
314 4498 431 4556 ultimos
445 4497 569 4555 hominis
583 4499 664 4560 fines,
678 4495 729 4552 sod
740 4513 837 4570 parem
847 4511 906 4548 non
917 4509 980 4548 esse
991 4489 1139 4564 utrIusque
1155 4486 1366 4578 conditionem

156 4586 275 4636 mortem
292 4579 401 4654 acquiri
417 4578 492 4634 veris
503 4576 622 4649 meritis,
635 4576 664 4632 id
676 4585 727 4646 est,
741 4571 992 4648 peccatis,quil.1us
1007 4567 1169 4644 exjustitia
1184 4565 1368 4625 distributiva

158 4659 208 4715 illn
222 4657 361 4732 debetur3
384 4657 433 4714 scd
450 4677 508 4714 non
523 4657 589 4712 item
606 4655 695 4711 vitem
712 4660 848 4710 aeternnm
869 4649 978 4725 acquiri
994 4667 1043 4724 per
1054 4647 1205 4723 justitiam,
1222 4647 1294 4704 nulli
1309 4665 1367 4704 me·
