3146 5210
138 395 246 446 cussa.
263 371 319 454 1v.]
552 392 590 432 nn
613 391 782 435 vocenronn
803 395 841 435 nr
862 396 939 436 rrnn.
1286 387 1346 444 473

136 538 207 597 tium
217 544 268 594 aut
279 533 485 609 comitantium,
496 553 559 610 qnae
574 555 591 593 a
607 535 716 613 Spiritu
728 537 784 596 Dei
798 537 839 596 ita
853 545 918 615 apte
930 546 959 597 et
968 547 1129 616 opportune
1143 540 1346 618 dispensentur

138 625 268 694 respectu
281 615 375 689 unius,
391 623 420 672 et
433 633 491 671 non
506 614 633 691 alterius,
645 617 783 693 utquead
797 618 879 676 illum
888 617 1007 678 effectus
1022 621 1184 680 necessario
1199 631 1344 698 sequatur,

138 695 331 774 quoadistum
342 714 410 752 vero
425 694 551 752 minime.
568 695 642 752 Nam
655 696 724 755 licet
735 696 876 756 fateamur
889 699 985 757 varias
999 699 1229 760 circumstantias
1243 703 1346 762 adhoc

139 797 211 854 opus
226 795 404 850 concurrere,
420 783 477 832 eta
492 774 554 832 Deo
570 777 779 852 sapientissime
794 778 963 854 dispensari,
980 787 1008 838 et
1029 799 1086 838 non
1101 801 1201 858 parum
1217 782 1346 842 conferre

139 857 176 915 ad
200 856 270 915 boni
294 854 389 932 operis
412 873 599 931 successum,
629 856 776 933 Negamus
799 867 896 916 tamen
918 859 1088 918 varietatem
1110 863 1196 919 istam
1224 862 1346 922 eircum-

140 938 318 1011 stantiarnm,
326 934 375 992 vel
385 954 481 992 earum
495 953 666 994 concursum
676 957 760 1013 posse
773 937 830 996 dici
841 958 957 997 cansam
971 940 1116 1016 propriam
1127 949 1156 1000 et
1165 940 1346 1018 adaquatam

138 1018 223 1076 istius
237 1014 420 1073 discriminis.
443 1014 517 1070 Nam
532 1015 754 1074 circumstantiae
776 1017 833 1075 illae
849 1038 949 1078 omnes
963 1039 1142 1096 quaecunque
1157 1021 1274 1080 tandem
1287 1023 1346 1080 illae

139 1098 204 1172 sint,
221 1095 280 1154 Vel
304 1115 334 1152 se
357 1101 455 1152 tenent
476 1113 513 1152 ex
537 1103 617 1170 parte
632 1097 735 1171 objecti,
759 1097 798 1154 id.
814 1097 924 1173 Verbi,
947 1098 1004 1156 Vel
1020 1119 1057 1156 ex
1070 1109 1152 1176 parte
1179 1102 1300 1177 abjecti,
1315 1103 1346 1160 id

138 1185 190 1250 est,
205 1173 340 1234 hominis.
372 1173 402 1230 A
415 1181 495 1250 parte
510 1175 614 1250 objecti,
629 1176 710 1233 nulla
722 1184 818 1253 potest
839 1177 902 1235 dari
920 1178 1199 1238 circumstantiarum
1221 1183 1346 1240 varietas

138 1277 176 1314 ex
194 1262 293 1314 nostra
306 1253 469 1330 hypothesi,
485 1254 553 1329 qnia
577 1256 764 1332 supponimus
788 1256 866 1314 idern
886 1257 1025 1333 Verbum,
1048 1259 1201 1318 abeodem
1217 1261 1345 1338 Pastore,

138 1336 239 1395 eodem
254 1343 390 1409 tempore,
417 1341 446 1392 et
468 1333 540 1409 loce,
562 1335 719 1411 eodemque
744 1335 839 1411 modo,
864 1337 995 1413 utrisque
1019 1339 1178 1414 praedicari.
1222 1341 1250 1398 A
1265 1351 1346 1418 parte

139 1418 258 1491 sabjecti,
276 1412 332 1472 Vel
355 1421 422 1472 sunt
443 1421 555 1472 tantum
581 1416 750 1474 extrinsecae
769 1425 799 1474 et
813 1416 1013 1492 accidentales,
1030 1437 1093 1493 quae
1108 1420 1218 1477 nullam
1238 1421 1347 1480 habent

139 1495 330 1554 neeessariam
341 1494 549 1552 connexionem
559 1515 623 1552 cum
635 1493 747 1568 effectu,
758 1515 879 1572 quaeque
891 1496 955 1554 ideo
970 1517 1027 1554 non
1042 1508 1163 1574 possunt
1174 1520 1237 1558 esse
1252 1521 1346 1560 causa

139 1574 320 1634 discretionis
344 1573 429 1631 unius
451 1573 488 1630 ab
509 1573 584 1650 alio;
607 1575 664 1633 Vel
681 1575 844 1634 intrinsecae
869 1585 898 1634 et
922 1577 1099 1653 essentiales,
1126 1599 1191 1654 quae
1212 1579 1346 1639 effectum

138 1654 300 1713 necessario
314 1661 381 1730 post
395 1673 425 1710 se
440 1653 565 1728 trahunt,
582 1664 611 1713 et
632 1655 737 1731 quibus
748 1655 850 1731 positis
864 1675 923 1713 non
936 1663 1032 1732 potest
1046 1677 1104 1714 non
1119 1659 1219 1734 aequi,
1246 1661 1346 1735 quales

140 1744 206 1793 sunt
216 1735 284 1809 illae,
300 1753 365 1810 quae
379 1732 541 1809 subjectum
557 1733 750 1793 diversimode
765 1733 893 1793 afficiunt
907 1743 936 1792 et
950 1735 1115 1811 disponunt.
1139 1738 1183 1796 De
1198 1739 1261 1796 istis
1276 1759 1345 1798 vero

138 1834 238 1873 rursus
256 1813 413 1890 quaeritur:
445 1812 495 1870 An
514 1813 667 1872 diversitas
690 1815 849 1891 illaquam
874 1815 905 1872 in
920 1814 1049 1893 subjecto
1063 1817 1235 1893 producunt,
1251 1820 1345 1894 qualis

139 1902 184 1954 est
197 1914 225 1952 v.
239 1914 266 1971 g.
293 1893 423 1967 attentio,
439 1891 581 1968 docilitas,
597 1903 626 1952 et
648 1895 736 1952 animi
761 1894 925 1970 submissio,
952 1895 989 1953 sit
1009 1915 1027 1952 a
1047 1905 1157 1971 natura,
1174 1899 1224 1955 An
1238 1917 1307 1956 vero
1328 1920 1346 1957 a

140 1974 266 2033 Gratia?
301 1972 333 2032 Si
361 1981 508 2048 enatura,
532 1974 602 2032 vicit
628 1974 773 2052 Pelagius,
799 1984 828 2034 et
849 1975 935 2034 horno
950 1975 1074 2051 scipsum
1093 1976 1238 2036 discernit.
1283 1980 1346 2037 Sia

140 2054 250 2128 Gratia,
267 2072 332 2112 curn
356 2053 411 2110 hoe
436 2073 494 2110 non
517 2054 609 2130 possit
633 2053 758 2130 pendere
783 2055 922 2130 aVerbo,
949 2055 1026 2131 quod
1047 2056 1176 2133 utrisque
1196 2077 1346 2118 commune

138 2154 202 2192 esse
221 2134 357 2206 diximus,
373 2133 435 2190 haec
459 2133 522 2210 ipsa
537 2143 580 2192 est
606 2133 708 2192 Gratia
726 2134 893 2194 immediata
918 2155 1004 2212 qnam
1024 2136 1167 2213 ponimns,
1184 2157 1248 2214 quae
1262 2139 1346 2198 istius

140 2213 314 2272 discriminis
328 2232 414 2270 causa
439 2212 534 2270 fuerit.

184 2293 288 2350 XLII.
306 2291 427 2367 Deinde,
441 2289 473 2350 Si
482 2291 607 2350 varietas
618 2293 906 2370 circumstantiarum,
919 2293 1117 2354 diversitatem
1129 2295 1248 2356 effectus
1259 2297 1345 2375 facit;

140 2373 221 2448 Ergo
243 2373 406 2448 ubicunque
428 2391 463 2430 ea
483 2381 622 2446 occurret,
638 2372 770 2432 diversus
794 2375 881 2432 etiam
904 2373 1023 2433 effectus
1038 2385 1192 2452 sequetur,
1212 2377 1262 2436 ubi
1276 2398 1347 2436 vcro

140 2471 226 2528 pares
244 2459 335 2525 erunt,
350 2451 426 2509 idem
442 2451 559 2510 debebit
583 2473 655 2512 esse.
698 2453 741 2512 At
755 2453 838 2512 aliter
853 2474 883 2513 so
906 2475 966 2512 rem
980 2455 1087 2515 habere
1109 2465 1230 2516 constat.
1273 2458 1347 2516 Nam

141 2533 172 2588 in
192 2531 281 2589 variis
303 2531 524 2591 circumstantiis
538 2531 615 2591 idem
636 2553 694 2591 non
709 2534 815 2592 desinit
829 2553 892 2593 esse
908 2535 1034 2608 effectus,
1051 2545 1081 2594 et
1101 2537 1130 2593 in
1155 2538 1257 2597 iisdem
1273 2559 1348 2616 saepe

140 2611 283 2670 diversus.
325 2611 401 2686 Quot
416 2620 483 2670 sunt
497 2612 602 2689 quibus
623 2612 694 2671 felix
711 2613 857 2690 nativitas,
874 2615 950 2673 bona
964 2616 1116 2691 instituti0,
1131 2617 1347 2678 benedictiones

139 2692 209 2750 item
234 2701 263 2751 et
291 2691 504 2768 castigationes,
531 2700 560 2750 et
574 2693 680 2750 similia
693 2693 770 2751 bona
792 2694 841 2752 vel
860 2695 936 2754 mala
958 2695 1066 2772 pariter
1090 2696 1270 2772 contingunt,
1297 2699 1348 2773 qui

140 2781 237 2830 tamen
252 2771 445 2830 diversimode
467 2771 526 2830 illis
549 2771 719 2847 afficiuntur,
742 2772 790 2831 vel
812 2774 850 2832 ad
875 2775 983 2832 bonum
1004 2775 1052 2832 vel
1066 2775 1103 2832 ad
1116 2776 1249 2832 malum?
1270 2775 1348 2849 Quot

142 2852 210 2910 item
236 2853 286 2928 qui
308 2851 338 2908 in
363 2851 487 2909 diversis
510 2851 595 2927 plane
610 2853 834 2911 circumstantiis
857 2854 953 2929 positi,
975 2854 1083 2930 pariter
1101 2864 1198 2912 tamen
1212 2874 1230 2911 a
1244 2855 1347 2914 Gratia

141 2934 370 2990 convertuntur?
411 2931 551 2990 Latrones
565 2953 594 2990 v.
610 2952 639 3008 g.
655 2932 712 2990 duo
735 2953 799 2991 eum
816 2933 929 2992 Christo
949 2933 1080 2991 crucifixi
1100 2935 1130 2990 in
1144 2934 1245 2992 iisdem
1260 2935 1346 3010 plane

140 3011 363 3070 circumstantiis
374 3011 572 3085 versabantur,
584 3012 660 3070 idern
674 3012 819 3089 objectum
838 3012 930 3070 oculis
945 3012 1125 3088 offerebatur,
1142 3013 1242 3072 eadem
1257 3015 1348 3074 verba

139 3112 223 3150 cures
243 3091 392 3166 feriebant,
409 3098 438 3148 et
459 3109 510 3167 per
533 3091 628 3149 omnia
656 3111 739 3168 pares
763 3091 944 3150 videbantur.
987 3093 1073 3150 Alter
1091 3101 1188 3151 tamen
1213 3094 1304 3152 eredit
1318 3104 1347 3153 et

140 3172 317 3230 convertitur
328 3193 335 3246 ;
359 3170 445 3229 Alter
455 3189 524 3228 vcro
538 3171 703 3230 incredulus
724 3179 821 3230 manet
842 3180 871 3230 et
885 3171 1056 3231 obstinatus.
1099 3173 1237 3246 Quaenam
1262 3174 1346 3233 istius

138 3251 312 3311 discriminis
337 3250 479 3327 assignari
500 3258 596 3327 potest
620 3252 717 3310 ratio?
739 3251 789 3308 An
803 3250 881 3328 quod
895 3251 1010 3310 diversa
1032 3251 1118 3311 fuerit
1132 3254 1281 3330 utriusque
1296 3275 1346 3312 na-

137 3332 245 3407 tivitas,
269 3330 318 3389 vel
339 3330 491 3404 institutio,
512 3329 561 3388 vel
584 3330 729 3389 diversum
753 3332 822 3391 vitae
847 3351 947 3410 genus,
973 3331 1021 3390 vel
1035 3333 1100 3390 aliae
1123 3333 1345 3393 circumstantiae

138 3413 283 3472 occulta?
316 3410 374 3470 Sed
392 3422 584 3488 praeterquam
599 3411 677 3486 quod
691 3412 781 3488 gratis
796 3412 858 3470 haec
873 3421 1080 3489 supponuntur,
1096 3433 1154 3472 non
1167 3415 1345 3492 probantur;

139 3492 171 3550 Si
185 3494 248 3550 haec
262 3491 387 3550 maxime
402 3510 471 3548 vera
486 3490 587 3565 forent,
603 3490 675 3548 nihil
690 3491 727 3548 ad
739 3512 800 3550 rem
815 3492 949 3568 facerent,
965 3492 1032 3569 quia
1047 3513 1143 3552 veram
1160 3503 1188 3552 et
1202 3496 1346 3572 propriam

137 3593 254 3631 causam
268 3572 341 3630 tanti
356 3570 530 3630 discriminis
545 3569 613 3628 dare
628 3590 686 3628 non
704 3582 868 3648 potuerunt.
885 3573 959 3630 Nam
974 3574 1062 3632 variae
1085 3575 1142 3632 illac
1158 3575 1346 3634 circumstan-

137 3653 194 3726 tiae,
210 3673 275 3729 quae
293 3671 351 3709 non
373 3651 590 3728 prohibuerunt,
616 3651 778 3727 quominus
805 3652 854 3710 uhi
869 3652 989 3729 aequalis
1013 3655 1088 3712 male
1103 3656 1208 3731 agendi
1233 3657 1346 3716 occasio

138 3731 206 3790 data
236 3731 300 3807 fuit,
329 3740 450 3809 uterque
477 3730 585 3808 pariter
616 3729 798 3789 latrocinium
827 3741 982 3808 exerceret,
1013 3735 1157 3811 quomodo
1185 3736 1347 3812 potuissent

139 3810 260 3868 alterum
275 3811 313 3868 ad
327 3812 503 3889 impietatem
518 3819 547 3869 et
567 3810 762 3887 blasphemias
776 3811 932 3888 impellere,
958 3813 1079 3872 alterum
1099 3815 1136 3872 ad
1157 3816 1291 3891 pictatem
1317 3823 1346 3874 et

138 3887 226 3945 fidem
251 3887 373 3965 flectere,
398 3890 449 3949 ubi
464 3911 516 3968 par
530 3891 647 3949 omnino
668 3891 865 3949 conversionis
888 3893 925 3950 ad
947 3893 1042 3952 Deum
1062 3895 1174 3952 occasio
1189 3893 1256 3951 data
1271 3893 1347 3952 suit?

140 3965 207 4024 Non
221 3965 278 4024 alia
299 3987 367 4044 ergo
389 3970 562 4028 discriminis
584 3970 668 4030 istius
683 3989 769 4028 causa
788 3991 851 4028 esse
870 3973 971 4048 potuit,
988 3993 1075 4048 quam
1089 3992 1209 4030 arcanus
1223 3972 1347 4048 Spiritus

142 4046 241 4106 Sancti
264 4056 368 4122 motus,
385 4048 479 4124 quiin
500 4049 586 4108 simili
606 4058 691 4126 statu,
709 4049 831 4109 similem
846 4059 942 4109 tamen
957 4051 1024 4110 dare
1035 4071 1092 4109 non
1107 4050 1199 4108 voluit
1214 4051 1345 4126 gratiam,

138 4133 172 4185 ut
196 4125 361 4184 ostenderet
385 4147 416 4184 ss
435 4127 487 4185 ubi
500 4129 563 4187 vult
586 4131 702 4206 spirare,
725 4137 754 4188 et
772 4149 893 4207 quorum
914 4130 979 4188 vult
993 4131 1129 4204 misereri,
1146 4138 1175 4187 et
1196 4150 1269 4207 quos
1283 4133 1347 4191 vult

138 4205 284 4264 indurare.
327 4206 448 4281 Rursus,
471 4207 519 4283 qui
534 4208 649 4286 factum,
673 4218 705 4268 nt
730 4209 767 4268 ad
790 4209 905 4268 easdem
930 4210 1082 4267 conciones
1108 4209 1186 4267 Petri
1211 4217 1240 4268 et
1263 4210 1347 4268 Pauli

139 4284 241 4346 eodem
256 4293 384 4362 tempore
399 4295 428 4344 et
440 4285 514 4359 loco,
528 4296 635 4347 etcum
649 4289 752 4348 iisdem
761 4288 984 4348 circumstantiis
998 4288 1112 4347 habitas
1121 4289 1158 4346 ad
1172 4289 1346 4366 innumeros,

138 4367 190 4426 alii
212 4374 309 4424 tamen
331 4385 369 4424 ex
390 4364 427 4424 iis
450 4365 631 4444 crediderint,
652 4369 701 4426 alii
716 4368 857 4428 increduli
884 4368 1066 4426 manserint?
1107 4369 1173 4426 Non
1197 4369 1254 4427 alia
1278 4389 1347 4428 sane

137 4447 223 4506 istius
245 4445 429 4504 discretionis
453 4444 527 4503 ratio
544 4446 606 4504 dari
627 4457 730 4526 potest,
747 4469 832 4526 quam
859 4448 971 4507 intema
985 4447 1073 4505 animi
1097 4448 1257 4525 dispositio,
1272 4469 1345 4525 quse,

138 4529 237 4588 sinon
251 4535 296 4585 est
310 4547 327 4585 a
341 4525 436 4604 gratia
450 4524 619 4604 subjectiva,
636 4537 766 4588 enatura
779 4527 905 4607 pendere
920 4537 1019 4586 contra
1035 4528 1211 4606 Scripturam
1226 4529 1349 4588 dicenda

137 4608 202 4667 erit.

178 4687 300 4746 XLIII.
323 4689 351 4746 3.
376 4685 408 4746 Si
422 4686 583 4746 vocationis
605 4687 732 4746 efficacia
751 4689 859 4765 pendet
873 4710 890 4748 a
905 4709 1046 4749 concursu
1060 4689 1348 4768 circumstantiarum,
