3202 5194
234 373 271 430 86
688 382 779 424 rocus
793 383 972 424 unnncmus.
1223 359 1353 440 [comer.
1368 381 1439 424 xrv.

233 527 296 588 haee
321 533 388 587 sunt
411 525 516 602 verbe;
540 523 640 583 “Non
661 529 775 602 oportet
795 522 973 584 Christianos
992 520 1161 598 Judaieare,
1177 528 1207 580 et
1230 521 1262 580 in
1288 521 1446 583 Sabbatho

235 609 326 682 otiari,
343 607 394 666 sed
407 607 485 683 ipsos
499 624 533 664 eo
548 605 599 664 die‘
609 604 728 682 operari,
745 604 830 663 Diem
844 612 941 664 eutem
956 601 1140 661 Dominicum
1153 601 1338 679 praeferentes
1353 601 1445 665 otiari

234 689 259 747 si
274 687 359 746 modo
372 685 514 765 possint,'’
530 683 623 764 (quod
635 685 766 744 additum
779 684 895 743 videtur
907 691 1025 761 propter
1033 701 1146 756 servos,
1153 681 1204 758 qui
1218 681 1352 741 Dominis
1367 702 1444 760 gen-

233 767 334 826 tilibus
344 764 531 845 serviebant)
549 767 605 824 “ut
613 764 805 840 Ghrbtianom
820 763 900 842 quod
913 763 938 824 si
951 763 1064 822 inventi
1076 761 1184 822 fuerint
1194 761 1442 840 utJudaiaantes,

234 846 294 906 sint
306 847 460 907 anathema
473 844 551 924 apud
565 843 740 904 Christnm.”
911 865 915 884 ¹
1358 909 1365 923 x

535 924 665 983 XXIII.
689 922 1012 1002 SecundaPropositio:
1031 923 1229 981 Medoerectoe
1241 921 1445 982 cumaena

287 971 321 1018 Et
331 972 423 1018 modus.
495 1004 563 1064 Diei
576 1002 722 1063 Dominici
735 1003 848 1064 duabus
860 1003 992 1082 partibus
1004 1001 1174 1078 absolvitur,
1185 1002 1360 1095 primaque
1369 1003 1442 1077 pri·

234 1083 329 1144 ccccc
342 1091 438 1162 potest
452 1083 518 1161 dici,
533 1092 562 1142 et
576 1085 606 1142 in
619 1084 716 1160 quieta
730 1103 782 1143 sau
796 1084 955 1144 cessatione
968 1083 1005 1142 ab
1019 1083 1098 1142 omni
1112 1101 1198 1160 opere
1216 1081 1314 1142 ser-mh
1327 1081 1443 1140 consis-

234 1165 287 1241 tit3
309 1165 408 1240 altere,
424 1185 488 1240 quae
497 1164 620 1241 posttea
634 1171 687 1240 est,
702 1171 732 1222 st
744 1163 776 1222 in
791 1162 1023 1224 smoufioeuono
1041 1163 1126 1222 istius
1139 1161 1245 1240 quietis
1257 1181 1310 1239 per
1321 1161 1445 1239 religio·

235 1263 300 1303 sum
315 1244 370 1302 Dei
385 1244 494 1302 cultum
507 1251 648 1302 versatur.

275 1323 401 1382 XXIV.
422 1323 511 1398 Quies
524 1342 589 1401 quoe
602 1321 765 1399 requiritur,
776 1341 835 1381 non
849 1321 908 1382 otio
919 1331 949 1382 et
958 1321 1062 1382 inertia
1071 1319 1226 1400 peragitur,
1238 1319 1330 1380 multo
1341 1317 1442 1379 minus

235 1403 492 1462 comessationibus
505 1411 534 1461 et
548 1403 672 1480 crapula,
687 1403 868 1479 spectaculis,
884 1410 914 1462 et
928 1402 1048 1476 choreis,
1064 1411 1094 1460 et
1106 1400 1232 1478 prolenis
1250 1399 1315 1459 aliis
1329 1401 1444 1459 exerei-

235 1483 285 1542 tiis
297 1482 441 1542 damnatis
455 1502 473 1541 a
486 1482 587 1558 Paulo,
604 1482 689 1540 Rom.
698 1481 760 1540 xiii
772 1485 818 1558 13,
829 1483 886 1541 hcc
900 1482 976 1540 enim
990 1491 1035 1542 est
1047 1481 1227 1541 sabbathum
1236 1479 1258 1540 J
1259 1480 1369 1555 ebora,
1380 1499 1443 1538 non

235 1561 341 1622 festum
354 1561 475 1636 Gerenia,
491 1561 609 1636 Bacchi,
623 1569 674 1621 aut
687 1560 833 1621 Veneris:
866 1560 925 1622 Sed
938 1560 1099 1621 cessatione
1119 1560 1156 1619 ab
1170 1560 1250 1618 omni
1263 1559 1348 1636 opere
1362 1559 1444 1618 crdi-

235 1643 324 1701 nariae
337 1649 368 1701 et
380 1642 533 1702 mundana
546 1639 716 1717 vocationis,
731 1641 841 1719 quoda
854 1642 935 1701 cultu
948 1641 1048 1700 divino
1057 1647 1157 1718 posset
1168 1659 1223 1698 nos
1237 1659 1376 1713 avocare;
1399 1639 1444 1698 Et

235 1723 277 1782 ita
290 1722 492 1782 abstinendum
506 1730 551 1781 est
563 1721 619 1781 hoc
632 1721 689 1798 die,
706 1724 733 1781 1.
748 1720 798 1780 Ab
812 1721 946 1782 omnibus
966 1721 1024 1782 illis
1038 1720 1181 1797 operibus,
1195 1739 1262 1796 qnae
1275 1717 1385 1796 proprie
1407 1727 1442 1778 ct

236 1801 335 1860 stricte
349 1810 490 1861 vocantur
512 1801 637 1876 servilia,
653 1821 718 1878 quse
731 1821 750 1860 a
763 1802 855 1862 servis
877 1810 928 1860 ant
947 1800 1113 1860 hominibus
1138 1798 1291 1858 servilibus
1310 1798 1445 1874 prestari

235 1882 337 1957 solent,
345 1889 484 1958 quantum
498 1881 608 1940 scilicet
620 1881 683 1940 fieri
696 1889 792 1959 potest
805 1901 856 1958 per
869 1881 1025 1940 instantem
1037 1879 1247 1938 necessitatem.
1275 1883 1303 1937 2.
1313 1877 1362 1936 Ab
1371 1897 1444 1954 ope-

235 1961 316 2020 ribus
329 1961 445 2034 nostris,
460 1979 525 2036 qua
540 1961 651 2019 scilicet
662 1961 806 2037 pertinent
820 1960 858 2019 ad
873 1962 961 2038 hujus
974 1960 1043 2019 vitae
1055 1978 1135 2033 usus,
1149 1959 1181 2016 in
1193 1957 1281 2017 rebus
1301 1957 1445 2016 naturali·

235 2040 291 2100 bus
304 2048 334 2099 et
347 2039 490 2113 civilibus,
506 2047 535 2098 et
548 2040 663 2117 proprie
675 2040 788 2099 lucrum
802 2047 832 2099 et
844 2039 1027 2099 commodum
1040 2047 1171 2098 nostrum
1191 2045 1322 2116 spectant
1333 2059 1341 2113 3
1364 2035 1446 2113 quod

235 2119 383 2194 colligitur
394 2137 432 2176 cx
447 2119 580 2195 opposita
599 2118 792 2194 concessione,
807 2126 842 2177 ut
854 2120 932 2178 enim
952 2139 1005 2179 sex
1018 2119 1080 2178 dies
1100 2118 1185 2178 nobis
1198 2117 1339 2192 concedit,
1355 2126 1390 2175 ut
1410 2117 1443 2174 in

235 2196 272 2256 iis
286 2216 445 2272 operemur,
460 2203 490 2254 et
502 2196 641 2256 faciamus
655 2216 740 2256 omne
754 2217 827 2274 opus
840 2206 989 2275 nostrum
1012 2199 1060 2257 Ita
1072 2198 1128 2256 hoc
1142 2197 1189 2256 die
1201 2196 1333 2275 precipit
1346 2215 1446 2255 cessa·

235 2275 344 2334 tionem
368 2294 386 2334 a
408 2275 460 2333 tali
483 2293 577 2352 opere,
599 2294 637 2334 ne
659 2276 750 2336 cultui
774 2276 873 2336 divino
896 2278 987 2337 ullum
1011 2285 1172 2354 apponatur
1194 2276 1445 2355 impedimentum.

237 2354 337 2432 Atque
349 2353 407 2412 huc
420 2353 546 2431 pertinet
554 2353 660 2413 Leonis
674 2362 704 2413 et
717 2355 869 2414 Anthemii
880 2356 943 2415 Lex
953 2357 1156 2432 memorabilis,
1168 2376 1233 2435 quae
1243 2364 1325 2415 extat
1336 2355 1447 2416 Codice

237 2433 273 2492 de
287 2433 374 2509 feriis,
389 2433 474 2510 cujus
487 2433 577 2492 verba
590 2433 752 2493 adscribere
765 2455 824 2493 non
837 2435 967 2513 pigebit:
992 2439 1011 2470 “
1023 2436 1208 2496 Dcminicum
1221 2436 1297 2496 diem
1310 2436 1353 2494 ita
1367 2455 1447 2494 sem·

235 2532 288 2590 per
308 2513 505 2571 honorabilem
528 2512 709 2572 decernimus
732 2521 762 2573 et
774 2514 979 2592 venerandum,
994 2523 1028 2575 nt
1051 2537 1069 2574 a
1092 2517 1204 2575 cunctis
1223 2515 1447 2576 executionibus

237 2600 399 2667 excusetur,
414 2592 495 2651 nulla
507 2611 681 2669 quemquam
695 2601 797 2670 urgeat
811 2594 977 2670 admonitio,
992 2596 1074 2654 nulla
1086 2595 1281 2673 fidejussionis
1294 2593 1447 2671 flagitetur

237 2671 360 2746 exactio,
375 2679 470 2730 taceat
483 2672 632 2750 apparitio,
648 2672 801 2733 advocatio
814 2674 983 2750 delitescat3
1006 2676 1045 2735 sit
1057 2675 1107 2734 ille
1121 2675 1184 2734 dies
1197 2695 1216 2733 a
1229 2673 1448 2752 cognitionibus

237 2751 359 2825 alienus,
373 2751 514 2828 preconis
528 2750 645 2811 horrida
654 2771 715 2810 vox
729 2753 853 2830 silescat,
863 2755 1004 2832 respirent
1017 2775 1035 2813 a
1049 2754 1253 2815 controversiis
1262 2753 1447 2830 litigantes,¹'

239 2829 294 2891 dec.
326 2831 366 2890 Et
378 2838 497 2908 postea:
513 2832 531 2865 “
540 2832 602 2890 Nec
614 2831 702 2910 hujus
715 2841 813 2892 tamen
825 2832 956 2910 religiosi
969 2833 1028 2892 diei
1041 2834 1100 2894 otia
1112 2835 1286 2906 relaxantes,
1298 2833 1448 2892 obscoenis

236 2929 410 2988 quemquam
431 2911 557 2989 patimur
577 2911 776 2990 voluptatibus
798 2912 928 2988 detineri,
951 2913 1025 2971 nihil
1046 2914 1148 2973 eodem
1169 2913 1216 2972 die
1239 2913 1295 2972 sibi
1314 2911 1450 2972 vindicet

238 2991 332 3050 Scene
345 2990 502 3066 theatralis,
512 2999 563 3050 aut
574 2990 708 3052 Circense
722 3000 874 3068 certamen,
885 3002 935 3052 aut
943 2991 1068 3052 ferarum
1075 2993 1259 3072 lachrymosa
1269 2993 1446 3069 spectacula,

236 3077 267 3129 et
281 3070 306 3128 si
319 3070 350 3130 in
363 3079 494 3131 nostrum
504 3079 555 3131 aut
562 3071 688 3131 natalem
697 3071 870 3132 celebranda
879 3072 1037 3132 solennitas
1045 3073 1187 3147 inciderit,
1198 3071 1377 3148 differatur,”
1388 3070 1447 3132 dec.

277 3149 386 3209 XXV.
408 3149 467 3209 Hic
480 3157 577 3210 tamen
591 3152 782 3229 excipiuntur,
800 3154 827 3210 1.
845 3153 942 3228 Opera
954 3151 1006 3209 illa
1026 3171 1091 3228 qua
1105 3152 1213 3212 directe
1233 3159 1365 3227 spectant
1385 3154 1447 3209 eal-

237 3237 296 3286 tum
309 3237 336 3285 et
346 3228 470 3303 gloriam
484 3228 549 3304 Dei,
566 3231 672 3288 Matth.
687 3230 738 3288 xii.
751 3232 778 3304 ⁵,
794 3231 816 3289 J
818 3231 902 3289 ohan.
914 3250 943 3290 v.
959 3233 986 3306 8,
999 3231 1027 3306 9,
1043 3232 1098 3290 hoc
1112 3233 1188 3290 enim
1202 3249 1272 3290 casu
1285 3249 1374 3308 opera
1383 3231 1447 3306 illa

237 3313 384 3382 quaesunt
398 3325 451 3364 sna
463 3315 567 3365 natura
580 3308 704 3391 servilia,
720 3317 869 3367 transeunt
882 3310 913 3368 in
926 3318 1058 3369 naturam
1078 3331 1197 3388 operum
1211 3329 1368 3384 sacrorum,
1390 3329 1447 3369 nec

237 3391 298 3442 tam
312 3391 379 3441 sunt
393 3403 480 3460 opera
493 3393 599 3459 nostra,
614 3403 701 3460 quam
717 3385 781 3443 Dei.
804 3389 832 3445 2.
850 3389 947 3463 opera
957 3391 1144 3450 claritatbet
1153 3389 1366 3464 misericordiae,
1379 3408 1447 3466 quae

237 3462 338 3522 officiis
352 3461 468 3539 pietatis
481 3471 677 3538 accensentur,
693 3463 799 3523 Metth.
814 3465 865 3524 xii.
882 3470 928 3542 10,
946 3471 992 3544 12,
1008 3469 1030 3529 J
1031 3470 1116 3528 ohan.
1130 3490 1160 3529 v.
1171 3472 1197 3544 9,
1214 3479 1243 3528 et
1256 3469 1297 3526 ix.
1311 3471 1358 3542 14,
1371 3469 1448 3528 Luc.
1521 3523 1526 3534 ,

236 3541 299 3600 xiii.
316 3543 363 3600 15.
405 3544 433 3600 3.
451 3543 548 3617 Opera
561 3543 712 3602 communia
731 3545 888 3622 matath,
903 3549 973 3624 quia
993 3557 1027 3608 nt
1050 3567 1170 3628 semper,
1185 3549 1227 3608 ita
1246 3549 1302 3607 hoc
1322 3546 1371 3606 die
1384 3568 1448 3626 prae

237 3620 349 3680 crateris
362 3621 482 3679 honeste
497 3629 526 3680 et
539 3621 642 3681 decore
656 3623 795 3682 debemus
807 3644 861 3684 nos
876 3646 975 3703 gerere
989 3636 1019 3687 et
1032 3647 1128 3706 agera.
1170 3633 1198 3688 4.
1216 3630 1313 3704 Opera
1326 3629 1447 3687 necessi·

237 3701 310 3774 tatis,
325 3719 390 3778 quae
403 3719 497 3776 neque
510 3700 638 3778 fingitur,
653 3721 747 3780 neque
769 3705 889 3764 consilio
903 3707 1067 3783 accersitur,
1084 3707 1136 3766 sed
1155 3728 1207 3785 per
1229 3706 1447 3784 providentiam

236 3779 320 3840 nobis
334 3779 499 3857 imponitur,
513 3780 583 3840 Luc.
598 3780 658 3840 xiv.
674 3785 701 3858 5,
716 3803 776 3841 non
788 3789 900 3844 tantum
915 3786 1047 3846 absoluta
1060 3795 1090 3847 et
1103 3787 1235 3864 simplex,
1250 3794 1285 3846 ut
1298 3784 1329 3843 id
1342 3806 1447 3846 neces-

237 3860 344 3919 sarium
357 3867 470 3919 tantum
484 3859 605 3936 dicatur,
621 3879 678 3936 quo
692 3847 773 3921 nullo
787 3863 873 3922 modo
887 3885 983 3925 carere
997 3885 1159 3943 possumus,
1176 3867 1228 3926 sed
1240 3866 1403 3944 modificata
1417 3873 1449 3926 et

237 3939 395 3998 secundum
409 3939 488 4016 quid,
503 3947 536 3998 ut
557 3941 719 3999 necessaria
740 3961 774 4001 aa
797 3952 974 4020 censeantur,
990 3964 1050 4003 non
1073 3945 1159 4004 modo
1174 3966 1238 4023 quse
1252 3945 1386 4004 absoluta
1408 3946 1447 4005 ed

236 4037 300 4075 esse
315 4037 366 4076 seu
379 4019 448 4078 vitae
462 4019 699 4078 sustentationem
713 4022 905 4099 requiruntur,
921 4024 1074 4083 sedetiam
1088 4045 1153 4101 quse
1167 4025 1276 4084 faciunt
1289 4024 1328 4083 ed
1338 4025 1445 4084 melius

236 4115 309 4169 esse,
324 4096 401 4155 unde
425 4117 562 4174 magnum
584 4099 702 4176 aliquod
726 4100 764 4159 ad
784 4121 838 4160 nos
852 4103 900 4161 vel
921 4104 1085 4180 proximum
1109 4104 1185 4164 redit
1209 4103 1395 4163 commodum
1416 4113 1447 4163 et

236 4175 461 4234 emolumentum
475 4177 500 4235 si
514 4177 592 4254 fiant,
607 4179 657 4238 vel
677 4199 815 4258 magnum
834 4181 953 4260 aliquod
971 4182 1185 4243 incommodum
1206 4191 1236 4242 et
1255 4183 1397 4242 damnum
1419 4183 1445 4242 si

236 4256 418 4331 omittentem
441 4255 610 4316 ῧαϋὸαϋιαιη
623 4257 708 4334 enim,
722 4269 756 4320 nt
771 4260 902 4320 Christus
915 4269 1037 4321 testatur
1051 4263 1142 4322 Marc.
1157 4263 1188 4322 ii.
1203 4266 1251 4340 27,
1266 4263 1391 4322 Factam
1405 4271 1447 4322 eat

234 4344 354 4412 propter
367 4335 511 4410 hominen,
526 4355 582 4395 nce
595 4337 676 4397 homo
684 4349 807 4415 prepter
819 4340 998 4400 Mettum.

277 4415 402 4475 XXVI.
424 4415 491 4474 Non
504 4423 639 4493 putamus
652 4436 722 4496 ergo
742 4420 773 4476 in
787 4418 842 4478 hac
862 4421 1021 4480 cessatione
1041 4417 1143 4480 fideles
1156 4419 1249 4480 teneri
1263 4419 1301 4480 ed
1314 4419 1445 4498 praecisi·

235 4501 311 4554 tates
324 4494 473 4570 Judmees,
489 4513 562 4572 quas
581 4497 713 4556 nonnulli
729 4497 810 4575 justo
834 4500 1060 4576 scrupulosiores
1081 4509 1193 4561 tantum
1217 4519 1276 4560 non
1290 4509 1445 4560 revocatas

236 4573 353 4648 vellent,
368 4582 401 4634 ut
414 4595 467 4634 nec
480 4575 579 4652 ignem
591 4577 756 4654 accendere,
771 4597 825 4637 nec
839 4579 935 4638 cibum
948 4599 1080 4656 coquere,
1095 4599 1149 4639 nec
1163 4599 1244 4638 arma
1256 4588 1359 4640 contra
1372 4581 1442 4640 hos·

235 4659 294 4728 tem
308 4653 453 4730 expedire,
463 4675 516 4714 nec
529 4656 585 4716 iter
598 4665 762 4736 susceptum
776 4665 852 4727 terra
864 4659 974 4718 marive
984 4659 1128 4736 prosequi,
1139 4679 1192 4718 nec
1206 4659 1337 4720 honestis
1351 4661 1444 4720 arrimi
