3146 5210
105 390 216 440 Qumsr.
229 367 295 450 xv.]
471 388 510 426 uu
525 387 641 428 errrore
655 388 773 429 cnmsrr
788 389 981 431 urnmroaro.
1254 374 1314 431 425

105 533 136 589 in
167 527 368 590 Sanctuarium
395 527 599 602 manufactum,
627 528 749 606 figuram
777 530 863 606 veri;
891 531 943 589 sed
970 531 1000 588 in
1027 530 1119 608 ipsum
1149 530 1254 588 coelum
1281 539 1314 590 ut

106 629 241 687 compare
279 617 309 667 at
336 627 431 666 coram
459 606 531 666 facie
570 609 625 667 Dei
659 629 711 686 pro
738 609 851 685 nobis,''
888 609 952 686 dcc,
972 609 1022 668 ubi
1060 609 1241 668 manifestum
1270 619 1314 669 θεῖ

106 689 283 768 Apostolum
298 686 426 746 alludere
440 687 478 745 ad
493 687 523 746 S.
541 687 725 747 Sacerdotem
740 689 806 748 Vet.
832 690 911 749 Test.
927 690 977 766 qui
996 690 1092 748 oblato
1115 689 1254 748 sacrificio
1268 691 1311 748 in·

106 769 294 847 grediebatur
303 768 334 825 in
350 767 511 826 Sacrarium
526 786 590 825 cum
606 768 745 845 sunguine
757 769 883 828 victimae
901 769 1110 828 intercessurus
1123 789 1174 844 pro
1195 769 1312 846 populo.

108 849 196 910 Unde
210 846 382 906 describitur
392 866 442 923 per
456 847 607 922 ὅμφαησμῖι
620 867 716 906 coram
730 848 802 906 facie
828 849 892 925 Dei,
908 849 1031 926 quinon
1053 857 1149 926 potest
1162 849 1262 907 referri
1275 849 1314 907 ad

106 929 277 990 exercitium
291 927 441 1004 potestatis
457 927 566 1003 Regiae,
583 927 635 985 sed
648 927 721 985 bene
738 927 775 985 ad
789 926 1018 1005 deprecationem
1042 928 1257 988 sacerdotalem.

147 1008 238 1066 VIII.
261 1011 288 1065 2.
305 1007 416 1064 Eodem
431 1025 517 1065 sensu
527 1007 818 1088 vocaturngdsasm
832 1007 1014 1085 nosterapud
1024 1009 1128 1082 Deum,
1143 1008 1235 1068 1J0h.
1247 1009 1277 1066 ii.
1287 1011 1312 1082 l,

104 1098 139 1148 ut
153 1087 323 1164 deprecetur
343 1086 457 1142 veniam
481 1105 533 1162 pro
557 1087 683 1162 peccatis
707 1088 821 1162 nostris,
838 1097 867 1146 et
888 1084 1005 1147 causam
1018 1087 1157 1146 'nostram
1171 1097 1313 1165 agattan-

104 1187 194 1244 quam
209 1165 379 1224 Advocatus
393 1174 422 1223 et
438 1166 579 1224 Patronus
593 1166 671 1242 apud
686 1167 779 1225 Deum
804 1175 904 1226 contra
922 1167 1081 1226 calumnias
1094 1177 1125 1225 et
1138 1168 1313 1226 criminatio-

105 1267 159 1306 nes
175 1245 292 1304 Diaboli
306 1245 447 1324 smye'gov
461 1245 632 1304 crematoris
637 1249 777 1321 fratrum,
794 1247 887 1323 Apoc.
902 1247 954 1305 xii.
972 1249 1018 1306 10.
1049 1247 1173 1324 Spiritus
1189 1248 1313 1306 Sanctus

106 1325 224 1403 quidem
239 1324 339 1383 eodem
354 1325 470 1383 nomine
494 1325 657 1402 insignitur,
682 1326 751 1385 Joh.
781 1325 841 1385 xiv.
857 1329 905 1401 26,
931 1327 983 1385 scd
1010 1326 1125 1385 diverso
1140 1327 1313 1404 significatu.

108 1407 184 1465 Nam
199 1414 232 1464 ut
244 1424 303 1461 vox
329 1404 415 1462 modo
437 1405 622 1463 Hortatorem
637 1425 687 1464 seu
703 1406 858 1464 Doctorem
873 1414 902 1465 et
914 1406 1086 1482 Magistrum
1101 1405 1203 1477 innuit,
1226 1407 1312 1465 modo

107 1485 302 1558 Advocatum,
318 1484 404 1543 modo
419 1485 642 1560 Consolatorcm‚
667 1485 799 1544 Christus
820 1485 934 1563 proprie
957 1485 1120 1566 raedarum
1134 1494 1255 1544 vocatur
1269 1506 1313 1544 se-

107 1564 203 1624 cunda
216 1564 332 1622 notione
357 1572 474 1640 propter
501 1564 758 1640 Intercessionem;
783 1565 907 1642 Spiritus
932 1566 961 1624 S.
977 1584 1046 1624 vero
1073 1566 1205 1642 primast
1219 1567 1312 1641 tertia,

107 1644 177 1722 quia
190 1644 254 1721 ejus
268 1651 364 1720 partes
378 1652 453 1716 sunt,
474 1651 535 1702 tum
551 1644 685 1703 Doctoris
710 1653 738 1703 et
753 1645 897 1721 Magistri,
923 1645 973 1721 qui
988 1645 1092 1704 ducere
1106 1663 1159 1703 nos
1184 1645 1270 1703 debet
1284 1646 1313 1702 in

108 1743 223 1784 omnem
244 1723 403 1798 veritatem,
425 1730 487 1781 tum
509 1723 705 1782 Consolatoris
726 1743 831 1782 munus
852 1725 939 1799 obire,
955 1725 1192 1802 promissionibus
1213 1724 1314 1800 gratiae

108 1823 163 1863 nos
177 1803 322 1880 erigendo,
338 1810 367 1861 et
381 1801 506 1879 gemitus
520 1803 725 1861 inenarrabiles
739 1803 823 1862 nobis
834 1802 978 1880 metando,
991 1804 1096 1881 quibus
1106 1803 1262 1863 clamemus
1273 1803 1315 1862 ad

110 1885 216 1942 Deum.

153 1962 212 2020 IX.
254 1964 282 2020 3.
297 1962 390 2039 Apoc.
418 1960 479 2020 viii.
495 1965 523 2037 3,
547 1961 720 2022 intercessio
745 1961 853 2022 Christi
875 1963 1048 2023 describitur
1074 1964 1159 2023 nobis
1186 1983 1238 2040 per
1251 1961 1313 2022 An·
1340 1968 1345 1977 '

110 2041 208 2120 gelum
223 2061 287 2100 cum
315 2041 463 2100 thuribulo
490 2061 586 2116 aureo,
615 2042 663 2100 cui
686 2042 747 2101 dati
765 2051 832 2102 sunt
856 2044 992 2103 incensus
1019 2043 1111 2119 multi,
1141 2053 1173 2102 ut
1187 2043 1237 2102 det
1251 2062 1313 2101 ora·

109 2122 238 2182 tionibus
254 2121 432 2194 Sanctorum,
448 2120 485 2179 ad
500 2122 589 2180 altere
603 2141 720 2180 aureum
736 2142 832 2181 eoram
846 2123 958 2198 throno,
979 2124 1029 2201 qui
1052 2132 1119 2182 sunt
1143 2131 1224 2182 actus
1238 2141 1315 2182 mere

112 2201 321 2275 Sacerdotales,
336 2221 394 2258 non
410 2200 505 2277 Regii.
548 2201 615 2260 Hoc
629 2201 706 2260 enim
720 2202 757 2260 ad
779 2202 892 2261 nullum
906 2203 994 2262 elium
1009 2223 1096 2280 quam
1117 2203 1154 2260 ad
1169 2203 1316 2262 Christum

109 2301 195 2360 posse
209 2281 308 2340 referri
322 2280 391 2338 alibi
405 2281 566 2357 probatum,
581 2280 714 2340 refutatis
728 2281 948 2360 exceptionibus
963 2283 1214 2342 Adversariorum.

107 2367 113 2376 '
152 2361 193 2418 X.
216 2364 245 2418 4.
269 2359 300 2419 Si
325 2360 498 2418 Intercessio
526 2361 599 2420 nihil
627 2360 706 2419 eliud
731 2369 783 2436 est,
807 2381 894 2439 quam
923 2363 1024 2440 Regiae
1054 2363 1205 2440 potestatis
1232 2381 1315 2420 usur-

109 2441 199 2519 patio,
215 2439 457 2499 confunderentur
471 2440 528 2500 duo
542 2441 598 2500 ista
611 2441 717 2515 munia,
744 2461 808 2518 quae
835 2442 983 2520 Scriptura
1004 2442 1126 2502 sollicite
1154 2441 1316 2518 distinguit.

111 2521 173 2579 Nec
188 2519 319 2579 Christus
334 2539 399 2578 cum
416 2519 630 2596 Sacerdotibus,
646 2519 698 2578 sed
710 2541 776 2579 cum
794 2522 864 2580 solis
879 2521 1011 2600 Regibus
1027 2521 1191 2580 adumbrari
1205 2530 1234 2580 et
1248 2541 1316 2580 con-

108 2600 177 2659 ferri
191 2597 347 2658 debuisset.

412 2679 473 2737 XI.
515 2680 689 2739 Intercessio
716 2699 780 2758 quae
808 2681 945 2741 tribuitur
972 2681 1087 2741 Christo
1111 2699 1169 2738 non
1197 2679 1317 2754 derogat

157 2759 250 2830 1³⁰⁰}ss
266 2757 337 2804 Solu·
377 2759 440 2834 ejus
465 2759 574 2835 gloriae,
589 2761 728 2836 quianon
743 2768 787 2818 est
804 2761 1009 2838 supplicatoris
1023 2770 1052 2819 et
1064 2780 1116 2838 per
1129 2759 1246 2817 modum
1259 2758 1316 2816 suf-

192 2822 295 2862 ΨΜ·
373 2837 466 2914 fragii,
489 2839 583 2915 qualis
607 2847 652 2898 est
666 2839 827 2916 Victorum,
857 2849 886 2900 et
909 2841 1058 2898 bominum
1082 2859 1134 2916 pro
1159 2859 1189 2896 se
1217 2846 1318 2896 mutuo

111 2915 272 2991 orantium3
295 2916 346 2974 sed
360 2917 462 2975 efficax
476 2918 670 2995 interpellatio
683 2939 735 2996 per
748 2919 866 2978 modum
887 2919 1106 2995 jurisdictionis,
1120 2926 1152 2976 ut
1165 2917 1255 2992 vulgo
1275 2917 1317 2974 di·

110 2995 194 3069 citur,
209 3015 261 3071 per
274 3014 361 3071 quam
376 2997 507 3056 Christus
532 2999 703 3076 sanguinem
726 2999 815 3057 semel
835 2999 930 3057 lusum
954 3001 1017 3056 Deo
1041 2998 1199 3056 identidem
1213 3015 1316 3073 reprec-

112 3081 216 3148 sentet,
227 3083 261 3133 ut
274 3075 304 3131 vi
316 3085 345 3134 et
358 3075 485 3136 efficacia
499 3079 561 3155 ejus
575 3086 694 3155 peccata
708 3079 792 3137 nobis
807 3078 996 3152 remittantur,
1020 3087 1048 3137 et
1062 3077 1170 3135 donum
1184 3095 1317 3153 perseve·

111 3154 213 3212 rautiae
227 3154 311 3213 nobis
325 3156 517 3234 concedatur;
540 3158 618 3233 quod
637 3157 723 3216 officii
734 3157 851 3234 quidem
874 3156 1062 3216 oeconomiam
1077 3156 1181 3233 arguit,
1198 3156 1249 3214 sed
1255 3155 1317 3232 glo-

111 3234 184 3292 riam
199 3235 262 3311 ejus
276 3254 334 3294 non
348 3236 500 3296 imminuit.
524 3237 594 3295 Ideo
611 3239 720 3296 Paulus
733 3247 884 3314 utramque
899 3236 1034 3295 distincto
1050 3236 1164 3294 Christo
1179 3235 1317 3311 vindicat,

114 3314 271 3372 Romviii.
287 3317 334 3389 34,
362 3317 519 3374 sessionem
547 3317 584 3374 ad
599 3317 740 3392 dextram,
766 3325 795 3375 et
814 3316 1074 3394 interpellationem
1098 3335 1150 3392 pro
1177 3317 1270 3391 nobis,
1286 3325 1319 3374 ut

113 3394 214 3453 innuat
228 3394 271 3452 illi
290 3403 442 3472 utramque
463 3397 549 3455 etiam
564 3397 678 3474 proprie
703 3404 882 3474 competere,
906 3397 992 3454 Illam
1011 3394 1128 3472 quidem
1153 3415 1206 3454 ceu
1231 3395 1317 3473 Regi,

114 3474 199 3532 Hunc
214 3493 283 3533 vero
298 3495 352 3533 ceu
368 3475 524 3535 Sacerdoti.

153 3553 230 3612 XII.
255 3554 297 3614 Ut
321 3555 485 3614 humanitas
508 3555 616 3614 Christi
643 3575 701 3614 non
729 3557 833 3629 obstat,
863 3556 1016 3632 quominus
1037 3563 1070 3615 ut
1095 3555 1160 3614 Rex
1189 3575 1319 3614 summus

112 3642 142 3692 et
155 3633 338 3711 omnipotens
365 3635 516 3695 invocetur
530 3645 559 3694 et
573 3635 709 3695 adoretur
732 3655 749 3694 a
773 3636 865 3710 nobis,
881 3637 950 3713 quia
973 3657 1031 3696 non
1052 3644 1097 3695 est
1112 3656 1208 3695 merus
1221 3636 1317 3710 homo,

113 3712 165 3772 sed
185 3733 244 3772 una
264 3722 388 3774 aeternus
409 3735 474 3774 cum
497 3715 583 3774 Patre
609 3716 709 3775 Deus:
745 3716 792 3773 Its
820 3716 920 3774 divina
946 3718 1009 3794 ejus
1036 3723 1066 3775 et
1083 3716 1165 3792 regia
1192 3723 1320 3793 potestas

112 3813 172 3852 non
186 3792 314 3870 impedit,
343 3796 497 3871 quominus
517 3804 551 3855 ut
573 3795 714 3854 Sacerdos
734 3795 899 3872 interpellet
911 3816 964 3873 pro
985 3797 1077 3871 nobis,
1094 3797 1161 3873 quia
1175 3804 1219 3854 est
1245 3795 1319 3852 Sidr-

116 3880 215 3951 tgmr,
231 3881 261 3930 et
274 3891 331 3948 qua
345 3874 411 3932 talis
426 3874 571 3934 Mediator
583 3875 638 3933 Dei
653 3883 682 3933 et
696 3874 853 3933 hominum.

229 4009 234 4022 ,
419 3954 513 4012 XIII.
545 3954 648 4030 Quoad
675 3957 788 4012 modum
814 3955 1048 4013 intercessionis:
1083 3957 1108 4012 l.
1131 3953 1197 4012 Non
1224 3959 1319 4010 atten-

120 4009 357 4112 QI¹,¹,¹,³,„⁸,}„„¹,¹},‘}}¹}⁸
378 4032 480 4092 deudse
508 4043 576 4093 sunt
603 4033 741 4092 orationis
768 4035 997 4109 circumstantiae,
1027 4033 1111 4108 quasi
1137 4032 1175 4089 ad
1201 4031 1318 4089 modum

380 4113 603 4189 supplicantium
623 4113 653 4171 in
671 4133 767 4190 genua
780 4114 988 4190 procumberet,
1002 4131 1105 4170 manus
1119 4111 1168 4168 vel
1177 4111 1276 4169 oculos
1287 4112 1317 4168 in

116 4190 223 4250 coelum
237 4189 358 4262 tolleret,
374 4200 403 4250 et
424 4191 520 4269 aliqua
534 4193 661 4270 corporis
676 4194 721 4252 sui
734 4194 924 4270 prostratione
940 4211 969 4250 se
985 4211 1080 4250 coram
1096 4190 1158 4248 Deo
1173 4189 1318 4266 abjiceret,

116 4269 196 4348 quod
210 4287 310 4345 parum
325 4271 491 4330 conveniret
504 4273 603 4348 glorias
618 4293 703 4350 quam
720 4292 772 4350 per
786 4273 943 4332 sessionem
966 4270 1003 4328 ad
1023 4270 1154 4329 dextram
1181 4269 1237 4327 Dei
1251 4289 1317 4326 con-

116 4358 233 4410 secutus
247 4356 310 4417 est3
329 4348 380 4407 sed
393 4349 529 4409 orationis
540 4359 652 4411 tantrrm
666 4353 835 4427 substantia,
846 4369 992 4428 perquam
1006 4351 1113 4408 bonum
1127 4348 1211 4407 nobis
1221 4367 1319 4406 neces·

116 4430 224 4490 sarium
253 4427 416 4487 declaratur
443 4439 472 4488 et
498 4431 651 4508 expetitur.
703 4436 731 4490 2.
755 4431 927 4490 Intercessio
951 4430 1015 4504 ista,
1044 4427 1093 4487 vel
1119 4428 1152 4486 fit
1176 4429 1320 4504 expressis

117 4509 227 4583 verbis,
243 4507 291 4566 vel
304 4508 527 4586 interpretative,
544 4511 636 4588 magle
650 4512 681 4568 in
694 4511 788 4586 rebus,
805 4530 891 4586 quam
905 4509 935 4567 in
959 4508 1065 4583 verbis,
1088 4528 1139 4586 per
1163 4527 1318 4585 repraesen-

115 4590 254 4650 tationem
270 4589 371 4648 mortis
395 4608 455 4647 suae
478 4588 508 4647 in
523 4591 611 4666 coelis,
627 4610 685 4668 quo
699 4610 785 4649 sensu
808 4589 934 4666 Sanguis
948 4589 1055 4647 Christi
1069 4587 1174 4647 dicitur
1187 4587 1319 4664 clamare,

117 4671 196 4730 Heb.
219 4668 271 4727 xii.
286 4669 334 4726 24.
374 4671 402 4728 3.
419 4669 595 4746 Quocunque
616 4670 702 4729 modo
723 4669 782 4746 fiat,
805 4668 1032 4746 nonputandum
1047 4679 1091 4728 est
1112 4687 1174 4727 eam
1197 4667 1259 4724 fieri
1284 4669 1321 4728 ad

146 4885 160 4916 κ
227 4889 239 4900 .
