3186 5210
147 350 256 398 cures'r.
269 329 358 410 xvia]
602 351 641 390 ns
655 349 823 391 vocnrrosn
838 351 875 392 er
890 351 968 391 eros.
1294 337 1352 395 553

145 493 203 550 tale
225 512 274 550 cor
298 492 359 569 ipse
373 491 503 568 largitur,
526 499 554 550 et
575 491 648 550 indit
673 492 863 552 credentibus
890 511 941 570 per
965 477 1093 568 gratiam¹
1115 494 1352 568 regenerationis,

150 573 235 630 Ezec.
251 572 355 630 xxxvi.
372 575 419 630 26.
473 571 550 630 Loca
564 591 628 648 quse
650 571 808 632 afferuntur
828 593 866 631 ex
885 573 947 632 Jer.
962 571 1034 629 xvii.
1050 573 1078 644 9,
1101 577 1130 628 et
1155 571 1242 630 Prov.
1257 593 1308 632 xx.
1324 580 1352 649 9,

148 671 213 728 quse
227 659 369 711 testantur
382 671 433 710 cor
444 651 569 709 hominis
583 671 646 710 esse
660 671 781 729 pravum
795 661 825 711 et
838 650 1032 726 inscrutabile,
1049 657 1078 708 et
1098 650 1243 712 neminem
1257 652 1352 712 dicere

149 750 234 808 posse
255 752 305 790 cor
329 751 413 792 sunm
435 749 498 789 esse
513 732 660 806 mundum,
685 733 841 791 ostendunt
864 740 977 791 tanturn
1002 730 1087 806 quale
1107 730 1144 788 sit
1158 750 1208 788 cor
1228 731 1354 790 hominis

149 818 261 887 natura,
285 832 344 868 non
358 811 443 888 quale
457 810 543 869 tiata
565 813 667 888 gratia.
709 812 775 871 Non
798 832 867 889 ergo
892 810 1062 871 temeritatis
1079 817 1109 868 ct
1122 812 1353 888 praesnmptionis

152 891 316 949 damnanda
329 900 374 950 est
388 889 530 949 certitudo
543 890 646 967 fidelis,
659 911 724 950 cnm
739 912 797 950 non
811 893 920 951 nitatur
939 889 1051 969 judicio
1073 889 1168 948 cordis
1186 892 1311 950 naturali
1325 900 1355 951 et

149 970 271 1044 fallibili,
288 970 339 1029 sed
348 970 460 1047 judicio
475 969 570 1028 cordis
584 972 715 1048 regeniti,
731 972 896 1031 testImonio
909 973 1035 1049 Spiritus
1051 967 1149 1028 Sancti
1160 969 1286 1048 nitentis,
1303 973 1353 1049 qui

147 1050 298 1108 veritatem
318 1058 347 1109 et
368 1050 561 1109 sinceritatem
583 1051 651 1110 fidei
675 1071 711 1110 ex
736 1053 799 1130 ejus
809 1051 954 1130 adjunctis
968 1061 998 1112 61
1021 1046 1139 1124 effectis,
1152 1049 1239 1126 juxta
1253 1061 1354 1127 »pastea

147 1129 178 1186 in
193 1129 291 1188 Verbo
302 1131 457 1206 proposita,
472 1130 594 1208 probet,
616 1131 691 1190 Turn
705 1133 816 1190 ratione
829 1134 948 1208 subjecta,
964 1152 1053 1210 quum
1067 1156 1118 1194 cor
1130 1127 1355 1212 deprehenditur

149 1209 257 1267 bonum
268 1219 297 1268 61
318 1211 479 1283 honestum,
500 1209 571 1270 Luc.
587 1211 647 1270 viii.
665 1214 711 1286 15,
733 1231 792 1270 666
813 1212 926 1288 durum,
942 1212 994 1271 sed
1008 1213 1131 1274 fractum
1145 1222 1175 1273 61
1188 1209 1352 1280 contritum,

149 1288 208 1346 Isa.
223 1289 275 1348 lxi.
293 1292 317 1365 l,
334 1290 446 1350 etlxvi.
461 1293 489 1364 2,
503 1289 579 1348 Psal.
594 1291 625 1348 li.
642 1295 687 1366 17,
703 1311 762 1350 non
775 1292 993 1370 hypocriticam,
1010 1295 1089 1372 quod
1102 1300 1190 1371 tegat,
1207 1291 1353 1359 extenuet,

149 1387 183 1426 ac
198 1369 360 1428 dissimulet
379 1377 505 1447 peccate,
522 1369 573 1428 661
587 1372 737 1445 siucerum,
753 1371 832 1448 quod
846 1391 880 1430 ea
899 1373 1069 1433 confiteatur
1082 1382 1111 1434 61
1125 1373 1293 1450 suppliciter
1305 1366 1354 1424 de·

149 1458 290 1526 precetur,
318 1449 395 1508 Psal.
421 1449 515 1508 xxxii.
530 1451 568 1525 5;
590 1450 665 1509 Tum
688 1451 799 1510 ratione
819 1453 917 1528 objecti
940 1460 970 1511 et
996 1455 1080 1530 modi,
1105 1473 1195 1530 quum
1209 1452 1281 1509 fides
1296 1465 1356 1506 am·

149 1528 285 1606 plectitur
313 1527 515 1606 Evangelium,
544 1549 602 1588 non
625 1539 743 1608 propter
776 1532 934 1591 novitatem
956 1532 1103 1608 doctrinae,
1132 1540 1183 1591 aut
1208 1527 1362 1589 licentiam'

150 1609 297 1686 peccandi,
314 1628 351 1667 ex
365 1609 497 1668 libertate
513 1609 675 1668 Christiane
689 1619 718 1669 et
732 1611 858 1688 gratuita
881 1611 1103 1689 justificatione,
1124 1613 1209 1670 Rom.
1224 1611 1263 1668 vi.
1279 1613 1307 1684 2,
1339 1607 1354 1662 l

152 1689 215 1747 Pet.
230 1688 260 1748 ii.
278 1691 323 1764 15,
338 1691 384 1763 16,
410 1696 461 1748 661
474 1696 591 1766 propter
604 1691 672 1749 vitae
688 1690 845 1766 commoda,
863 1692 914 1750 sed
927 1693 1011 1751 unice
1022 1700 1140 1770 propter
1151 1693 1246 1751 Deum
1261 1688 1355 1749 omnis

152 1769 221 1827 boni
231 1768 348 1844 fontem,
361 1777 389 1827 et
403 1777 520 1846 propter
534 1769 689 1844 Christum,
704 1771 734 1828 16
748 1791 805 1848 666
828 1772 921 1830 omnis
935 1772 1085 1849 plenitudo
1110 1772 1210 1850 gratiae
1223 1770 1336 1829 habitat
1347 1765 1362 1842 ;ι

153 1849 227 1905 Τ66
241 1849 352 1908 ratione
366 1858 487 1923 6616661,
503 1848 604 1925 666166
627 1859 696 1909 6661
715 1850 849 1909 contritio
863 1851 967 1927 cordis,
988 1861 1018 1912 61
1042 1854 1134 1911 sen'us
1149 1851 1232 1910 dolor
1244 1847 1357 1927 peccati

152 1935 269 2006 propter
283 1929 386 2004 Deum,
397 1929 505 1986 esuries
520 1937 549 1986 et
563 1928 626 1988 sitis
647 1948 699 1988 sen
712 1929 886 1989 desiderium
904 1931 1035 2008 justitiae,
1052 1951 1154 1992 sensus
1175 1931 1276 2008 gratiae
1298 1948 1357 1987 non

152 2008 301 2083 evanidus,
329 2009 406 2067 bona
420 2008 604 2081 conscientia,
617 2009 744 2068 studium
755 2011 878 2068 cavendi
891 2010 998 2088 lapsus,
1009 2020 1044 2071 ¹et
1058 2031 1088 2070 se
1105 2013 1168 2070 Deo
1179 2007 1358 2088 approbandi

152 2087 246 2164 magis
259 2089 409 2165 magisque
423 2107 474 2166 per
495 2088 608 2165 praxim
632 2090 800 2164 sanctitatis,
815 2110 874 2148 non
898 2089 937 2148 ad
960 2099 1145 2165 momentum,
1161 2091 1213 2150 sed
1235 2089 1309 2148 serio
1328 2097 1359 2148 et

153 2175 325 2227 constanter.
369 2168 404 2225 In
427 2168 532 2245 quibus
555 2177 651 2227 tamen
676 2189 734 2228 non
749 2169 928 2246 expectanda
949 2179 994 2229 est
1016 2169 1154 2248 perfectio
1183 2169 1356 2243 omnimoda,

153 2247 205 2307 sed
215 2247 371 2324 spectanda
385 2247 543 2322 sinceritas,
558 2249 627 2324 quia
651 2247 783 2307 Christus
804 2249 972 2307 arundinem
987 2259 1153 2326 quassatam
1167 2269 1225 2309 666
1239 2249 1356 2326 frangit,

153 2347 207 2386 nec
221 2327 312 2384 linum
326 2326 470 2463 fqmiguns
494 2326 648 2405 extinguit,
675 2336 704 2386 et
718 2347 776 2386 666
790 2336 850 2386 tam
862 2327 931 2387 fidei
945 2331 1145 2406 quantitatem,
1161 2349 1247 2407 qnam
1263 2328 1357 2406 quali-

155 2415 244 2466 tatem
259 2413 338 2464 atten
359 2406 390 2464 it.

161 2505 167 2530 ¹
195 2485 325 2544 XXXI.
348 2485 432 2568 Quod
445 2493 576 2547 tenemur
589 2487 705 2547 credere
718 2487 894 2566 1116116166,
910 2489 996 2548 debet
1010 2490 1089 2549 credi
1104 2508 1216 2566 semper
1230 2498 1261 2548 ut
1275 2488 1359 2547 indu·

154 2565 287 2635 bitatum,
302 2585 390 2642 quum
405 2567 501 2642 agitur
514 2568 550 2626 de
565 2568 736 2627 veritatibus
755 2568 921 2628 immediate
941 2569 1085 2644 revelatis,
1102 2577 1131 2628 61
1148 2589 1165 2626 6
1178 2568 1263 2626 nobis
1277 2568 1359 2626 inde·

154 2643 355 2723 pendentibus,
368 2647 469 2723 quales
484 2656 551 2706 sunt
565 2647 692 2708 Articuli
705 2648 782 2723 fidei,
798 2647 835 2706 de
846 2667 968 2725 quorum
981 2649 1104 2708 veritate
1126 2667 1184 2706 non
1206 2665 1359 2724 possumus

157 2725 289 2785 dubitare
304 2726 358 2784 sub
372 2746 544 2804 quocunque
558 2735 709 2804 praetextu.
755 2727 814 2786 Sed
826 2747 886 2786 666
899 2727 1000 2786 eadem
1015 2735 1059 2786 est
1072 2727 1146 2786 ratio
1167 2725 1357 2800 certitudinis,

154 2825 241 2883 quam
255 2805 350 2865 fidelis
364 2807 452 2865 babet
466 2805 501 2864 de
516 2807 684 2866 remissione
708 2816 891 2885 peccatorum
906 2827 1030 2882 suorum,
1043 2826 1107 2883 quse
1121 2825 1181 2864 non
1194 2805 1359 2863 immediate

154 2885 299 2944 revelatur
311 2886 342 2943 in
363 2885 472 2962 Verbo,
486 2885 537 2945 661
548 2907 612 2964 quae
627 2888 717 2946 oritur
731 2907 770 2946 ex
789 2887 968 2964 experientia
982 2897 1011 2945 et
1025 2905 1111 2945 sensu
1125 2886 1238 2944 interno
1253 2883 1357 2960 cordis,

154 2966 233 3042 6616
245 2966 329 3024 nobis
340 2965 455 3044 pendet,
468 2973 497 3024 et
506 2966 557 3043 661
569 2985 644 3043 saepe
655 2975 751 3044 potest
762 2967 868 3026 dubius
879 2987 942 3025 esse
953 2974 982 3026 61
992 2967 1126 3040 incertus,
1142 2984 1201 3023 non
1214 2963 1310 3022 minus
1325 2984 1359 3022 ac

153 3045 325 3123 principium
339 3065 397 3123 quo
411 3045 521 3105 nititur.
564 3045 650 3105 Unde
672 3046 777 3106 falsum
799 3055 844 3106 est
867 3065 969 3106 verum
982 3045 1097 3104 fidelem
1112 3044 1216 3122 quovis
1230 3051 1359 3120 tempore

152 3145 237 3203 posse
251 3133 280 3184 61
294 3125 399 3185 debere
413 3133 523 3184 certum
536 3125 645 3184 essede
654 3127 821 3185 remissione
834 3133 1016 3203 peccatorum
1031 3145 1156 3198 snorum,
1172 3123 1259 3183 etiarn
1269 3143 1359 3201 quum

147 3208 227 3284 jacet
240 3205 270 3264 16
283 3213 411 3283 peccato,
427 3212 456 3263 et
470 3204 564 3264 carnis
586 3205 792 3284 cupiditatibus
816 3205 957 3283 indulget,
972 3205 1048 3284 quia,
1064 3205 1107 3264 uti
1121 3203 1256 3280 diximus,
1273 3203 1357 3263 certi·

154 3285 225 3344 tudo
240 3304 299 3344 non
313 3285 398 3345 datur
412 3293 495 3344 extra
509 3304 593 3344 usum
607 3284 776 3345 mediorum.

192 3364 339 3424 XXXII.
363 3365 433 3424 Alis
446 3373 490 3424 est
504 3366 639 3424 6661116116
653 3367 863 3442 616616166666
874 3385 932 3424 666
946 3364 1053 3443 pendet
1066 3365 1103 3423 ab
1112 3365 1172 3423 ulla
1183 3363 1357 3439 conditione,

152 3465 217 3522 quse
231 3445 323 3523 possit
335 3445 416 3503 illam
428 3445 550 3504 reddere
564 3445 711 3522 incertam,
727 3445 822 3523 qualis
836 3453 881 3504 est
908 3444 1059 3520 certitudo,
1085 3443 1163 3521 qnod
1173 3445 1254 3503 Dens
1268 3444 1313 3520 sit,
1330 3451 1360 3503 61

152 3524 230 3603 6661
253 3526 348 3584 anima
370 3525 408 3584 sit
431 3524 610 3600 immortalis,
634 3533 664 3584 et
682 3526 745 3585 sim.
787 3523 858 3584 Alia
871 3533 916 3584 est
929 3527 1064 3585 666111(ιά6
1078 3525 1277 3601 conditionata,
1293 3544 1358 3602 que

128 3669 130 3674 ,
152 3605 190 3664 sb
203 3605 301 3682 eliqua
315 3605 479 3664 conditione
493 3604 608 3682 pendet,
624 3605 719 3682 qualis
741 3613 802 3664 erat
824 3605 965 3665 certitudo
983 3606 1053 3664 vitae
1067 3606 1097 3663 in
1113 3605 1239 3664 Ezechia
1252 3604 1358 3682 produ-

151 3684 249 3742 cendae
263 3685 301 3744 sd
314 3684 478 3761 quindecim
492 3703 592 3760 annos,
604 3705 670 3762 quse
683 3685 726 3742 illi
740 3684 881 3763 promissa
894 3685 957 3762 fuit,
973 3694 1002 3746 61
1016 3685 1052 3744 (16
1066 3705 1124 3762 qua
1131 3693 1227 3745 certus
1237 3684 1357 3761 proinde

153 3763 782 3840 6666661661,6616616661111666166166,61
793 3784 851 3823 666
863 3765 918 3824 sibi
925 3765 1081 3844 denegaret
1086 3765 1195 3824 victum
1201 3761 1357 3822 necessari-

153 3861 212 3914 um,
223 3842 275 3900 sed
286 3841 918 3905 medianecessariaadconservationemvitae
925 3845 1083 3904 adhiberet.
1106 3841 1356 3901 Talisestcertitu·

154 3919 1355 4002 defidelis,dequaloquImur,quaesupponitconditionemususmediorum,utdixi·

152 4019 226 4059 mus.
270 3999 367 4080 Prima
380 4001 522 4061 certitudo
533 4011 577 4061 est
585 4011 714 4064 aetnaeos
726 4024 792 4064 cum
799 4005 910 4079 timore,
923 4004 991 4080 quia
998 4021 1050 4079 pro
1065 4001 1178 4077 objecto
1184 3999 1271 4057 habet
1280 3998 1356 4057 veri·

150 4089 241 4140 tatem
251 4079 491 4156 independentcm
502 4082 620 4158 anobis,
636 4083 687 4142 661
698 4083 890 4143 secundanon
904 4082 990 4140 modo
1001 4083 1132 4140 timorem
1147 4097 1206 4137 666
1216 4078 1355 4156 excludit,

152 4160 204 4220 661
219 4179 285 4218 enm
296 4161 432 4237 supponit
439 4161 609 4238 necessario,
620 4171 756 4241 tanquam
765 4161 891 4221 medium
902 4160 940 4220 sd
953 4163 1016 4239 ejus
1030 4159 1284 4218 confirmationem.

193 4239 359 4298 XXXIII.
381 4239 481 4298 Timor
504 4241 573 4300 mali
596 4241 693 4318 futuri,
717 4241 795 4321 quod
818 4241 905 4300 debet
926 4239 1088 4300 necessario
1107 4238 1283 4316 contingere,
1298 4257 1357 4297 non

151 4329 248 4399 potest
258 4339 324 4378 cum
338 4319 510 4380 certitudine
525 4321 690 4382 consistere.
715 4320 773 4382 Sed
786 4321 872 4381 timor
886 4321 964 4398 mali,
980 4320 1058 4398 quod
1071 4327 1170 4398 posset
1180 4318 1356 4395 contingere,

151 4400 335 4460 nisimature
349 4398 393 4457 illi
416 4400 634 4478 prospiceretur,
651 4421 710 4461 non
724 4401 809 4461 modo
832 4420 890 4459 666
903 4408 1015 4480 pugnat
1029 4420 1095 4459 cum
1110 4399 1290 4472 certitudine,
1306 4396 1358 4456 sed

150 4480 194 4540 illi
208 4479 402 4558 producendae
427 4479 555 4558 inservit,
581 4481 650 4540 dum
675 4481 899 4542 sollicitudiuem
923 4489 953 4540 et
971 4479 1153 4559 vigilantiam
1173 4479 1292 4552 inducit,
1307 4497 1359 4555 per

150 4579 238 4640 quam
249 4579 385 4620 66666666
397 4579 433 4618 66
447 4559 478 4617 16
491 4561 548 4621 1616
562 4561 669 4622 malum
683 4560 854 4623 incidamus.
889 4561 969 4623 Talis
979 4569 1023 4622 est
1033 4561 1119 4621 timor
1132 4579 1218 4639 quern
1235 4558 1359 4637 Spiritus

154 4641 183 4701 S.
199 4641 293 4718 exigit
303 4639 334 4699 in
347 4639 491 4701 fidelibus.
