<?xml version="1.0" encoding="UTF-8"?>
<!DOCTYPE html PUBLIC "-//W3C//DTD XHTML 1.0 Transitional//EN"
    "http://www.w3.org/TR/xhtml1/DTD/xhtml1-transitional.dtd">
<html xmlns="http://www.w3.org/1999/xhtml" xml:lang="en" lang="en">
 <head>
  <title>
</title>
<meta http-equiv="Content-Type" content="text/html;charset=utf-8" />
  <meta name='ocr-system' content='tesseract 3.04.00' />
  <meta name='ocr-capabilities' content='ocr_page ocr_carea ocr_par ocr_line ocrx_word'/>
</head>
<body>
  <div class='ocr_page' id='page_1' title='image "./francisciturret00pictgoog_0651.png"; bbox 0 0 3152 5198; ppageno 0'>
   <div class='ocr_carea' id='block_1_1' title="bbox 295 349 1531 442">
    <p class='ocr_par' dir='ltr' id='par_1_1' title="bbox 295 349 1531 442">
     <span class='ocr_line' id='line_1_1' title="bbox 295 349 1531 442; baseline -0.011 -12"><span class='ocrx_word' id='word_1_1' title='bbox 295 373 354 430; x_wconf 72' lang='lat'>620</span> <span class='ocrx_word' id='word_1_2' title='bbox 665 385 761 428; x_wconf 76' lang='lat' dir='ltr'>rocus</span> <span class='ocrx_word' id='word_1_3' title='bbox 774 384 1068 429; x_wconf 80' lang='lat' dir='ltr'>nscmusssrrurus.</span> <span class='ocrx_word' id='word_1_4' title='bbox 1326 369 1483 442; x_wconf 62' lang='lat' dir='ltr'>[cunsrnn.</span> <span class='ocrx_word' id='word_1_5' title='bbox 1530 349 1531 394; x_wconf 74' lang='lat' dir='ltr'>t</span> 
     </span>
    </p>
   </div>
   <div class='ocr_carea' id='block_1_2' title="bbox 292 521 1531 3370">
    <p class='ocr_par' dir='ltr' id='par_1_2' title="bbox 292 521 1531 1143">
     <span class='ocr_line' id='line_1_2' title="bbox 334 521 1486 605; baseline -0.01 -19"><span class='ocrx_word' id='word_1_6' title='bbox 334 526 463 588; x_wconf 90' lang='lat' dir='ltr'>XXIII.</span> <span class='ocrx_word' id='word_1_7' title='bbox 486 526 542 601; x_wconf 85' lang='lat' dir='ltr'>Qui</span> <span class='ocrx_word' id='word_1_8' title='bbox 556 536 673 586; x_wconf 81' lang='lat' dir='ltr'>servant</span> <span class='ocrx_word' id='word_1_9' title='bbox 686 525 821 585; x_wconf 82' lang='lat' dir='ltr'>mandata</span> <span class='ocrx_word' id='word_1_10' title='bbox 834 525 964 584; x_wconf 88' lang='lat' dir='ltr'>absolute</span> <span class='ocrx_word' id='word_1_11' title='bbox 989 535 1018 586; x_wconf 90' lang='lat' dir='ltr'>et</span> <span class='ocrx_word' id='word_1_12' title='bbox 1039 525 1173 605; x_wconf 75' lang='lat' dir='ltr'>perfecte,</span> <span class='ocrx_word' id='word_1_13' title='bbox 1191 525 1233 584; x_wconf 87' lang='lat' dir='ltr'>iis</span> <span class='ocrx_word' id='word_1_14' title='bbox 1257 525 1324 582; x_wconf 84' lang='lat' dir='ltr'>Lex</span> <span class='ocrx_word' id='word_1_15' title='bbox 1338 521 1486 580; x_wconf 78' lang='lat' dir='ltr'>absolutae</span> 
     </span>
     <span class='ocr_line' id='line_1_3' title="bbox 292 603 1485 688; baseline -0.01 -21"><span class='ocrx_word' id='word_1_16' title='bbox 292 609 417 688; x_wconf 84' lang='lat' dir='ltr'>perfecte</span> <span class='ocrx_word' id='word_1_17' title='bbox 430 607 577 683; x_wconf 88' lang='lat' dir='ltr'>possibilis</span> <span class='ocrx_word' id='word_1_18' title='bbox 591 617 653 682; x_wconf 85' lang='lat' dir='ltr'>est;</span> <span class='ocrx_word' id='word_1_19' title='bbox 677 607 716 664; x_wconf 87' lang='lat' dir='ltr'>Et</span> <span class='ocrx_word' id='word_1_20' title='bbox 729 606 778 683; x_wconf 93' lang='lat' dir='ltr'>qui</span> <span class='ocrx_word' id='word_1_21' title='bbox 803 604 928 682; x_wconf 88' lang='lat' dir='ltr'>diligunt</span> <span class='ocrx_word' id='word_1_22' title='bbox 949 607 1050 664; x_wconf 90' lang='lat' dir='ltr'>eodem</span> <span class='ocrx_word' id='word_1_23' title='bbox 1070 605 1166 680; x_wconf 87' lang='lat' dir='ltr'>modo,</span> <span class='ocrx_word' id='word_1_24' title='bbox 1184 605 1266 663; x_wconf 87' lang='lat' dir='ltr'>bene</span> <span class='ocrx_word' id='word_1_25' title='bbox 1282 603 1415 662; x_wconf 82' lang='lat' dir='ltr'>dicuntur</span> <span class='ocrx_word' id='word_1_26' title='bbox 1425 617 1485 655; x_wconf 84' lang='lat' dir='ltr'>man·</span> 
     </span>
     <span class='ocr_line' id='line_1_4' title="bbox 294 677 1486 766; baseline -0.009 -19"><span class='ocrx_word' id='word_1_27' title='bbox 294 689 362 747; x_wconf 85' lang='lat' dir='ltr'>data</span> <span class='ocrx_word' id='word_1_28' title='bbox 385 685 513 764; x_wconf 87' lang='lat' dir='ltr'>implere.</span> <span class='ocrx_word' id='word_1_29' title='bbox 558 686 616 746; x_wconf 86' lang='lat' dir='ltr'>Sed</span> <span class='ocrx_word' id='word_1_30' title='bbox 630 705 694 744; x_wconf 89' lang='lat' dir='ltr'>cum</span> <span class='ocrx_word' id='word_1_31' title='bbox 709 703 794 743; x_wconf 89' lang='lat' dir='ltr'>nemo</span> <span class='ocrx_word' id='word_1_32' title='bbox 808 684 846 743; x_wconf 90' lang='lat' dir='ltr'>sit</span> <span class='ocrx_word' id='word_1_33' title='bbox 859 684 910 762; x_wconf 95' lang='lat' dir='ltr'>qui</span> <span class='ocrx_word' id='word_1_34' title='bbox 923 684 964 743; x_wconf 84' lang='lat' dir='ltr'>ita</span> <span class='ocrx_word' id='word_1_35' title='bbox 985 685 1096 763; x_wconf 84' lang='lat' dir='ltr'>diligat,</span> <span class='ocrx_word' id='word_1_36' title='bbox 1112 694 1141 744; x_wconf 86' lang='lat' dir='ltr'>et</span> <span class='ocrx_word' id='word_1_37' title='bbox 1161 683 1314 741; x_wconf 80' lang='lat' dir='ltr'>mandata</span> <span class='ocrx_word' id='word_1_38' title='bbox 1325 686 1423 750; x_wconf 84' lang='lat' dir='ltr'>servet,</span> <span class='ocrx_word' id='word_1_39' title='bbox 1436 677 1486 766; x_wconf 75' lang='lat' dir='ltr'>quia</span> 
     </span>
     <span class='ocr_line' id='line_1_5' title="bbox 295 761 1486 842; baseline -0.008 -16"><span class='ocrx_word' id='word_1_40' title='bbox 295 787 333 826; x_wconf 84' lang='lat' dir='ltr'>ex</span> <span class='ocrx_word' id='word_1_41' title='bbox 346 773 427 842; x_wconf 87' lang='lat' dir='ltr'>parte</span> <span class='ocrx_word' id='word_1_42' title='bbox 440 774 552 825; x_wconf 73' lang='lat' dir='ltr'>tantiam</span> <span class='ocrx_word' id='word_1_43' title='bbox 567 765 775 842; x_wconf 77' lang='lat' dir='ltr'>cognoscimus,</span> <span class='ocrx_word' id='word_1_44' title='bbox 793 761 807 819; x_wconf 97' lang='lat'>1</span> <span class='ocrx_word' id='word_1_45' title='bbox 828 763 893 822; x_wconf 83' lang='lat' dir='ltr'>Cor.</span> <span class='ocrx_word' id='word_1_46' title='bbox 913 764 976 823; x_wconf 84' lang='lat' dir='ltr'>xiii.</span> <span class='ocrx_word' id='word_1_47' title='bbox 999 766 1026 839; x_wconf 84' lang='lat'>9,</span> <span class='ocrx_word' id='word_1_48' title='bbox 1053 771 1082 822; x_wconf 89' lang='lat' dir='ltr'>et</span> <span class='ocrx_word' id='word_1_49' title='bbox 1102 784 1141 822; x_wconf 82' lang='lat' dir='ltr'>ex</span> <span class='ocrx_word' id='word_1_50' title='bbox 1163 771 1256 840; x_wconf 81' lang='lat' dir='ltr'>parte</span> <span class='ocrx_word' id='word_1_51' title='bbox 1283 778 1419 831; x_wconf 83' lang='lat' dir='ltr'>amamus,</span> <span class='ocrx_word' id='word_1_52' title='bbox 1433 767 1486 814; x_wconf 71' lang='lat' dir='ltr'>etta</span> 
     </span>
     <span class='ocr_line' id='line_1_6' title="bbox 294 834 1487 922; baseline -0.009 -18"><span class='ocrx_word' id='word_1_53' title='bbox 294 845 392 904; x_wconf 88' lang='lat' dir='ltr'>multis</span> <span class='ocrx_word' id='word_1_54' title='bbox 407 845 593 922; x_wconf 84' lang='lat' dir='ltr'>impingimus</span> <span class='ocrx_word' id='word_1_55' title='bbox 607 862 713 916; x_wconf 87' lang='lat' dir='ltr'>omnes,</span> <span class='ocrx_word' id='word_1_56' title='bbox 729 841 794 900; x_wconf 89' lang='lat' dir='ltr'>Jao.</span> <span class='ocrx_word' id='word_1_57' title='bbox 810 840 851 898; x_wconf 90' lang='lat' dir='ltr'>iii.</span> <span class='ocrx_word' id='word_1_58' title='bbox 866 846 893 916; x_wconf 83' lang='lat'>2,</span> <span class='ocrx_word' id='word_1_59' title='bbox 916 842 1009 901; x_wconf 90' lang='lat' dir='ltr'>Nemo</span> <span class='ocrx_word' id='word_1_60' title='bbox 1023 843 1109 902; x_wconf 87' lang='lat' dir='ltr'>etiam</span> <span class='ocrx_word' id='word_1_61' title='bbox 1123 851 1226 920; x_wconf 87' lang='lat' dir='ltr'>potest</span> <span class='ocrx_word' id='word_1_62' title='bbox 1240 842 1302 898; x_wconf 88' lang='lat' dir='ltr'>hoc</span> <span class='ocrx_word' id='word_1_63' title='bbox 1323 839 1378 897; x_wconf 90' lang='lat' dir='ltr'>sibi</span> <span class='ocrx_word' id='word_1_64' title='bbox 1395 834 1487 922; x_wconf 66' lang='lat' dir='ltr'>privile·</span> 
     </span>
     <span class='ocr_line' id='line_1_7' title="bbox 297 912 1531 1004; baseline -0.014 -20"><span class='ocrx_word' id='word_1_65' title='bbox 297 925 377 1004; x_wconf 89' lang='lat' dir='ltr'>gium</span> <span class='ocrx_word' id='word_1_66' title='bbox 398 924 555 982; x_wconf 84' lang='lat' dir='ltr'>vindicare.</span> <span class='ocrx_word' id='word_1_67' title='bbox 607 923 646 980; x_wconf 90' lang='lat' dir='ltr'>Et</span> <span class='ocrx_word' id='word_1_68' title='bbox 659 921 738 997; x_wconf 91' lang='lat' dir='ltr'>quod</span> <span class='ocrx_word' id='word_1_69' title='bbox 751 921 820 979; x_wconf 85' lang='lat' dir='ltr'>Joh.</span> <span class='ocrx_word' id='word_1_70' title='bbox 837 920 898 979; x_wconf 81' lang='lat' dir='ltr'>xiv.</span> <span class='ocrx_word' id='word_1_71' title='bbox 913 925 961 997; x_wconf 81' lang='lat'>23,</span> <span class='ocrx_word' id='word_1_72' title='bbox 977 931 1007 981; x_wconf 89' lang='lat' dir='ltr'>et</span> <span class='ocrx_word' id='word_1_73' title='bbox 1021 923 1104 980; x_wconf 87' lang='lat' dir='ltr'>Rom.</span> <span class='ocrx_word' id='word_1_74' title='bbox 1119 921 1182 979; x_wconf 81' lang='lat' dir='ltr'>xiii.</span> <span class='ocrx_word' id='word_1_75' title='bbox 1200 923 1232 994; x_wconf 88' lang='lat'>8,</span> <span class='ocrx_word' id='word_1_76' title='bbox 1250 919 1369 990; x_wconf 86' lang='lat' dir='ltr'>dicitur,</span> <span class='ocrx_word' id='word_1_77' title='bbox 1384 934 1435 973; x_wconf 92' lang='lat' dir='ltr'>non</span> <span class='ocrx_word' id='word_1_78' title='bbox 1447 912 1488 968; x_wconf 81' lang='lat' dir='ltr'>ela</span> <span class='ocrx_word' id='word_1_79' title='bbox 1530 991 1531 994; x_wconf 7' lang='grc' dir='ltr'><strong>Ἴ</strong></span> 
     </span>
     <span class='ocr_line' id='line_1_8' title="bbox 292 993 1488 1078; baseline -0.011 -14"><span class='ocrx_word' id='word_1_80' title='bbox 292 1005 403 1064; x_wconf 87' lang='lat' dir='ltr'>ratione</span> <span class='ocrx_word' id='word_1_81' title='bbox 417 1000 635 1078; x_wconf 87' lang='lat' dir='ltr'>intelligendum</span> <span class='ocrx_word' id='word_1_82' title='bbox 649 1008 701 1076; x_wconf 87' lang='lat' dir='ltr'>est,</span> <span class='ocrx_word' id='word_1_83' title='bbox 717 1019 804 1076; x_wconf 87' lang='lat' dir='ltr'>quam</span> <span class='ocrx_word' id='word_1_84' title='bbox 818 998 854 1057; x_wconf 87' lang='lat' dir='ltr'>de</span> <span class='ocrx_word' id='word_1_85' title='bbox 868 1001 1033 1077; x_wconf 80' lang='lat' dir='ltr'>impletione</span> <span class='ocrx_word' id='word_1_86' title='bbox 1047 1001 1158 1061; x_wconf 86' lang='lat' dir='ltr'>sincera</span> <span class='ocrx_word' id='word_1_87' title='bbox 1171 1001 1206 1059; x_wconf 92' lang='lat' dir='ltr'>in</span> <span class='ocrx_word' id='word_1_88' title='bbox 1221 1001 1283 1058; x_wconf 87' lang='lat' dir='ltr'>hac</span> <span class='ocrx_word' id='word_1_89' title='bbox 1298 997 1370 1070; x_wconf 81' lang='lat' dir='ltr'>vita,</span> <span class='ocrx_word' id='word_1_90' title='bbox 1385 1001 1411 1052; x_wconf 87' lang='lat' dir='ltr'>et</span> <span class='ocrx_word' id='word_1_91' title='bbox 1422 993 1488 1069; x_wconf 76' lang='lat' dir='ltr'>plens</span> 
     </span>
     <span class='ocr_line' id='line_1_9' title="bbox 295 1080 655 1143; baseline -0.017 0"><span class='ocrx_word' id='word_1_92' title='bbox 295 1105 329 1143; x_wconf 84' lang='lat' dir='ltr'>ec</span> <span class='ocrx_word' id='word_1_93' title='bbox 343 1081 506 1141; x_wconf 83' lang='lat' dir='ltr'>omnimoda</span> <span class='ocrx_word' id='word_1_94' title='bbox 515 1080 546 1137; x_wconf 93' lang='lat' dir='ltr'>in</span> <span class='ocrx_word' id='word_1_95' title='bbox 556 1080 655 1138; x_wconf 83' lang='lat' dir='ltr'>altera.</span> 
     </span>
    </p>

    <p class='ocr_par' dir='ltr' id='par_1_3' title="bbox 292 1144 1532 2263">
     <span class='ocr_line' id='line_1_10' title="bbox 335 1144 1486 1237; baseline -0.009 -19"><span class='ocrx_word' id='word_1_96' title='bbox 335 1159 460 1218; x_wconf 88' lang='lat' dir='ltr'>XXIV.</span> <span class='ocrx_word' id='word_1_97' title='bbox 482 1158 566 1232; x_wconf 84' lang='lat' dir='ltr'>Quod</span> <span class='ocrx_word' id='word_1_98' title='bbox 580 1158 759 1237; x_wconf 89' lang='lat' dir='ltr'>impossibile</span> <span class='ocrx_word' id='word_1_99' title='bbox 775 1165 820 1216; x_wconf 89' lang='lat' dir='ltr'>ost</span> <span class='ocrx_word' id='word_1_100' title='bbox 829 1164 910 1215; x_wconf 65' lang='lat' dir='ltr'>teate</span> <span class='ocrx_word' id='word_1_101' title='bbox 920 1165 950 1218; x_wconf 83' lang='lat' dir='ltr'>et</span> <span class='ocrx_word' id='word_1_102' title='bbox 960 1179 1013 1218; x_wconf 84' lang='lat' dir='ltr'>sua</span> <span class='ocrx_word' id='word_1_103' title='bbox 1020 1167 1131 1234; x_wconf 81' lang='lat' dir='ltr'>natura,</span> <span class='ocrx_word' id='word_1_104' title='bbox 1142 1157 1300 1218; x_wconf 86' lang='lat' dir='ltr'>neminem</span> <span class='ocrx_word' id='word_1_105' title='bbox 1311 1153 1425 1229; x_wconf 76' lang='lat' dir='ltr'>obligat</span> <span class='ocrx_word' id='word_1_106' title='bbox 1445 1144 1486 1204; x_wconf 75' lang='lat' dir='ltr'>Sed</span> 
     </span>
     <span class='ocr_line' id='line_1_11' title="bbox 294 1235 1488 1316; baseline -0.004 -19"><span class='ocrx_word' id='word_1_107' title='bbox 294 1237 430 1297; x_wconf 83' lang='lat' dir='ltr'>mandata</span> <span class='ocrx_word' id='word_1_108' title='bbox 444 1237 533 1314; x_wconf 86' lang='lat' dir='ltr'>Legis</span> <span class='ocrx_word' id='word_1_109' title='bbox 547 1237 738 1316; x_wconf 84' lang='lat' dir='ltr'>impossibilia</span> <span class='ocrx_word' id='word_1_110' title='bbox 751 1245 818 1297; x_wconf 88' lang='lat' dir='ltr'>sunt</span> <span class='ocrx_word' id='word_1_111' title='bbox 831 1247 943 1298; x_wconf 85' lang='lat' dir='ltr'>tentum</span> <span class='ocrx_word' id='word_1_112' title='bbox 955 1246 1020 1294; x_wconf 64' lang='lat' dir='ltr'>sset</span> <span class='ocrx_word' id='word_1_113' title='bbox 1033 1247 1058 1293; x_wconf 61' lang='lat' dir='ltr'>et</span> <span class='ocrx_word' id='word_1_114' title='bbox 1070 1239 1100 1296; x_wconf 90' lang='lat' dir='ltr'>in</span> <span class='ocrx_word' id='word_1_115' title='bbox 1114 1247 1191 1297; x_wconf 84' lang='lat' dir='ltr'>stetu</span> <span class='ocrx_word' id='word_1_116' title='bbox 1208 1238 1383 1304; x_wconf 86' lang='lat' dir='ltr'>Viatorurn,</span> <span class='ocrx_word' id='word_1_117' title='bbox 1396 1235 1488 1314; x_wconf 62' lang='lat' dir='ltr'>pmpttjf</span> 
     </span>
     <span class='ocr_line' id='line_1_12' title="bbox 293 1305 1485 1394; baseline -0.014 -17"><span class='ocrx_word' id='word_1_118' title='bbox 293 1318 488 1377; x_wconf 83' lang='lat' dir='ltr'>interveniens</span> <span class='ocrx_word' id='word_1_119' title='bbox 502 1325 612 1377; x_wconf 81' lang='lat' dir='ltr'>neturae</span> <span class='ocrx_word' id='word_1_120' title='bbox 626 1318 738 1376; x_wconf 88' lang='lat' dir='ltr'>vitium.</span> <span class='ocrx_word' id='word_1_121' title='bbox 781 1317 823 1376; x_wconf 91' lang='lat' dir='ltr'>Ut</span> <span class='ocrx_word' id='word_1_122' title='bbox 838 1318 970 1377; x_wconf 87' lang='lat' dir='ltr'>Creditor</span> <span class='ocrx_word' id='word_1_123' title='bbox 982 1337 1041 1376; x_wconf 88' lang='lat' dir='ltr'>nou</span> <span class='ocrx_word' id='word_1_124' title='bbox 1054 1319 1161 1376; x_wconf 85' lang='lat' dir='ltr'>amittit</span> <span class='ocrx_word' id='word_1_125' title='bbox 1179 1319 1237 1394; x_wconf 83' lang='lat' dir='ltr'>jus</span> <span class='ocrx_word' id='word_1_126' title='bbox 1264 1311 1414 1391; x_wconf 87' lang='lat' dir='ltr'>repetendi</span> <span class='ocrx_word' id='word_1_127' title='bbox 1426 1305 1485 1363; x_wconf 84' lang='lat' dir='ltr'>deln-</span> 
     </span>
     <span class='ocr_line' id='line_1_13' title="bbox 294 1391 1485 1474; baseline -0.006 -17"><span class='ocrx_word' id='word_1_128' title='bbox 294 1406 356 1457; x_wconf 87' lang='lat' dir='ltr'>tum</span> <span class='ocrx_word' id='word_1_129' title='bbox 370 1396 535 1473; x_wconf 85' lang='lat' dir='ltr'>adebitore,</span> <span class='ocrx_word' id='word_1_130' title='bbox 552 1398 638 1456; x_wconf 90' lang='lat' dir='ltr'>etiam</span> <span class='ocrx_word' id='word_1_131' title='bbox 653 1398 677 1455; x_wconf 86' lang='lat' dir='ltr'>si</span> <span class='ocrx_word' id='word_1_132' title='bbox 691 1416 749 1454; x_wconf 91' lang='lat' dir='ltr'>non</span> <span class='ocrx_word' id='word_1_133' title='bbox 764 1396 802 1455; x_wconf 89' lang='lat' dir='ltr'>sit</span> <span class='ocrx_word' id='word_1_134' title='bbox 815 1396 974 1472; x_wconf 84' lang='lat' dir='ltr'>solvendo;</span> <span class='ocrx_word' id='word_1_135' title='bbox 998 1397 1044 1455; x_wconf 84' lang='lat' dir='ltr'>Ita</span> <span class='ocrx_word' id='word_1_136' title='bbox 1061 1399 1129 1474; x_wconf 86' lang='lat' dir='ltr'>jura</span> <span class='ocrx_word' id='word_1_137' title='bbox 1145 1397 1201 1454; x_wconf 91' lang='lat' dir='ltr'>Dei</span> <span class='ocrx_word' id='word_1_138' title='bbox 1217 1415 1284 1454; x_wconf 88' lang='lat' dir='ltr'>non</span> <span class='ocrx_word' id='word_1_139' title='bbox 1293 1391 1485 1451; x_wconf 74' lang='lat' dir='ltr'>imminuuntur.</span> 
     </span>
     <span class='ocr_line' id='line_1_14' title="bbox 292 1473 1487 1554; baseline -0.011 -18"><span class='ocrx_word' id='word_1_140' title='bbox 292 1477 348 1536; x_wconf 87' lang='lat' dir='ltr'>etsi</span> <span class='ocrx_word' id='word_1_141' title='bbox 361 1477 448 1535; x_wconf 91' lang='lat' dir='ltr'>homo</span> <span class='ocrx_word' id='word_1_142' title='bbox 461 1477 576 1554; x_wconf 85' lang='lat' dir='ltr'>propria</span> <span class='ocrx_word' id='word_1_143' title='bbox 589 1477 674 1554; x_wconf 85' lang='lat' dir='ltr'>culpe</span> <span class='ocrx_word' id='word_1_144' title='bbox 687 1496 745 1534; x_wconf 89' lang='lat' dir='ltr'>non</span> <span class='ocrx_word' id='word_1_145' title='bbox 759 1476 882 1554; x_wconf 83' lang='lat' dir='ltr'>emplius</span> <span class='ocrx_word' id='word_1_146' title='bbox 897 1476 934 1534; x_wconf 89' lang='lat' dir='ltr'>sit</span> <span class='ocrx_word' id='word_1_147' title='bbox 948 1476 1096 1535; x_wconf 89' lang='lat' dir='ltr'>solvendo.</span> <span class='ocrx_word' id='word_1_148' title='bbox 1139 1475 1261 1534; x_wconf 82' lang='lat' dir='ltr'>Deinde</span> <span class='ocrx_word' id='word_1_149' title='bbox 1278 1473 1364 1530; x_wconf 88' lang='lat' dir='ltr'>Deus</span> <span class='ocrx_word' id='word_1_150' title='bbox 1373 1487 1426 1526; x_wconf 89' lang='lat' dir='ltr'>non</span> <span class='ocrx_word' id='word_1_151' title='bbox 1433 1481 1487 1540; x_wconf 78' lang='lat' dir='ltr'>pra·</span> 
     </span>
     <span class='ocr_line' id='line_1_15' title="bbox 294 1552 1485 1636; baseline -0.002 -20"><span class='ocrx_word' id='word_1_152' title='bbox 294 1557 365 1636; x_wconf 80' lang='lat' dir='ltr'>cipit</span> <span class='ocrx_word' id='word_1_153' title='bbox 376 1557 485 1633; x_wconf 86' lang='lat' dir='ltr'>Legem</span> <span class='ocrx_word' id='word_1_154' title='bbox 499 1555 641 1630; x_wconf 88' lang='lat' dir='ltr'>fidelibus,</span> <span class='ocrx_word' id='word_1_155' title='bbox 657 1555 738 1632; x_wconf 81' lang='lat' dir='ltr'>quasi</span> <span class='ocrx_word' id='word_1_156' title='bbox 753 1554 811 1613; x_wconf 91' lang='lat' dir='ltr'>illis</span> <span class='ocrx_word' id='word_1_157' title='bbox 825 1556 955 1614; x_wconf 80' lang='lat' dir='ltr'>absolute</span> <span class='ocrx_word' id='word_1_158' title='bbox 969 1555 1116 1631; x_wconf 87' lang='lat' dir='ltr'>possibilis</span> <span class='ocrx_word' id='word_1_159' title='bbox 1134 1563 1223 1628; x_wconf 87' lang='lat' dir='ltr'>esset,</span> <span class='ocrx_word' id='word_1_160' title='bbox 1250 1552 1308 1613; x_wconf 87' lang='lat' dir='ltr'>sed</span> <span class='ocrx_word' id='word_1_161' title='bbox 1321 1559 1383 1609; x_wconf 87' lang='lat' dir='ltr'>tum</span> <span class='ocrx_word' id='word_1_162' title='bbox 1396 1553 1425 1604; x_wconf 74' lang='lat' dir='ltr'>ui</span> <span class='ocrx_word' id='word_1_163' title='bbox 1436 1559 1485 1629; x_wconf 61' lang='lat'>098·</span> 
     </span>
     <span class='ocr_line' id='line_1_16' title="bbox 296 1624 1486 1711; baseline -0.005 -16"><span class='ocrx_word' id='word_1_164' title='bbox 296 1636 441 1696; x_wconf 88' lang='lat' dir='ltr'>noscendo</span> <span class='ocrx_word' id='word_1_165' title='bbox 450 1635 582 1710; x_wconf 85' lang='lat' dir='ltr'>officium,</span> <span class='ocrx_word' id='word_1_166' title='bbox 598 1643 627 1694; x_wconf 88' lang='lat' dir='ltr'>et</span> <span class='ocrx_word' id='word_1_167' title='bbox 640 1634 837 1711; x_wconf 80' lang='lat' dir='ltr'>impotentiam</span> <span class='ocrx_word' id='word_1_168' title='bbox 860 1653 942 1694; x_wconf 84' lang='lat' dir='ltr'>suam</span> <span class='ocrx_word' id='word_1_169' title='bbox 965 1633 1002 1691; x_wconf 81' lang='lat' dir='ltr'>ed</span> <span class='ocrx_word' id='word_1_170' title='bbox 1022 1633 1095 1692; x_wconf 92' lang='lat' dir='ltr'>illud</span> <span class='ocrx_word' id='word_1_171' title='bbox 1119 1631 1343 1709; x_wconf 84' lang='lat' dir='ltr'>exequendum,</span> <span class='ocrx_word' id='word_1_172' title='bbox 1365 1624 1486 1684; x_wconf 59' lang='lat' dir='ltr'>ardentm</span> 
     </span>
     <span class='ocr_line' id='line_1_17' title="bbox 296 1704 1485 1796; baseline -0.013 -21"><span class='ocrx_word' id='word_1_173' title='bbox 296 1715 455 1775; x_wconf 88' lang='lat' dir='ltr'>remedium</span> <span class='ocrx_word' id='word_1_174' title='bbox 469 1715 569 1791; x_wconf 84' lang='lat' dir='ltr'>gratiae</span> <span class='ocrx_word' id='word_1_175' title='bbox 584 1722 722 1790; x_wconf 74' lang='lat' dir='ltr'>quaerant.</span> <span class='ocrx_word' id='word_1_176' title='bbox 745 1715 763 1746; x_wconf 88' lang='lat'><strong>“</strong></span> <span class='ocrx_word' id='word_1_177' title='bbox 775 1714 841 1772; x_wconf 90' lang='lat' dir='ltr'>Non</span> <span class='ocrx_word' id='word_1_178' title='bbox 850 1714 936 1790; x_wconf 88' lang='lat' dir='ltr'>jubet</span> <span class='ocrx_word' id='word_1_179' title='bbox 945 1713 1025 1771; x_wconf 89' lang='lat' dir='ltr'>Deus</span> <span class='ocrx_word' id='word_1_180' title='bbox 1035 1712 1260 1789; x_wconf 84' lang='lat' dir='ltr'>impossibilis,”</span> <span class='ocrx_word' id='word_1_181' title='bbox 1271 1709 1370 1785; x_wconf 86' lang='lat' dir='ltr'>inquit</span> <span class='ocrx_word' id='word_1_182' title='bbox 1382 1704 1485 1796; x_wconf 54' lang='lat' dir='ltr'>August,</span> 
     </span>
     <span class='ocr_line' id='line_1_18' title="bbox 298 1789 1477 1872; baseline -0.017 -19"><span class='ocrx_word' id='word_1_183' title='bbox 298 1798 316 1829; x_wconf 85' lang='lat'>“</span> <span class='ocrx_word' id='word_1_184' title='bbox 326 1795 377 1854; x_wconf 88' lang='lat' dir='ltr'>sed</span> <span class='ocrx_word' id='word_1_185' title='bbox 385 1794 514 1872; x_wconf 89' lang='lat' dir='ltr'>jubendo</span> <span class='ocrx_word' id='word_1_186' title='bbox 523 1792 666 1866; x_wconf 82' lang='lat' dir='ltr'>admonet,</span> <span class='ocrx_word' id='word_1_187' title='bbox 682 1801 711 1852; x_wconf 89' lang='lat' dir='ltr'>et</span> <span class='ocrx_word' id='word_1_188' title='bbox 724 1793 817 1852; x_wconf 86' lang='lat' dir='ltr'>facere</span> <span class='ocrx_word' id='word_1_189' title='bbox 832 1792 910 1870; x_wconf 88' lang='lat' dir='ltr'>quod</span> <span class='ocrx_word' id='word_1_190' title='bbox 923 1792 1025 1869; x_wconf 87' lang='lat' dir='ltr'>possis,</span> <span class='ocrx_word' id='word_1_191' title='bbox 1040 1799 1070 1850; x_wconf 91' lang='lat' dir='ltr'>et</span> <span class='ocrx_word' id='word_1_192' title='bbox 1091 1799 1187 1869; x_wconf 88' lang='lat' dir='ltr'>petere</span> <span class='ocrx_word' id='word_1_193' title='bbox 1213 1789 1302 1868; x_wconf 88' lang='lat' dir='ltr'>quod</span> <span class='ocrx_word' id='word_1_194' title='bbox 1314 1805 1373 1846; x_wconf 90' lang='lat' dir='ltr'>non</span> <span class='ocrx_word' id='word_1_195' title='bbox 1386 1789 1477 1860; x_wconf 78' lang='lat' dir='ltr'>possis</span> 
     </span>
     <span class='ocr_line' id='line_1_19' title="bbox 298 1871 1485 1948; baseline -0.004 -15"><span class='ocrx_word' id='word_1_196' title='bbox 298 1875 338 1934; x_wconf 88' lang='lat' dir='ltr'>Et</span> <span class='ocrx_word' id='word_1_197' title='bbox 357 1873 495 1932; x_wconf 87' lang='lat' dir='ltr'>Bernard.</span> <span class='ocrx_word' id='word_1_198' title='bbox 526 1873 616 1931; x_wconf 83' lang='lat' dir='ltr'>Serm.</span> <span class='ocrx_word' id='word_1_199' title='bbox 642 1875 689 1946; x_wconf 77' lang='lat'>50,</span> <span class='ocrx_word' id='word_1_200' title='bbox 712 1872 742 1929; x_wconf 92' lang='lat' dir='ltr'>in</span> <span class='ocrx_word' id='word_1_201' title='bbox 771 1873 871 1930; x_wconf 83' lang='lat' dir='ltr'>Cant:</span> <span class='ocrx_word' id='word_1_202' title='bbox 902 1875 920 1904; x_wconf 89' lang='lat'><strong>“</strong></span> <span class='ocrx_word' id='word_1_203' title='bbox 931 1871 997 1929; x_wconf 88' lang='lat' dir='ltr'>Non</span> <span class='ocrx_word' id='word_1_204' title='bbox 1023 1871 1110 1930; x_wconf 88' lang='lat' dir='ltr'>latuit</span> <span class='ocrx_word' id='word_1_205' title='bbox 1137 1871 1360 1948; x_wconf 82' lang='lat' dir='ltr'>Praeceptorem</span> <span class='ocrx_word' id='word_1_206' title='bbox 1383 1872 1485 1939; x_wconf 68' lang='lat' dir='ltr'>praeoel</span> 
     </span>
     <span class='ocr_line' id='line_1_20' title="bbox 297 1931 1483 2030; baseline -0.016 -18"><span class='ocrx_word' id='word_1_207' title='bbox 297 1953 319 2012; x_wconf 92' lang='lat' dir='ltr'>ti</span> <span class='ocrx_word' id='word_1_208' title='bbox 333 1953 446 2030; x_wconf 88' lang='lat' dir='ltr'>pondus</span> <span class='ocrx_word' id='word_1_209' title='bbox 461 1951 600 2011; x_wconf 81' lang='lat' dir='ltr'>excedere</span> <span class='ocrx_word' id='word_1_210' title='bbox 614 1952 700 2026; x_wconf 83' lang='lat' dir='ltr'>vires,</span> <span class='ocrx_word' id='word_1_211' title='bbox 716 1951 767 2010; x_wconf 91' lang='lat' dir='ltr'>sed</span> <span class='ocrx_word' id='word_1_212' title='bbox 777 1950 922 2025; x_wconf 84' lang='lat' dir='ltr'>judicavit</span> <span class='ocrx_word' id='word_1_213' title='bbox 936 1951 1006 2009; x_wconf 90' lang='lat' dir='ltr'>utile</span> <span class='ocrx_word' id='word_1_214' title='bbox 1021 1969 1059 2008; x_wconf 86' lang='lat' dir='ltr'>ex</span> <span class='ocrx_word' id='word_1_215' title='bbox 1071 1950 1127 2008; x_wconf 90' lang='lat' dir='ltr'>hoo</span> <span class='ocrx_word' id='word_1_216' title='bbox 1151 1949 1217 2026; x_wconf 90' lang='lat' dir='ltr'>ipso</span> <span class='ocrx_word' id='word_1_217' title='bbox 1241 1968 1307 2008; x_wconf 82' lang='lat' dir='ltr'>suae</span> <span class='ocrx_word' id='word_1_218' title='bbox 1320 1945 1387 2004; x_wconf 82' lang='lat' dir='ltr'>illos</span> <span class='ocrx_word' id='word_1_219' title='bbox 1399 1931 1483 1997; x_wconf 80' lang='lat' dir='ltr'>insuffi-</span> 
     </span>
     <span class='ocr_line' id='line_1_21' title="bbox 296 2023 1484 2106; baseline -0.01 -15"><span class='ocrx_word' id='word_1_220' title='bbox 296 2033 408 2091; x_wconf 81' lang='lat' dir='ltr'>cientiae</span> <span class='ocrx_word' id='word_1_221' title='bbox 422 2031 579 2106; x_wconf 81' lang='lat' dir='ltr'>admoneri,</span> <span class='ocrx_word' id='word_1_222' title='bbox 594 2038 623 2089; x_wconf 88' lang='lat' dir='ltr'>et</span> <span class='ocrx_word' id='word_1_223' title='bbox 633 2040 666 2090; x_wconf 89' lang='lat' dir='ltr'>ut</span> <span class='ocrx_word' id='word_1_224' title='bbox 675 2031 780 2088; x_wconf 88' lang='lat' dir='ltr'>scirent</span> <span class='ocrx_word' id='word_1_225' title='bbox 791 2029 828 2088; x_wconf 85' lang='lat' dir='ltr'>ad</span> <span class='ocrx_word' id='word_1_226' title='bbox 839 2029 1056 2106; x_wconf 82' lang='lat' dir='ltr'>quemjustitiee</span> <span class='ocrx_word' id='word_1_227' title='bbox 1070 2029 1155 2088; x_wconf 73' lang='grc' dir='ltr'>Ειιοιιι</span> <span class='ocrx_word' id='word_1_228' title='bbox 1165 2028 1220 2087; x_wconf 90' lang='lat' dir='ltr'>niti</span> <span class='ocrx_word' id='word_1_229' title='bbox 1232 2047 1289 2105; x_wconf 93' lang='lat' dir='ltr'>pro</span> <span class='ocrx_word' id='word_1_230' title='bbox 1299 2023 1409 2083; x_wconf 83' lang='lat' dir='ltr'>viribus</span> <span class='ocrx_word' id='word_1_231' title='bbox 1421 2031 1484 2106; x_wconf 80' lang='lat' dir='ltr'>opor·</span> 
     </span>
     <span class='ocr_line' id='line_1_22' title="bbox 297 2092 1481 2188; baseline -0.008 -18"><span class='ocrx_word' id='word_1_232' title='bbox 297 2121 380 2170; x_wconf 88' lang='lat' dir='ltr'>teret.</span> <span class='ocrx_word' id='word_1_233' title='bbox 423 2111 502 2188; x_wconf 88' lang='lat' dir='ltr'>Ergo</span> <span class='ocrx_word' id='word_1_234' title='bbox 516 2109 679 2168; x_wconf 83' lang='lat' dir='ltr'>mandando</span> <span class='ocrx_word' id='word_1_235' title='bbox 688 2108 885 2187; x_wconf 83' lang='lat' dir='ltr'>impossibilia,</span> <span class='ocrx_word' id='word_1_236' title='bbox 895 2129 954 2167; x_wconf 89' lang='lat' dir='ltr'>non</span> <span class='ocrx_word' id='word_1_237' title='bbox 968 2107 1202 2184; x_wconf 67' lang='lat' dir='ltr'>prevaricatores</span> <span class='ocrx_word' id='word_1_238' title='bbox 1213 2107 1298 2182; x_wconf 84' lang='lat' dir='ltr'>facit,</span> <span class='ocrx_word' id='word_1_239' title='bbox 1312 2101 1365 2164; x_wconf 86' lang='lat' dir='ltr'>sed</span> <span class='ocrx_word' id='word_1_240' title='bbox 1374 2092 1481 2158; x_wconf 59' lang='lat' dir='ltr'>humllfflt</span> 
     </span>
     <span class='ocr_line' id='line_1_23' title="bbox 297 2187 1475 2263; baseline -0.005 -15"><span class='ocrx_word' id='word_1_241' title='bbox 297 2199 329 2250; x_wconf 87' lang='lat' dir='ltr'>ut</span> <span class='ocrx_word' id='word_1_242' title='bbox 343 2209 427 2250; x_wconf 89' lang='lat' dir='ltr'>omne</span> <span class='ocrx_word' id='word_1_243' title='bbox 443 2209 475 2248; x_wconf 92' lang='lat' dir='ltr'>os</span> <span class='ocrx_word' id='word_1_244' title='bbox 490 2191 662 2263; x_wconf 85' lang='lat' dir='ltr'>obstruatur,</span> <span class='ocrx_word' id='word_1_245' title='bbox 679 2198 707 2248; x_wconf 90' lang='lat' dir='ltr'>et</span> <span class='ocrx_word' id='word_1_246' title='bbox 721 2188 853 2247; x_wconf 87' lang='lat' dir='ltr'>subditus</span> <span class='ocrx_word' id='word_1_247' title='bbox 864 2187 915 2246; x_wconf 87' lang='lat' dir='ltr'>fiet</span> <span class='ocrx_word' id='word_1_248' title='bbox 929 2187 1022 2247; x_wconf 91' lang='lat' dir='ltr'>omnis</span> <span class='ocrx_word' id='word_1_249' title='bbox 1036 2187 1161 2246; x_wconf 86' lang='lat' dir='ltr'>mundus</span> <span class='ocrx_word' id='word_1_250' title='bbox 1176 2187 1276 2245; x_wconf 88' lang='lat' dir='ltr'>Deo.”</span> <span class='ocrx_word' id='word_1_251' title='bbox 1470 2245 1475 2258; x_wconf 65' lang='grc'>,</span> 
     </span>
    </p>

    <p class='ocr_par' dir='ltr' id='par_1_4' title="bbox 298 2253 1483 2658">
     <span class='ocr_line' id='line_1_24' title="bbox 339 2253 1482 2345; baseline -0.016 -19"><span class='ocrx_word' id='word_1_252' title='bbox 339 2269 446 2326; x_wconf 89' lang='lat' dir='ltr'>XXV.</span> <span class='ocrx_word' id='word_1_253' title='bbox 469 2267 554 2342; x_wconf 86' lang='lat' dir='ltr'>Quod</span> <span class='ocrx_word' id='word_1_254' title='bbox 566 2268 661 2345; x_wconf 85' lang='lat' dir='ltr'>placet</span> <span class='ocrx_word' id='word_1_255' title='bbox 676 2269 740 2327; x_wconf 89' lang='lat' dir='ltr'>Deo</span> <span class='ocrx_word' id='word_1_256' title='bbox 754 2268 784 2326; x_wconf 87' lang='lat' dir='ltr'>in</span> <span class='ocrx_word' id='word_1_257' title='bbox 798 2287 829 2326; x_wconf 88' lang='lat' dir='ltr'>se</span> <span class='ocrx_word' id='word_1_258' title='bbox 843 2276 872 2325; x_wconf 89' lang='lat' dir='ltr'>et</span> <span class='ocrx_word' id='word_1_259' title='bbox 885 2287 937 2343; x_wconf 91' lang='lat' dir='ltr'>per</span> <span class='ocrx_word' id='word_1_260' title='bbox 950 2287 989 2340; x_wconf 88' lang='lat' dir='ltr'>se,</span> <span class='ocrx_word' id='word_1_261' title='bbox 1005 2275 1121 2344; x_wconf 88' lang='lat' dir='ltr'>propter</span> <span class='ocrx_word' id='word_1_262' title='bbox 1144 2264 1347 2324; x_wconf 80' lang='lat' dir='ltr'>omnimodam</span> <span class='ocrx_word' id='word_1_263' title='bbox 1358 2253 1482 2317; x_wconf 74' lang='lat' dir='ltr'>confom-</span> 
     </span>
     <span class='ocr_line' id='line_1_25' title="bbox 298 2337 1482 2422; baseline -0.013 -16"><span class='ocrx_word' id='word_1_264' title='bbox 298 2355 387 2406; x_wconf 77' lang='lat' dir='ltr'>tatem</span> <span class='ocrx_word' id='word_1_265' title='bbox 401 2365 467 2404; x_wconf 91' lang='lat' dir='ltr'>cum</span> <span class='ocrx_word' id='word_1_266' title='bbox 482 2348 570 2422; x_wconf 83' lang='lat' dir='ltr'>Lege,</span> <span class='ocrx_word' id='word_1_267' title='bbox 586 2355 630 2404; x_wconf 89' lang='lat' dir='ltr'>est</span> <span class='ocrx_word' id='word_1_268' title='bbox 644 2345 899 2422; x_wconf 83' lang='lat' dir='ltr'>perfectojustum.</span> <span class='ocrx_word' id='word_1_269' title='bbox 944 2345 1002 2404; x_wconf 86' lang='lat' dir='ltr'>Sed</span> <span class='ocrx_word' id='word_1_270' title='bbox 1015 2365 1073 2403; x_wconf 89' lang='lat' dir='ltr'>non</span> <span class='ocrx_word' id='word_1_271' title='bbox 1086 2345 1157 2404; x_wconf 88' lang='lat' dir='ltr'>item</span> <span class='ocrx_word' id='word_1_272' title='bbox 1178 2345 1260 2422; x_wconf 92' lang='lat' dir='ltr'>quod</span> <span class='ocrx_word' id='word_1_273' title='bbox 1282 2343 1328 2402; x_wconf 91' lang='lat' dir='ltr'>illi</span> <span class='ocrx_word' id='word_1_274' title='bbox 1342 2337 1482 2416; x_wconf 73' lang='lat' dir='ltr'>placetu-</span> 
     </span>
     <span class='ocr_line' id='line_1_26' title="bbox 298 2401 1483 2502; baseline 0 -19"><span class='ocrx_word' id='word_1_275' title='bbox 298 2433 360 2483; x_wconf 88' lang='lat' dir='ltr'>tum</span> <span class='ocrx_word' id='word_1_276' title='bbox 373 2443 424 2501; x_wconf 87' lang='lat' dir='ltr'>per</span> <span class='ocrx_word' id='word_1_277' title='bbox 438 2433 467 2481; x_wconf 88' lang='lat' dir='ltr'>et</span> <span class='ocrx_word' id='word_1_278' title='bbox 480 2432 596 2499; x_wconf 87' lang='lat' dir='ltr'>propter</span> <span class='ocrx_word' id='word_1_279' title='bbox 611 2424 765 2498; x_wconf 85' lang='lat' dir='ltr'>Christum,</span> <span class='ocrx_word' id='word_1_280' title='bbox 780 2425 924 2500; x_wconf 89' lang='lat' dir='ltr'>quomodo</span> <span class='ocrx_word' id='word_1_281' title='bbox 938 2426 1015 2484; x_wconf 83' lang='lat' dir='ltr'>bona</span> <span class='ocrx_word' id='word_1_282' title='bbox 1028 2444 1114 2502; x_wconf 87' lang='lat' dir='ltr'>opera</span> <span class='ocrx_word' id='word_1_283' title='bbox 1126 2424 1242 2502; x_wconf 83' lang='lat' dir='ltr'>placent</span> <span class='ocrx_word' id='word_1_284' title='bbox 1263 2425 1339 2494; x_wconf 86' lang='lat' dir='ltr'>Deo,</span> <span class='ocrx_word' id='word_1_285' title='bbox 1355 2401 1483 2498; x_wconf 60' lang='lat' dir='ltr'>N011Il⁰d</span> 
     </span>
     <span class='ocr_line' id='line_1_27' title="bbox 299 2499 1480 2579; baseline -0.002 -17"><span class='ocrx_word' id='word_1_286' title='bbox 299 2503 356 2562; x_wconf 88' lang='lat' dir='ltr'>sint</span> <span class='ocrx_word' id='word_1_287' title='bbox 366 2501 490 2578; x_wconf 85' lang='lat' dir='ltr'>perfecte</span> <span class='ocrx_word' id='word_1_288' title='bbox 505 2510 534 2561; x_wconf 90' lang='lat' dir='ltr'>et</span> <span class='ocrx_word' id='word_1_289' title='bbox 548 2502 678 2561; x_wconf 88' lang='lat' dir='ltr'>absolute</span> <span class='ocrx_word' id='word_1_290' title='bbox 693 2501 784 2578; x_wconf 80' lang='lat' dir='ltr'>bona3</span> <span class='ocrx_word' id='word_1_291' title='bbox 807 2503 859 2561; x_wconf 87' lang='lat' dir='ltr'>sed</span> <span class='ocrx_word' id='word_1_292' title='bbox 880 2505 950 2579; x_wconf 87' lang='lat' dir='ltr'>quia</span> <span class='ocrx_word' id='word_1_293' title='bbox 970 2504 1000 2562; x_wconf 91' lang='lat' dir='ltr'>in</span> <span class='ocrx_word' id='word_1_294' title='bbox 1025 2504 1082 2562; x_wconf 86' lang='lat' dir='ltr'>fide</span> <span class='ocrx_word' id='word_1_295' title='bbox 1107 2503 1213 2562; x_wconf 83' lang='lat' dir='ltr'>Christi</span> <span class='ocrx_word' id='word_1_296' title='bbox 1235 2502 1404 2566; x_wconf 78' lang='lat' dir='ltr'>factasunt,</span> <span class='ocrx_word' id='word_1_297' title='bbox 1418 2499 1480 2560; x_wconf 74' lang='lat' dir='ltr'>⁰¹1]us</span> 
     </span>
     <span class='ocr_line' id='line_1_28' title="bbox 300 2581 1376 2658; baseline -0.006 -16"><span class='ocrx_word' id='word_1_298' title='bbox 300 2581 464 2642; x_wconf 84' lang='lat' dir='ltr'>obedientia</span> <span class='ocrx_word' id='word_1_299' title='bbox 478 2601 576 2641; x_wconf 86' lang='lat' dir='ltr'>omnes</span> <span class='ocrx_word' id='word_1_300' title='bbox 590 2581 681 2640; x_wconf 89' lang='lat' dir='ltr'>nostri</span> <span class='ocrx_word' id='word_1_301' title='bbox 694 2581 770 2639; x_wconf 75' lang='lat' dir='ltr'>naevi</span> <span class='ocrx_word' id='word_1_302' title='bbox 785 2591 813 2641; x_wconf 90' lang='lat' dir='ltr'>et</span> <span class='ocrx_word' id='word_1_303' title='bbox 827 2581 956 2641; x_wconf 86' lang='lat' dir='ltr'>defectus</span> <span class='ocrx_word' id='word_1_304' title='bbox 969 2589 1108 2658; x_wconf 86' lang='lat' dir='ltr'>teguntur</span> <span class='ocrx_word' id='word_1_305' title='bbox 1121 2591 1150 2642; x_wconf 89' lang='lat' dir='ltr'>et</span> <span class='ocrx_word' id='word_1_306' title='bbox 1164 2581 1376 2642; x_wconf 82' lang='lat' dir='ltr'>condonantur.</span> 
     </span>
    </p>

    <p class='ocr_par' dir='ltr' id='par_1_5' title="bbox 299 2647 1482 3370">
     <span class='ocr_line' id='line_1_29' title="bbox 341 2647 1477 2738; baseline -0.006 -18"><span class='ocrx_word' id='word_1_307' title='bbox 341 2661 467 2721; x_wconf 88' lang='lat' dir='ltr'>XXVI.</span> <span class='ocrx_word' id='word_1_308' title='bbox 490 2661 584 2736; x_wconf 88' lang='lat' dir='ltr'>Quum</span> <span class='ocrx_word' id='word_1_309' title='bbox 599 2660 707 2720; x_wconf 82' lang='lat' dir='ltr'>Paulus</span> <span class='ocrx_word' id='word_1_310' title='bbox 722 2659 792 2719; x_wconf 88' lang='lat' dir='ltr'>dicit</span> <span class='ocrx_word' id='word_1_311' title='bbox 804 2680 833 2719; x_wconf 82' lang='lat' dir='ltr'>se</span> <span class='ocrx_word' id='word_1_312' title='bbox 856 2662 951 2720; x_wconf 83' lang='lat' dir='ltr'>omnia</span> <span class='ocrx_word' id='word_1_313' title='bbox 959 2681 1043 2738; x_wconf 83' lang='lat' dir='ltr'>posse</span> <span class='ocrx_word' id='word_1_314' title='bbox 1063 2663 1093 2720; x_wconf 83' lang='lat' dir='ltr'>in</span> <span class='ocrx_word' id='word_1_315' title='bbox 1117 2681 1149 2720; x_wconf 86' lang='lat' dir='ltr'>eo</span> <span class='ocrx_word' id='word_1_316' title='bbox 1171 2661 1221 2738; x_wconf 81' lang='lat' dir='ltr'>qai</span> <span class='ocrx_word' id='word_1_317' title='bbox 1241 2681 1308 2720; x_wconf 86' lang='lat' dir='ltr'>eam</span> <span class='ocrx_word' id='word_1_318' title='bbox 1333 2647 1477 2714; x_wconf 58' lang='lat' dir='ltr'>conum</span> 
     </span>
     <span class='ocr_line' id='line_1_30' title="bbox 301 2731 1479 2819; baseline -0.009 -19"><span class='ocrx_word' id='word_1_319' title='bbox 301 2741 377 2800; x_wconf 91' lang='lat' dir='ltr'>Phil.</span> <span class='ocrx_word' id='word_1_320' title='bbox 392 2741 431 2800; x_wconf 89' lang='lat' dir='ltr'>iv.</span> <span class='ocrx_word' id='word_1_321' title='bbox 449 2744 494 2817; x_wconf 84' lang='lat'>13,</span> <span class='ocrx_word' id='word_1_322' title='bbox 510 2761 568 2800; x_wconf 90' lang='lat' dir='ltr'>non</span> <span class='ocrx_word' id='word_1_323' title='bbox 579 2741 709 2799; x_wconf 87' lang='lat' dir='ltr'>absolute</span> <span class='ocrx_word' id='word_1_324' title='bbox 724 2739 930 2818; x_wconf 86' lang='lat' dir='ltr'>intelligendus</span> <span class='ocrx_word' id='word_1_325' title='bbox 941 2749 993 2816; x_wconf 90' lang='lat' dir='ltr'>est,</span> <span class='ocrx_word' id='word_1_326' title='bbox 1010 2740 1061 2799; x_wconf 87' lang='lat' dir='ltr'>sed</span> <span class='ocrx_word' id='word_1_327' title='bbox 1069 2760 1121 2819; x_wconf 87' lang='lat' dir='ltr'>pro</span> <span class='ocrx_word' id='word_1_328' title='bbox 1136 2739 1269 2813; x_wconf 86' lang='lat' dir='ltr'>subjecta</span> <span class='ocrx_word' id='word_1_329' title='bbox 1283 2731 1408 2802; x_wconf 83' lang='lat' dir='ltr'>materia,</span> <span class='ocrx_word' id='word_1_330' title='bbox 1421 2737 1479 2781; x_wconf 67' lang='lat' dir='ltr'><strong>nem·</strong></span> 
     </span>
     <span class='ocr_line' id='line_1_31' title="bbox 299 2805 1482 2975; baseline -0.017 -18"><span class='ocrx_word' id='word_1_331' title='bbox 299 2821 610 2958; x_wconf 60' lang='lat' dir='ltr'>ttttt’ttlttl</span> <span class='ocrx_word' id='word_1_332' title='bbox 623 2820 772 2958; x_wconf 65' lang='lat' dir='ltr'>ttttt</span> <span class='ocrx_word' id='word_1_333' title='bbox 781 2805 1482 2975; x_wconf 58' lang='lat' dir='ltr'>l‘ttttlttttttttttltetttttttl</span> 
     </span>
     <span class='ocr_line' id='line_1_32' title="bbox 302 2919 1480 3056; baseline -0.002 -21"><span class='ocrx_word' id='word_1_334' title='bbox 302 2978 350 3036; x_wconf 91' lang='lat' dir='ltr'>vel</span> <span class='ocrx_word' id='word_1_335' title='bbox 364 2977 400 3037; x_wconf 89' lang='lat' dir='ltr'>de</span> <span class='ocrx_word' id='word_1_336' title='bbox 416 2978 528 3056; x_wconf 83' lang='lat' dir='ltr'>Pelagii</span> <span class='ocrx_word' id='word_1_337' title='bbox 541 2979 730 3055; x_wconf 85' lang='lat' dir='ltr'>impeccantia</span> <span class='ocrx_word' id='word_1_338' title='bbox 741 3001 748 3054; x_wconf 88' lang='lat'>;</span> <span class='ocrx_word' id='word_1_339' title='bbox 770 2919 829 3036; x_wconf 72' lang='lat' dir='ltr'>sed</span> <span class='ocrx_word' id='word_1_340' title='bbox 835 2977 872 3037; x_wconf 93' lang='lat' dir='ltr'>de</span> <span class='ocrx_word' id='word_1_341' title='bbox 886 2978 1047 3037; x_wconf 82' lang='lat' dir='ltr'>constantia</span> <span class='ocrx_word' id='word_1_342' title='bbox 1060 2977 1147 3035; x_wconf 86' lang='lat' dir='ltr'>enimi</span> <span class='ocrx_word' id='word_1_343' title='bbox 1161 2977 1201 3054; x_wconf 90' lang='lat' dir='ltr'>pii</span> <span class='ocrx_word' id='word_1_344' title='bbox 1211 2976 1248 3034; x_wconf 85' lang='lat' dir='ltr'>od</span> <span class='ocrx_word' id='word_1_345' title='bbox 1257 2988 1393 3053; x_wconf 65' lang='lat' dir='ltr'>prospers</span> <span class='ocrx_word' id='word_1_346' title='bbox 1405 2957 1480 3022; x_wconf 82' lang='lat' dir='ltr'>mode·</span> 
     </span>
     <span class='ocr_line' id='line_1_33' title="bbox 301 3041 1478 3134; baseline -0.004 -20"><span class='ocrx_word' id='word_1_347' title='bbox 301 3066 363 3116; x_wconf 84' lang='lat' dir='ltr'>rate</span> <span class='ocrx_word' id='word_1_348' title='bbox 379 3066 408 3116; x_wconf 90' lang='lat' dir='ltr'>et</span> <span class='ocrx_word' id='word_1_349' title='bbox 421 3056 544 3116; x_wconf 81' lang='lat' dir='ltr'>adversa</span> <span class='ocrx_word' id='word_1_350' title='bbox 557 3057 668 3118; x_wconf 80' lang='lat' dir='ltr'>fortiter</span> <span class='ocrx_word' id='word_1_351' title='bbox 682 3066 712 3116; x_wconf 91' lang='lat' dir='ltr'>et</span> <span class='ocrx_word' id='word_1_352' title='bbox 725 3057 867 3134; x_wconf 81' lang='lat' dir='ltr'>patienter</span> <span class='ocrx_word' id='word_1_353' title='bbox 879 3056 1006 3116; x_wconf 87' lang='lat' dir='ltr'>ferenda.</span> <span class='ocrx_word' id='word_1_354' title='bbox 1038 3059 1140 3116; x_wconf 84' lang='lat' dir='ltr'>Omnia</span> <span class='ocrx_word' id='word_1_355' title='bbox 1153 3066 1219 3114; x_wconf 81' lang='lat' dir='ltr'>suat</span> <span class='ocrx_word' id='word_1_356' title='bbox 1231 3052 1379 3131; x_wconf 80' lang='lat' dir='ltr'>possibilia</span> <span class='ocrx_word' id='word_1_357' title='bbox 1389 3041 1478 3104; x_wconf 75' lang='lat' dir='ltr'>creden·</span> 
     </span>
     <span class='ocr_line' id='line_1_34' title="bbox 304 3127 1478 3213; baseline -0.018 -19"><span class='ocrx_word' id='word_1_358' title='bbox 304 3137 332 3210; x_wconf 87' lang='lat' dir='ltr'>ti,</span> <span class='ocrx_word' id='word_1_359' title='bbox 349 3135 440 3195; x_wconf 90' lang='lat' dir='ltr'>Maro.</span> <span class='ocrx_word' id='word_1_360' title='bbox 455 3137 495 3195; x_wconf 84' lang='lat' dir='ltr'>ix.</span> <span class='ocrx_word' id='word_1_361' title='bbox 511 3139 558 3212; x_wconf 78' lang='lat'>23,</span> <span class='ocrx_word' id='word_1_362' title='bbox 574 3155 633 3195; x_wconf 89' lang='lat' dir='ltr'>non</span> <span class='ocrx_word' id='word_1_363' title='bbox 644 3136 811 3213; x_wconf 87' lang='lat' dir='ltr'>simpliciter</span> <span class='ocrx_word' id='word_1_364' title='bbox 823 3144 856 3195; x_wconf 86' lang='lat' dir='ltr'>ut</span> <span class='ocrx_word' id='word_1_365' title='bbox 868 3136 962 3213; x_wconf 86' lang='lat' dir='ltr'>possit</span> <span class='ocrx_word' id='word_1_366' title='bbox 985 3155 1048 3194; x_wconf 89' lang='lat' dir='ltr'>esse</span> <span class='ocrx_word' id='word_1_367' title='bbox 1070 3135 1179 3212; x_wconf 88' lang='lat' dir='ltr'>absque</span> <span class='ocrx_word' id='word_1_368' title='bbox 1193 3145 1322 3212; x_wconf 85' lang='lat' dir='ltr'>peccato,</span> <span class='ocrx_word' id='word_1_369' title='bbox 1335 3127 1384 3191; x_wconf 91' lang='lat' dir='ltr'>sed</span> <span class='ocrx_word' id='word_1_370' title='bbox 1402 3133 1478 3181; x_wconf 83' lang='lat' dir='ltr'>secun·</span> 
     </span>
     <span class='ocr_line' id='line_1_35' title="bbox 305 3207 1479 3351; baseline -0.006 -78"><span class='ocrx_word' id='word_1_371' title='bbox 305 3215 374 3274; x_wconf 88' lang='lat' dir='ltr'>dum</span> <span class='ocrx_word' id='word_1_372' title='bbox 388 3211 458 3351; x_wconf 68' lang='lat' dir='ltr'>qqid</span> <span class='ocrx_word' id='word_1_373' title='bbox 472 3215 511 3274; x_wconf 88' lang='lat' dir='ltr'>ad</span> <span class='ocrx_word' id='word_1_374' title='bbox 524 3215 663 3274; x_wconf 86' lang='lat' dir='ltr'>beneficia</span> <span class='ocrx_word' id='word_1_375' title='bbox 678 3216 788 3293; x_wconf 76' lang='lat' dir='ltr'>quaevis</span> <span class='ocrx_word' id='word_1_376' title='bbox 798 3215 847 3274; x_wconf 86' lang='lat' dir='ltr'>vel</span> <span class='ocrx_word' id='word_1_377' title='bbox 861 3215 1013 3291; x_wconf 85' lang='lat' dir='ltr'>ordinaria,</span> <span class='ocrx_word' id='word_1_378' title='bbox 1025 3213 1074 3273; x_wconf 85' lang='lat' dir='ltr'>vel</span> <span class='ocrx_word' id='word_1_379' title='bbox 1088 3213 1325 3290; x_wconf 85' lang='lat' dir='ltr'>extraordinaria,</span> <span class='ocrx_word' id='word_1_380' title='bbox 1337 3231 1355 3269; x_wconf 88' lang='lat' dir='ltr'>e</span> <span class='ocrx_word' id='word_1_381' title='bbox 1365 3207 1422 3266; x_wconf 71' lang='lat' dir='ltr'>Deo</span> <span class='ocrx_word' id='word_1_382' title='bbox 1431 3211 1479 3255; x_wconf 73' lang='lat'>⁰⁰¹²·</span> 
     </span>
     <span class='ocr_line' id='line_1_36' title="bbox 305 3313 459 3370; baseline 0.006 -19"><span class='ocrx_word' id='word_1_383' title='bbox 305 3313 412 3370; x_wconf 89' lang='lat' dir='ltr'>sequen</span> <span class='ocrx_word' id='word_1_384' title='bbox 434 3314 459 3352; x_wconf 88' lang='lat' dir='ltr'>e.</span> 
     </span>
    </p>
   </div>
   <div class='ocr_carea' id='block_1_3' title="bbox 790 3529 1064 3604">
    <p class='ocr_par' dir='ltr' id='par_1_6' title="bbox 790 3529 1064 3604">
     <span class='ocr_line' id='line_1_37' title="bbox 790 3529 1064 3604; baseline -0.007 -14"><span class='ocrx_word' id='word_1_385' title='bbox 790 3529 982 3604; x_wconf 80' lang='lat' dir='ltr'>Qunsmo</span> <span class='ocrx_word' id='word_1_386' title='bbox 1004 3529 1064 3588; x_wconf 87' lang='grc' dir='ltr'>ιιι.</span> 
     </span>
    </p>
   </div>
   <div class='ocr_carea' id='block_1_4' title="bbox 486 3702 1327 3918">
    <p class='ocr_par' dir='ltr' id='par_1_7' title="bbox 486 3702 1327 3918">
     <span class='ocr_line' id='line_1_38' title="bbox 626 3702 1184 3746; baseline 0.004 -4"><span class='ocrx_word' id='word_1_387' title='bbox 626 3702 666 3742; x_wconf 84' lang='lat' dir='ltr'>us</span> <span class='ocrx_word' id='word_1_388' title='bbox 687 3703 885 3745; x_wconf 77' lang='lat' dir='ltr'>nscsssrrarn</span> <span class='ocrx_word' id='word_1_389' title='bbox 899 3705 1041 3746; x_wconf 76' lang='lat' dir='ltr'>renonum</span> <span class='ocrx_word' id='word_1_390' title='bbox 1055 3705 1184 3746; x_wconf 75' lang='lat' dir='ltr'>orsaun.</span> 
     </span>
     <span class='ocr_line' id='line_1_39' title="bbox 486 3841 1327 3918; baseline 0.004 -17"><span class='ocrx_word' id='word_1_391' title='bbox 486 3841 533 3902; x_wconf 78' lang='lat' dir='ltr'>Aa</span> <span class='ocrx_word' id='word_1_392' title='bbox 546 3841 619 3900; x_wconf 80' lang='lat' dir='ltr'>bono</span> <span class='ocrx_word' id='word_1_393' title='bbox 635 3843 732 3918; x_wconf 84' lang='lat' dir='ltr'>Opera</span> <span class='ocrx_word' id='word_1_394' title='bbox 744 3841 800 3900; x_wconf 78' lang='lat' dir='ltr'>sint</span> <span class='ocrx_word' id='word_1_395' title='bbox 811 3845 968 3902; x_wconf 81' lang='lat' dir='ltr'>necessaria</span> <span class='ocrx_word' id='word_1_396' title='bbox 982 3847 1023 3902; x_wconf 87' lang='lat' dir='ltr'>ad</span> <span class='ocrx_word' id='word_1_397' title='bbox 1034 3847 1174 3904; x_wconf 65' lang='lat' dir='ltr'>saluum?</span> <span class='ocrx_word' id='word_1_398' title='bbox 1215 3844 1327 3904; x_wconf 88' lang='lat' dir='ltr'>Affirm.</span> 
     </span>
    </p>
   </div>
   <div class='ocr_carea' id='block_1_5' title="bbox 300 3986 1476 4712">
    <p class='ocr_par' dir='ltr' id='par_1_8' title="bbox 300 3986 1476 4474">
     <span class='ocr_line' id='line_1_40' title="bbox 351 3986 1476 4079; baseline 0 -19"><span class='ocrx_word' id='word_1_399' title='bbox 351 4003 374 4060; x_wconf 94' lang='lat' dir='ltr'>I.</span> <span class='ocrx_word' id='word_1_400' title='bbox 398 4002 470 4061; x_wconf 83' lang='lat' dir='ltr'>Cum</span> <span class='ocrx_word' id='word_1_401' title='bbox 485 4002 522 4060; x_wconf 88' lang='lat' dir='ltr'>ad</span> <span class='ocrx_word' id='word_1_402' title='bbox 539 4000 801 4064; x_wconf 70' lang='lat' dir='ltr'>sanctificationem</span> <span class='ocrx_word' id='word_1_403' title='bbox 824 4000 966 4078; x_wconf 87' lang='lat' dir='ltr'>pertineat</span> <span class='ocrx_word' id='word_1_404' title='bbox 979 4003 1078 4079; x_wconf 78' lang='lat' dir='ltr'>praxis</span> <span class='ocrx_word' id='word_1_405' title='bbox 1092 4011 1121 4062; x_wconf 89' lang='lat' dir='ltr'>et</span> <span class='ocrx_word' id='word_1_406' title='bbox 1134 4001 1260 4061; x_wconf 88' lang='lat' dir='ltr'>studium</span> <span class='ocrx_word' id='word_1_407' title='bbox 1276 4002 1408 4063; x_wconf 82' lang='lat' dir='ltr'>bonorum</span> <span class='ocrx_word' id='word_1_408' title='bbox 1421 3986 1476 4060; x_wconf 80' lang='lat' dir='ltr'>Ope</span> 
     </span>
     <span class='ocr_line' id='line_1_41' title="bbox 308 4074 1475 4159; baseline 0.002 -19"><span class='ocrx_word' id='word_1_409' title='bbox 308 4101 381 4155; x_wconf 87' lang='lat' dir='ltr'>rum,</span> <span class='ocrx_word' id='word_1_410' title='bbox 393 4101 450 4138; x_wconf 88' lang='lat' dir='ltr'>non</span> <span class='ocrx_word' id='word_1_411' title='bbox 464 4083 567 4140; x_wconf 90' lang='lat' dir='ltr'>melius</span> <span class='ocrx_word' id='word_1_412' title='bbox 581 4101 615 4138; x_wconf 85' lang='lat' dir='ltr'>ea</span> <span class='ocrx_word' id='word_1_413' title='bbox 628 4081 737 4159; x_wconf 87' lang='lat' dir='ltr'>percipi</span> <span class='ocrx_word' id='word_1_414' title='bbox 750 4089 853 4159; x_wconf 91' lang='lat' dir='ltr'>potest,</span> <span class='ocrx_word' id='word_1_415' title='bbox 865 4100 951 4158; x_wconf 85' lang='lat' dir='ltr'>quam</span> <span class='ocrx_word' id='word_1_416' title='bbox 966 4081 991 4140; x_wconf 87' lang='lat' dir='ltr'>si</span> <span class='ocrx_word' id='word_1_417' title='bbox 1005 4101 1101 4139; x_wconf 88' lang='lat' dir='ltr'>corum</span> <span class='ocrx_word' id='word_1_418' title='bbox 1117 4091 1220 4140; x_wconf 86' lang='lat' dir='ltr'>natura</span> <span class='ocrx_word' id='word_1_419' title='bbox 1232 4081 1286 4140; x_wconf 89' lang='lat' dir='ltr'>rite</span> <span class='ocrx_word' id='word_1_420' title='bbox 1308 4074 1475 4157; x_wconf 70' lang='lat' dir='ltr'>cogn0⁸⁰⁸¹¹¹¹&#39;</span> 
     </span>
     <span class='ocr_line' id='line_1_42' title="bbox 308 4145 1476 4238; baseline -0.002 -20"><span class='ocrx_word' id='word_1_421' title='bbox 308 4161 437 4234; x_wconf 72' lang='lat' dir='ltr'>Quattuor</span> <span class='ocrx_word' id='word_1_422' title='bbox 450 4169 546 4219; x_wconf 84' lang='lat' dir='ltr'>autem</span> <span class='ocrx_word' id='word_1_423' title='bbox 559 4169 680 4237; x_wconf 90' lang='lat' dir='ltr'>possunt</span> <span class='ocrx_word' id='word_1_424' title='bbox 693 4161 873 4238; x_wconf 88' lang='lat' dir='ltr'>potissimum</span> <span class='ocrx_word' id='word_1_425' title='bbox 887 4161 923 4219; x_wconf 89' lang='lat' dir='ltr'>de</span> <span class='ocrx_word' id='word_1_426' title='bbox 937 4159 995 4220; x_wconf 84' lang='lat' dir='ltr'>illis</span> <span class='ocrx_word' id='word_1_427' title='bbox 1009 4160 1107 4236; x_wconf 80' lang='lat' dir='ltr'>quaeri,</span> <span class='ocrx_word' id='word_1_428' title='bbox 1122 4161 1288 4231; x_wconf 72' lang='lat' dir='ltr'>Necessitas,</span> <span class='ocrx_word' id='word_1_429' title='bbox 1304 4159 1412 4225; x_wconf 62' lang='lat' dir='ltr'>Vesica,</span> <span class='ocrx_word' id='word_1_430' title='bbox 1425 4145 1476 4202; x_wconf 65' lang='lat' dir='ltr'>W·</span> 
     </span>
     <span class='ocr_line' id='line_1_43' title="bbox 300 4233 1473 4317; baseline 0.003 -20"><span class='ocrx_word' id='word_1_431' title='bbox 300 4240 398 4317; x_wconf 82' lang='lat' dir='ltr'>sectio,</span> <span class='ocrx_word' id='word_1_432' title='bbox 413 4246 443 4297; x_wconf 88' lang='lat' dir='ltr'>et</span> <span class='ocrx_word' id='word_1_433' title='bbox 455 4241 600 4297; x_wconf 81' lang='lat' dir='ltr'>Meritum.</span> <span class='ocrx_word' id='word_1_434' title='bbox 642 4240 687 4298; x_wconf 91' lang='lat' dir='ltr'>De</span> <span class='ocrx_word' id='word_1_435' title='bbox 701 4239 807 4316; x_wconf 91' lang='lat' dir='ltr'>quibus</span> <span class='ocrx_word' id='word_1_436' title='bbox 829 4239 963 4299; x_wconf 86' lang='lat' dir='ltr'>distincte</span> <span class='ocrx_word' id='word_1_437' title='bbox 986 4238 1139 4316; x_wconf 85' lang='lat' dir='ltr'>egendum.</span> <span class='ocrx_word' id='word_1_438' title='bbox 1182 4239 1227 4298; x_wconf 89' lang='lat' dir='ltr'>De</span> <span class='ocrx_word' id='word_1_439' title='bbox 1248 4237 1415 4300; x_wconf 74' lang='lat' dir='ltr'>perfectione</span> <span class='ocrx_word' id='word_1_440' title='bbox 1429 4233 1473 4300; x_wconf 78' lang='lat' dir='ltr'>Jm</span> 
     </span>
     <span class='ocr_line' id='line_1_44' title="bbox 307 4317 1310 4396; baseline 0.002 -20"><span class='ocrx_word' id='word_1_441' title='bbox 307 4317 415 4376; x_wconf 90' lang='lat' dir='ltr'>dictum</span> <span class='ocrx_word' id='word_1_442' title='bbox 430 4326 475 4376; x_wconf 89' lang='lat' dir='ltr'>est</span> <span class='ocrx_word' id='word_1_443' title='bbox 489 4317 652 4392; x_wconf 83' lang='lat' dir='ltr'>Quaestione</span> <span class='ocrx_word' id='word_1_444' title='bbox 666 4318 848 4396; x_wconf 81' lang='lat' dir='ltr'>praecedenti.</span> <span class='ocrx_word' id='word_1_445' title='bbox 889 4318 912 4377; x_wconf 88' lang='lat' dir='ltr'><strong>J</strong></span> <span class='ocrx_word' id='word_1_446' title='bbox 912 4337 959 4377; x_wconf 85' lang='lat' dir='ltr'>am</span> <span class='ocrx_word' id='word_1_447' title='bbox 972 4317 1008 4376; x_wconf 88' lang='lat' dir='ltr'>de</span> <span class='ocrx_word' id='word_1_448' title='bbox 1021 4319 1192 4376; x_wconf 79' lang='lat' dir='ltr'>Necessitate</span> <span class='ocrx_word' id='word_1_449' title='bbox 1204 4319 1310 4396; x_wconf 75' lang='lat' dir='ltr'>agitttr.</span> 
     </span>
     <span class='ocr_line' id='line_1_45' title="bbox 307 4381 1476 4474; baseline 0 -20"><span class='ocrx_word' id='word_1_450' title='bbox 307 4421 368 4466; x_wconf 70' lang='lat' dir='ltr'>ures</span> <span class='ocrx_word' id='word_1_451' title='bbox 379 4424 506 4467; x_wconf 57' lang='lat' dir='ltr'>,mmm</span> <span class='ocrx_word' id='word_1_452' title='bbox 517 4425 547 4467; x_wconf 67' lang='lat' dir='ltr'>d,</span> <span class='ocrx_word' id='word_1_453' title='bbox 607 4395 650 4454; x_wconf 93' lang='lat' dir='ltr'>II.</span> <span class='ocrx_word' id='word_1_454' title='bbox 672 4397 825 4460; x_wconf 82' lang='lat' dir='ltr'>Trossuut</span> <span class='ocrx_word' id='word_1_455' title='bbox 838 4397 989 4474; x_wconf 83' lang='lat' dir='ltr'>praecipuee</span> <span class='ocrx_word' id='word_1_456' title='bbox 1008 4397 1157 4457; x_wconf 80' lang='lat' dir='ltr'>sententiae</span> <span class='ocrx_word' id='word_1_457' title='bbox 1180 4397 1257 4456; x_wconf 82' lang='lat' dir='ltr'>citca</span> <span class='ocrx_word' id='word_1_458' title='bbox 1279 4399 1409 4457; x_wconf 82' lang='lat' dir='ltr'>bonorum</span> <span class='ocrx_word' id='word_1_459' title='bbox 1422 4381 1476 4455; x_wconf 59' lang='lat' dir='ltr'>VPV</span> 
     </span>
    </p>

    <p class='ocr_par' dir='ltr' id='par_1_9' title="bbox 306 4459 1476 4712">
     <span class='ocr_line' id='line_1_46' title="bbox 335 4459 1475 4553; baseline 0.007 -29"><span class='ocrx_word' id='word_1_460' title='bbox 335 4477 489 4552; x_wconf 64' lang='lat' dir='ltr'>Necessitate</span> <span class='ocrx_word' id='word_1_461' title='bbox 505 4482 547 4525; x_wconf 84' lang='lat' dir='ltr'>bo-</span> <span class='ocrx_word' id='word_1_462' title='bbox 566 4494 630 4534; x_wconf 87' lang='lat' dir='ltr'>rum</span> <span class='ocrx_word' id='word_1_463' title='bbox 643 4475 852 4535; x_wconf 85' lang='lat' dir='ltr'>necessitatem.</span> <span class='ocrx_word' id='word_1_464' title='bbox 895 4476 992 4534; x_wconf 86' lang='lat' dir='ltr'>Prima</span> <span class='ocrx_word' id='word_1_465' title='bbox 1006 4495 1113 4553; x_wconf 89' lang='lat' dir='ltr'>eorum,</span> <span class='ocrx_word' id='word_1_466' title='bbox 1128 4477 1177 4553; x_wconf 90' lang='lat' dir='ltr'>qui</span> <span class='ocrx_word' id='word_1_467' title='bbox 1191 4487 1343 4553; x_wconf 82' lang='lat' dir='ltr'>peccantes</span> <span class='ocrx_word' id='word_1_468' title='bbox 1354 4477 1383 4533; x_wconf 92' lang='lat' dir='ltr'>in</span> <span class='ocrx_word' id='word_1_469' title='bbox 1391 4459 1475 4528; x_wconf 63' lang='lat' dir='ltr'>desecta</span> 
     </span>
     <span class='ocr_line' id='line_1_47' title="bbox 334 4537 1476 4632; baseline 0 -21"><span class='ocrx_word' id='word_1_470' title='bbox 334 4537 545 4594; x_wconf 53' lang='lat' dir='ltr'><strong>mmmm·</strong></span> <span class='ocrx_word' id='word_1_471' title='bbox 567 4573 631 4612; x_wconf 83' lang='lat' dir='ltr'>eam</span> <span class='ocrx_word' id='word_1_472' title='bbox 644 4562 770 4630; x_wconf 80' lang='lat' dir='ltr'>negant3</span> <span class='ocrx_word' id='word_1_473' title='bbox 793 4554 893 4632; x_wconf 88' lang='lat' dir='ltr'>quales</span> <span class='ocrx_word' id='word_1_474' title='bbox 903 4554 1019 4614; x_wconf 84' lang='lat' dir='ltr'>fuerunt</span> <span class='ocrx_word' id='word_1_475' title='bbox 1032 4555 1102 4614; x_wconf 90' lang='lat' dir='ltr'>olim</span> <span class='ocrx_word' id='word_1_476' title='bbox 1120 4557 1280 4616; x_wconf 77' lang='lat' dir='ltr'>Simoniani</span> <span class='ocrx_word' id='word_1_477' title='bbox 1300 4567 1329 4616; x_wconf 86' lang='lat' dir='ltr'>et</span> <span class='ocrx_word' id='word_1_478' title='bbox 1351 4567 1417 4612; x_wconf 73' lang='lat' dir='ltr'>nune</span> <span class='ocrx_word' id='word_1_479' title='bbox 1429 4537 1476 4598; x_wconf 52' lang='grc' dir='ltr'>ΒΜ*</span> 
     </span>
     <span class='ocr_line' id='line_1_48' title="bbox 306 4627 1473 4712; baseline 0.01 -30"><span class='ocrx_word' id='word_1_480' title='bbox 306 4627 447 4700; x_wconf 82' lang='lat' dir='ltr'>Epicurei</span> <span class='ocrx_word' id='word_1_481' title='bbox 459 4636 487 4686; x_wconf 87' lang='lat' dir='ltr'>et</span> <span class='ocrx_word' id='word_1_482' title='bbox 502 4631 648 4705; x_wconf 60' lang='lat' dir='ltr'>Libertini,</span> <span class='ocrx_word' id='word_1_483' title='bbox 664 4631 714 4707; x_wconf 92' lang='lat' dir='ltr'>qui</span> <span class='ocrx_word' id='word_1_484' title='bbox 736 4633 814 4691; x_wconf 87' lang='lat' dir='ltr'>bona</span> <span class='ocrx_word' id='word_1_485' title='bbox 827 4651 914 4709; x_wconf 85' lang='lat' dir='ltr'>opera</span> <span class='ocrx_word' id='word_1_486' title='bbox 934 4633 1085 4693; x_wconf 84' lang='lat' dir='ltr'>arbitraria</span> <span class='ocrx_word' id='word_1_487' title='bbox 1105 4644 1135 4693; x_wconf 88' lang='lat' dir='ltr'>et</span> <span class='ocrx_word' id='word_1_488' title='bbox 1145 4634 1301 4712; x_wconf 82' lang='lat' dir='ltr'>adiaphora</span> <span class='ocrx_word' id='word_1_489' title='bbox 1312 4634 1416 4700; x_wconf 75' lang='lat' dir='ltr'>faciunt,</span> <span class='ocrx_word' id='word_1_490' title='bbox 1428 4627 1473 4694; x_wconf 51' lang='lat' dir='ltr'>ll*</span> 
     </span>
    </p>
   </div>
   <div class='ocr_carea' id='block_1_6' title="bbox 0 0 1596 5188">
    <p class='ocr_par' dir='ltr' id='par_1_10' title="bbox 0 0 1596 5188">
     <span class='ocr_line' id='line_1_49' title="bbox 0 0 1596 5188; baseline 0 0"><span class='ocrx_word' id='word_1_491' title='bbox 0 0 1596 5188; x_wconf 95' lang='lat' dir='ltr'> </span> 
     </span>
    </p>
   </div>
  </div>
 </body>
</html>
