<?xml version="1.0" encoding="UTF-8"?>
<!DOCTYPE html PUBLIC "-//W3C//DTD XHTML 1.0 Transitional//EN"
    "http://www.w3.org/TR/xhtml1/DTD/xhtml1-transitional.dtd">
<html xmlns="http://www.w3.org/1999/xhtml" xml:lang="en" lang="en">
 <head>
  <title>
</title>
<meta http-equiv="Content-Type" content="text/html;charset=utf-8" />
  <meta name='ocr-system' content='tesseract 3.04.00' />
  <meta name='ocr-capabilities' content='ocr_page ocr_carea ocr_par ocr_line ocrx_word'/>
</head>
<body>
  <div class='ocr_page' id='page_1' title='image "./francisciturret00pictgoog_0267.png"; bbox 0 0 3150 5206; ppageno 0'>
   <div class='ocr_carea' id='block_1_1' title="bbox 263 335 1447 418">
    <p class='ocr_par' dir='ltr' id='par_1_1' title="bbox 263 335 1447 418">
     <span class='ocr_line' id='line_1_1' title="bbox 263 335 1447 418; baseline -0.008 -18"><span class='ocrx_word' id='word_1_1' title='bbox 263 341 323 400; x_wconf 75' lang='lat'><strong>236</strong></span> <span class='ocrx_word' id='word_1_2' title='bbox 680 359 772 402; x_wconf 76' lang='lat' dir='ltr'><strong>cocus</strong></span> <span class='ocrx_word' id='word_1_3' title='bbox 787 359 988 403; x_wconf 80' lang='lat' dir='ltr'><strong>nuonscraus.</strong></span> <span class='ocrx_word' id='word_1_4' title='bbox 1090 337 1104 360; x_wconf 84' lang='grc'><strong>”</strong></span> <span class='ocrx_word' id='word_1_5' title='bbox 1276 335 1393 418; x_wconf 77' lang='lat' dir='ltr'><strong>[eunsr.</strong></span> <span class='ocrx_word' id='word_1_6' title='bbox 1405 351 1447 390; x_wconf 77' lang='grc' dir='ltr'>ιιι.</span> 
     </span>
    </p>
   </div>
   <div class='ocr_carea' id='block_1_2' title="bbox 203 491 1540 4008">
    <p class='ocr_par' dir='ltr' id='par_1_2' title="bbox 260 491 1446 640">
     <span class='ocr_line' id='line_1_2' title="bbox 260 491 1446 579; baseline -0.008 -19"><span class='ocrx_word' id='word_1_7' title='bbox 260 521 327 579; x_wconf 89' lang='lat' dir='ltr'><strong>quo,</strong></span> <span class='ocrx_word' id='word_1_8' title='bbox 350 501 424 560; x_wconf 87' lang='lat' dir='ltr'><strong>nihil</strong></span> <span class='ocrx_word' id='word_1_9' title='bbox 437 497 517 560; x_wconf 83' lang='lat' dir='ltr'><strong>alind</strong></span> <span class='ocrx_word' id='word_1_10' title='bbox 537 509 581 560; x_wconf 87' lang='lat' dir='ltr'><strong>est</strong></span> <span class='ocrx_word' id='word_1_11' title='bbox 602 521 689 579; x_wconf 88' lang='lat' dir='ltr'><strong>quam</strong></span> <span class='ocrx_word' id='word_1_12' title='bbox 708 501 876 562; x_wconf 79' lang='lat' dir='ltr'><strong>sedaverat</strong></span> <span class='ocrx_word' id='word_1_13' title='bbox 899 502 984 562; x_wconf 87' lang='lat' dir='ltr'><strong>litera</strong></span> <span class='ocrx_word' id='word_1_14' title='bbox 1005 501 1148 577; x_wconf 88' lang='lat' dir='ltr'><strong>occidens,</strong></span> <span class='ocrx_word' id='word_1_15' title='bbox 1171 500 1259 560; x_wconf 89' lang='lat' dir='ltr'><strong>Rom.</strong></span> <span class='ocrx_word' id='word_1_16' title='bbox 1284 519 1313 556; x_wconf 83' lang='lat' dir='ltr'><strong>x.</strong></span> <span class='ocrx_word' id='word_1_17' title='bbox 1337 499 1363 570; x_wconf 83' lang='grc'><strong>4,</strong></span> <span class='ocrx_word' id='word_1_18' title='bbox 1386 491 1446 563; x_wconf 82' lang='lat' dir='ltr'><strong>Gal,</strong></span> 
     </span>
     <span class='ocr_line' id='line_1_3' title="bbox 262 581 367 640; baseline -0.01 -1"><span class='ocrx_word' id='word_1_19' title='bbox 262 581 302 640; x_wconf 90' lang='lat' dir='ltr'><strong>iil.</strong></span> <span class='ocrx_word' id='word_1_20' title='bbox 318 583 367 639; x_wconf 79' lang='lat' dir='ltr'><strong>nt.</strong></span> 
     </span>
    </p>

    <p class='ocr_par' dir='ltr' id='par_1_3' title="bbox 203 656 1540 2016">
     <span class='ocr_line' id='line_1_4' title="bbox 300 656 1449 741; baseline -0.004 -23"><span class='ocrx_word' id='word_1_21' title='bbox 300 660 396 719; x_wconf 92' lang='lat' dir='ltr'>XXI.</span> <span class='ocrx_word' id='word_1_22' title='bbox 417 663 482 719; x_wconf 75' lang='lat' dir='ltr'><strong>Lem</strong></span> <span class='ocrx_word' id='word_1_23' title='bbox 503 660 608 721; x_wconf 91' lang='lat' dir='ltr'><strong>dicitur</strong></span> <span class='ocrx_word' id='word_1_24' title='bbox 621 682 677 721; x_wconf 84' lang='lat' dir='ltr'><strong>nen</strong></span> <span class='ocrx_word' id='word_1_25' title='bbox 691 682 748 720; x_wconf 84' lang='lat' dir='ltr'><strong>esse</strong></span> <span class='ocrx_word' id='word_1_26' title='bbox 761 682 798 720; x_wconf 79' lang='lat' dir='ltr'><strong>ee</strong></span> <span class='ocrx_word' id='word_1_27' title='bbox 806 664 877 741; x_wconf 79' lang='lat' dir='ltr'><strong>fide,</strong></span> <span class='ocrx_word' id='word_1_28' title='bbox 894 661 960 722; x_wconf 84' lang='lat' dir='ltr'><strong>Gal.</strong></span> <span class='ocrx_word' id='word_1_29' title='bbox 976 661 1016 720; x_wconf 91' lang='lat' dir='ltr'><strong>iii.</strong></span> <span class='ocrx_word' id='word_1_30' title='bbox 1034 665 1080 737; x_wconf 78' lang='lat' dir='ltr'><strong>la,</strong></span> <span class='ocrx_word' id='word_1_31' title='bbox 1096 680 1155 720; x_wconf 92' lang='lat' dir='ltr'><strong>non</strong></span> <span class='ocrx_word' id='word_1_32' title='bbox 1167 668 1203 720; x_wconf 96' lang='lat' dir='ltr'><strong>ut</strong></span> <span class='ocrx_word' id='word_1_33' title='bbox 1224 663 1282 718; x_wconf 83' lang='lat' dir='ltr'><strong>late</strong></span> <span class='ocrx_word' id='word_1_34' title='bbox 1295 656 1408 716; x_wconf 79' lang='lat' dir='ltr'>sumitur</span> <span class='ocrx_word' id='word_1_35' title='bbox 1425 656 1449 706; x_wconf 79' lang='lat' dir='ltr'><strong>ol</strong></span> 
     </span>
     <span class='ocr_line' id='line_1_5' title="bbox 260 733 1448 820; baseline -0.003 -22"><span class='ocrx_word' id='word_1_36' title='bbox 260 749 345 820; x_wconf 88' lang='lat' dir='ltr'><strong>prout</strong></span> <span class='ocrx_word' id='word_1_37' title='bbox 363 748 445 799; x_wconf 87' lang='lat' dir='ltr'><strong>notat</strong></span> <span class='ocrx_word' id='word_1_38' title='bbox 466 741 655 800; x_wconf 71' lang='lat' dir='ltr'><strong>oeconomiam</strong></span> <span class='ocrx_word' id='word_1_39' title='bbox 677 742 847 816; x_wconf 84' lang='lat' dir='ltr'><strong>Mosaicam,</strong></span> <span class='ocrx_word' id='word_1_40' title='bbox 870 741 922 800; x_wconf 92' lang='lat' dir='ltr'><strong>sed</strong></span> <span class='ocrx_word' id='word_1_41' title='bbox 941 743 1035 801; x_wconf 80' lang='lat' dir='ltr'><strong>stricte</strong></span> <span class='ocrx_word' id='word_1_42' title='bbox 1055 761 1145 819; x_wconf 90' lang='lat' dir='ltr'><strong>quum</strong></span> <span class='ocrx_word' id='word_1_43' title='bbox 1169 740 1296 800; x_wconf 76' lang='lat' dir='ltr'>sumitur</span> <span class='ocrx_word' id='word_1_44' title='bbox 1315 755 1366 814; x_wconf 89' lang='lat' dir='ltr'><strong>pro</strong></span> <span class='ocrx_word' id='word_1_45' title='bbox 1385 733 1448 806; x_wconf 71' lang='lat' dir='ltr'><strong>Lege</strong></span> 
     </span>
     <span class='ocr_line' id='line_1_6' title="bbox 203 815 1449 900; baseline -0.006 -20"><span class='ocrx_word' id='word_1_46' title='bbox 203 859 207 868; x_wconf 90' lang='lat'>·</span> <span class='ocrx_word' id='word_1_47' title='bbox 260 821 363 880; x_wconf 85' lang='lat' dir='ltr'><strong>morali</strong></span> <span class='ocrx_word' id='word_1_48' title='bbox 376 820 519 880; x_wconf 87' lang='lat' dir='ltr'><strong>abstracte</strong></span> <span class='ocrx_word' id='word_1_49' title='bbox 540 829 569 880; x_wconf 90' lang='lat' dir='ltr'><strong>et</strong></span> <span class='ocrx_word' id='word_1_50' title='bbox 590 821 709 880; x_wconf 77' lang='lat' dir='ltr'><strong>seorsim</strong></span> <span class='ocrx_word' id='word_1_51' title='bbox 727 841 745 880; x_wconf 87' lang='lat' dir='ltr'><strong>a</strong></span> <span class='ocrx_word' id='word_1_52' title='bbox 764 821 1003 900; x_wconf 78' lang='lat' dir='ltr'><strong>promissionibus</strong></span> <span class='ocrx_word' id='word_1_53' title='bbox 1022 822 1140 900; x_wconf 54' lang='lat' dir='ltr'><strong>gratiam</strong></span> <span class='ocrx_word' id='word_1_54' title='bbox 1162 817 1311 898; x_wconf 90' lang='lat' dir='ltr'><strong>quomodo</strong></span> <span class='ocrx_word' id='word_1_55' title='bbox 1325 815 1398 874; x_wconf 89' lang='lat' dir='ltr'><strong>illam</strong></span> <span class='ocrx_word' id='word_1_56' title='bbox 1415 828 1449 900; x_wconf 67' lang='grc' dir='ltr'>ιρ-</span> 
     </span>
     <span class='ocr_line' id='line_1_7' title="bbox 259 894 1450 980; baseline -0.007 -19"><span class='ocrx_word' id='word_1_57' title='bbox 259 901 432 980; x_wconf 87' lang='lat' dir='ltr'><strong>telligcbant</strong></span> <span class='ocrx_word' id='word_1_58' title='bbox 452 900 615 960; x_wconf 86' lang='lat' dir='ltr'><strong>Justiciarii</strong></span> <span class='ocrx_word' id='word_1_59' title='bbox 638 901 688 977; x_wconf 89' lang='lat' dir='ltr'><strong>qui</strong></span> <span class='ocrx_word' id='word_1_60' title='bbox 702 901 793 960; x_wconf 85' lang='lat' dir='ltr'><strong>vitam</strong></span> <span class='ocrx_word' id='word_1_61' title='bbox 813 921 852 959; x_wconf 83' lang='lat' dir='ltr'><strong>ex</strong></span> <span class='ocrx_word' id='word_1_62' title='bbox 871 920 906 960; x_wconf 87' lang='lat' dir='ltr'><strong>ea</strong></span> <span class='ocrx_word' id='word_1_63' title='bbox 918 903 1094 978; x_wconf 73' lang='lat' dir='ltr'><strong>querebant.</strong></span> <span class='ocrx_word' id='word_1_64' title='bbox 1138 901 1215 959; x_wconf 88' lang='lat' dir='ltr'><strong>Nam</strong></span> <span class='ocrx_word' id='word_1_65' title='bbox 1228 898 1317 957; x_wconf 87' lang='lat' dir='ltr'><strong>fidem</strong></span> <span class='ocrx_word' id='word_1_66' title='bbox 1331 894 1409 954; x_wconf 83' lang='lat' dir='ltr'><strong>etiam</strong></span> <span class='ocrx_word' id='word_1_67' title='bbox 1427 907 1450 943; x_wconf 82' lang='lat'><strong>1¹¹</strong></span> 
     </span>
     <span class='ocr_line' id='line_1_8' title="bbox 261 967 1450 1058; baseline -0.008 -18"><span class='ocrx_word' id='word_1_68' title='bbox 261 980 368 1040; x_wconf 82' lang='lat' dir='ltr'><strong>foedere</strong></span> <span class='ocrx_word' id='word_1_69' title='bbox 393 981 533 1039; x_wconf 86' lang='lat' dir='ltr'><strong>Sinaiticc</strong></span> <span class='ocrx_word' id='word_1_70' title='bbox 554 988 727 1058; x_wconf 86' lang='lat' dir='ltr'><strong>prseceptam</strong></span> <span class='ocrx_word' id='word_1_71' title='bbox 747 979 836 1040; x_wconf 83' lang='lat' dir='ltr'><strong>luisse</strong></span> <span class='ocrx_word' id='word_1_72' title='bbox 850 981 1013 1041; x_wconf 76' lang='lat' dir='ltr'><strong>evinciturt</strong></span> <span class='ocrx_word' id='word_1_73' title='bbox 1037 983 1063 1040; x_wconf 88' lang='lat'><strong>1.</strong></span> <span class='ocrx_word' id='word_1_74' title='bbox 1085 981 1160 1055; x_wconf 80' lang='lat' dir='ltr'><strong>Quia</strong></span> <span class='ocrx_word' id='word_1_75' title='bbox 1179 979 1315 1039; x_wconf 87' lang='lat' dir='ltr'><strong>Christus</strong></span> <span class='ocrx_word' id='word_1_76' title='bbox 1333 975 1392 1051; x_wconf 88' lang='lat' dir='ltr'><strong>ejus</strong></span> <span class='ocrx_word' id='word_1_77' title='bbox 1410 967 1450 1026; x_wconf 84' lang='lat' dir='ltr'><strong>ob-</strong></span> 
     </span>
     <span class='ocr_line' id='line_1_9' title="bbox 259 1047 1451 1140; baseline -0.016 -18"><span class='ocrx_word' id='word_1_78' title='bbox 259 1065 370 1140; x_wconf 84' lang='lat' dir='ltr'><strong>jectum</strong></span> <span class='ocrx_word' id='word_1_79' title='bbox 383 1060 415 1118; x_wconf 91' lang='lat' dir='ltr'><strong>in</strong></span> <span class='ocrx_word' id='word_1_80' title='bbox 428 1078 463 1119; x_wconf 88' lang='lat' dir='ltr'><strong>co</strong></span> <span class='ocrx_word' id='word_1_81' title='bbox 477 1060 694 1136; x_wconf 87' lang='lat' dir='ltr'><strong>continebatur;</strong></span> <span class='ocrx_word' id='word_1_82' title='bbox 710 1064 738 1120; x_wconf 78' lang='grc'><strong>2.</strong></span> <span class='ocrx_word' id='word_1_83' title='bbox 754 1060 828 1134; x_wconf 85' lang='lat' dir='ltr'><strong>Quia</strong></span> <span class='ocrx_word' id='word_1_84' title='bbox 844 1079 902 1119; x_wconf 92' lang='lat' dir='ltr'><strong>non</strong></span> <span class='ocrx_word' id='word_1_85' title='bbox 916 1067 1013 1138; x_wconf 89' lang='lat' dir='ltr'><strong>potest</strong></span> <span class='ocrx_word' id='word_1_86' title='bbox 1026 1062 1083 1120; x_wconf 93' lang='lat' dir='ltr'><strong>coli</strong></span> <span class='ocrx_word' id='word_1_87' title='bbox 1097 1061 1186 1136; x_wconf 89' lang='lat' dir='ltr'><strong>Deus,</strong></span> <span class='ocrx_word' id='word_1_88' title='bbox 1202 1067 1237 1119; x_wconf 93' lang='lat' dir='ltr'><strong>ut</strong></span> <span class='ocrx_word' id='word_1_89' title='bbox 1248 1058 1340 1136; x_wconf 88' lang='lat' dir='ltr'><strong>primo</strong></span> <span class='ocrx_word' id='word_1_90' title='bbox 1353 1047 1451 1110; x_wconf 86' lang='lat' dir='ltr'><strong>manda·</strong></span> 
     </span>
     <span class='ocr_line' id='line_1_10' title="bbox 263 1133 1451 1218; baseline -0.013 -16"><span class='ocrx_word' id='word_1_91' title='bbox 263 1153 294 1202; x_wconf 90' lang='lat' dir='ltr'><strong>to</strong></span> <span class='ocrx_word' id='word_1_92' title='bbox 303 1140 467 1217; x_wconf 77' lang='lat' dir='ltr'><strong>requiritur,</strong></span> <span class='ocrx_word' id='word_1_93' title='bbox 484 1139 545 1198; x_wconf 88' lang='lat' dir='ltr'><strong>sine</strong></span> <span class='ocrx_word' id='word_1_94' title='bbox 554 1139 620 1215; x_wconf 88' lang='lat' dir='ltr'><strong>lide,</strong></span> <span class='ocrx_word' id='word_1_95' title='bbox 635 1158 700 1217; x_wconf 81' lang='lat' dir='ltr'><strong>quae</strong></span> <span class='ocrx_word' id='word_1_96' title='bbox 709 1139 842 1217; x_wconf 88' lang='lat' dir='ltr'><strong>purificat</strong></span> <span class='ocrx_word' id='word_1_97' title='bbox 856 1139 951 1216; x_wconf 88' lang='lat' dir='ltr'><strong>corda,</strong></span> <span class='ocrx_word' id='word_1_98' title='bbox 967 1159 1032 1218; x_wconf 81' lang='lat' dir='ltr'><strong>quoe</strong></span> <span class='ocrx_word' id='word_1_99' title='bbox 1046 1139 1149 1199; x_wconf 85' lang='lat' dir='ltr'><strong>efficax</strong></span> <span class='ocrx_word' id='word_1_100' title='bbox 1165 1147 1212 1198; x_wconf 92' lang='lat' dir='ltr'><strong>est</strong></span> <span class='ocrx_word' id='word_1_101' title='bbox 1226 1133 1451 1216; x_wconf 72' lang='lat' dir='ltr'><strong>perclusimus,</strong></span> 
     </span>
     <span class='ocr_line' id='line_1_11' title="bbox 265 1207 1454 1296; baseline -0.013 -16"><span class='ocrx_word' id='word_1_102' title='bbox 265 1230 295 1280; x_wconf 90' lang='lat' dir='ltr'><strong>et</strong></span> <span class='ocrx_word' id='word_1_103' title='bbox 309 1240 374 1296; x_wconf 85' lang='lat' dir='ltr'><strong>quse</strong></span> <span class='ocrx_word' id='word_1_104' title='bbox 393 1239 446 1278; x_wconf 84' lang='lat' dir='ltr'><strong>nce</strong></span> <span class='ocrx_word' id='word_1_105' title='bbox 468 1219 532 1277; x_wconf 92' lang='lat' dir='ltr'><strong>Deo</strong></span> <span class='ocrx_word' id='word_1_106' title='bbox 556 1227 655 1296; x_wconf 82' lang='lat' dir='ltr'><strong>gretes</strong></span> <span class='ocrx_word' id='word_1_107' title='bbox 676 1219 779 1295; x_wconf 87' lang='lat' dir='ltr'><strong>reddit,</strong></span> <span class='ocrx_word' id='word_1_108' title='bbox 796 1220 864 1278; x_wconf 88' lang='lat' dir='ltr'><strong>Act.</strong></span> <span class='ocrx_word' id='word_1_109' title='bbox 883 1239 934 1278; x_wconf 83' lang='lat' dir='ltr'><strong>xv.</strong></span> <span class='ocrx_word' id='word_1_110' title='bbox 954 1222 983 1294; x_wconf 89' lang='grc'><strong>9,</strong></span> <span class='ocrx_word' id='word_1_111' title='bbox 1010 1221 1087 1280; x_wconf 86' lang='lat' dir='ltr'><strong>Heb.</strong></span> <span class='ocrx_word' id='word_1_112' title='bbox 1107 1219 1148 1278; x_wconf 87' lang='lat' dir='ltr'><strong>xi.</strong></span> <span class='ocrx_word' id='word_1_113' title='bbox 1163 1222 1202 1295; x_wconf 78' lang='lat'><strong>63</strong></span> <span class='ocrx_word' id='word_1_114' title='bbox 1239 1221 1269 1276; x_wconf 84' lang='lat'><strong>3.</strong></span> <span class='ocrx_word' id='word_1_115' title='bbox 1291 1207 1454 1290; x_wconf 81' lang='lat' dir='ltr'><strong>Quiafoedns</strong></span> 
     </span>
     <span class='ocr_line' id='line_1_12' title="bbox 265 1287 1540 1377; baseline -0.007 -17"><span class='ocrx_word' id='word_1_116' title='bbox 265 1299 437 1360; x_wconf 84' lang='lat' dir='ltr'><strong>Sinaiticum</strong></span> <span class='ocrx_word' id='word_1_117' title='bbox 458 1299 656 1358; x_wconf 85' lang='lat' dir='ltr'><strong>convincendo</strong></span> <span class='ocrx_word' id='word_1_118' title='bbox 677 1299 822 1358; x_wconf 89' lang='lat' dir='ltr'><strong>hominem</strong></span> <span class='ocrx_word' id='word_1_119' title='bbox 842 1300 953 1377; x_wconf 90' lang='lat' dir='ltr'><strong>peccati</strong></span> <span class='ocrx_word' id='word_1_120' title='bbox 974 1307 1004 1358; x_wconf 89' lang='lat' dir='ltr'><strong>et</strong></span> <span class='ocrx_word' id='word_1_121' title='bbox 1023 1299 1201 1377; x_wconf 74' lang='lat' dir='ltr'><strong>impotentia</strong></span> <span class='ocrx_word' id='word_1_122' title='bbox 1221 1317 1292 1370; x_wconf 83' lang='lat' dir='ltr'><strong>suae,</strong></span> <span class='ocrx_word' id='word_1_123' title='bbox 1308 1287 1454 1376; x_wconf 62' lang='lat' dir='ltr'><strong>impellebat</strong></span> <span class='ocrx_word' id='word_1_124' title='bbox 1539 1359 1540 1362; x_wconf 8' lang='grc' dir='ltr'><strong>Ἴ</strong></span> 
     </span>
     <span class='ocr_line' id='line_1_13' title="bbox 263 1367 1455 1457; baseline -0.012 -19"><span class='ocrx_word' id='word_1_125' title='bbox 263 1379 301 1438; x_wconf 88' lang='lat' dir='ltr'><strong>ad</strong></span> <span class='ocrx_word' id='word_1_126' title='bbox 315 1378 501 1456; x_wconf 72' lang='lat' dir='ltr'><strong>quarendum</strong></span> <span class='ocrx_word' id='word_1_127' title='bbox 516 1378 661 1437; x_wconf 81' lang='lat' dir='ltr'><strong>Christum</strong></span> <span class='ocrx_word' id='word_1_128' title='bbox 681 1398 734 1455; x_wconf 89' lang='lat' dir='ltr'><strong>per</strong></span> <span class='ocrx_word' id='word_1_129' title='bbox 755 1378 852 1453; x_wconf 87' lang='lat' dir='ltr'><strong>fidem,</strong></span> <span class='ocrx_word' id='word_1_130' title='bbox 874 1399 926 1456; x_wconf 92' lang='lat' dir='ltr'><strong>per</strong></span> <span class='ocrx_word' id='word_1_131' title='bbox 947 1379 1056 1457; x_wconf 84' lang='lat' dir='ltr'><strong>Legem</strong></span> <span class='ocrx_word' id='word_1_132' title='bbox 1073 1378 1178 1457; x_wconf 86' lang='lat' dir='ltr'><strong>quippe</strong></span> <span class='ocrx_word' id='word_1_133' title='bbox 1195 1379 1310 1436; x_wconf 83' lang='lat' dir='ltr'><strong>“Deus</strong></span> <span class='ocrx_word' id='word_1_134' title='bbox 1333 1367 1455 1432; x_wconf 77' lang='lat' dir='ltr'><strong>conclusit</strong></span> 
     </span>
     <span class='ocr_line' id='line_1_14' title="bbox 264 1445 1454 1536; baseline -0.005 -19"><span class='ocrx_word' id='word_1_135' title='bbox 264 1459 361 1517; x_wconf 87' lang='lat' dir='ltr'><strong>omnia</strong></span> <span class='ocrx_word' id='word_1_136' title='bbox 375 1457 429 1516; x_wconf 89' lang='lat' dir='ltr'><strong>sub</strong></span> <span class='ocrx_word' id='word_1_137' title='bbox 443 1464 601 1535; x_wconf 88' lang='lat' dir='ltr'><strong>peccatum,</strong></span> <span class='ocrx_word' id='word_1_138' title='bbox 617 1466 650 1516; x_wconf 94' lang='lat' dir='ltr'><strong>ut</strong></span> <span class='ocrx_word' id='word_1_139' title='bbox 664 1459 816 1535; x_wconf 88' lang='lat' dir='ltr'><strong>promissio</strong></span> <span class='ocrx_word' id='word_1_140' title='bbox 829 1459 981 1536; x_wconf 88' lang='lat' dir='ltr'><strong>perfidem</strong></span> <span class='ocrx_word' id='word_1_141' title='bbox 994 1460 1069 1519; x_wconf 87' lang='lat' dir='ltr'><strong>Jesu</strong></span> <span class='ocrx_word' id='word_1_142' title='bbox 1084 1458 1192 1519; x_wconf 79' lang='lat' dir='ltr'><strong>Christi</strong></span> <span class='ocrx_word' id='word_1_143' title='bbox 1206 1458 1328 1516; x_wconf 84' lang='lat' dir='ltr'><strong>deretur</strong></span> <span class='ocrx_word' id='word_1_144' title='bbox 1340 1445 1454 1510; x_wconf 73' lang='lat' dir='ltr'><strong>omnibU⁸</strong></span> 
     </span>
     <span class='ocr_line' id='line_1_15' title="bbox 264 1531 1455 1616; baseline -0.008 -16"><span class='ocrx_word' id='word_1_145' title='bbox 264 1537 476 1613; x_wconf 83' lang='lat' dir='ltr'><strong>credentibus,&#39;&#39;</strong></span> <span class='ocrx_word' id='word_1_146' title='bbox 493 1537 560 1596; x_wconf 84' lang='lat' dir='ltr'><strong>Gal.</strong></span> <span class='ocrx_word' id='word_1_147' title='bbox 575 1537 615 1596; x_wconf 93' lang='lat' dir='ltr'><strong>iii.</strong></span> <span class='ocrx_word' id='word_1_148' title='bbox 627 1541 675 1613; x_wconf 76' lang='lat'><strong>22,</strong></span> <span class='ocrx_word' id='word_1_149' title='bbox 691 1541 746 1597; x_wconf 83' lang='lat' dir='ltr'><strong>“et</strong></span> <span class='ocrx_word' id='word_1_150' title='bbox 760 1538 824 1598; x_wconf 86' lang='lat' dir='ltr'><strong>Lex</strong></span> <span class='ocrx_word' id='word_1_151' title='bbox 844 1538 1023 1616; x_wconf 72' lang='lat' dir='ltr'><strong>pedagogus</strong></span> <span class='ocrx_word' id='word_1_152' title='bbox 1035 1538 1091 1598; x_wconf 82' lang='lat' dir='ltr'><strong>fuit</strong></span> <span class='ocrx_word' id='word_1_153' title='bbox 1104 1547 1203 1597; x_wconf 87' lang='lat' dir='ltr'><strong>noster</strong></span> <span class='ocrx_word' id='word_1_154' title='bbox 1216 1537 1256 1597; x_wconf 89' lang='lat' dir='ltr'><strong>ad</strong></span> <span class='ocrx_word' id='word_1_155' title='bbox 1271 1533 1418 1600; x_wconf 83' lang='lat' dir='ltr'><strong>Christum,</strong></span> <span class='ocrx_word' id='word_1_156' title='bbox 1430 1531 1455 1580; x_wconf 75' lang='lat' dir='ltr'><strong>ul</strong></span> 
     </span>
     <span class='ocr_line' id='line_1_16' title="bbox 262 1608 1453 1699; baseline -0.006 -22"><span class='ocrx_word' id='word_1_157' title='bbox 262 1618 414 1699; x_wconf 88' lang='lat' dir='ltr'><strong>perfidem</strong></span> <span class='ocrx_word' id='word_1_158' title='bbox 425 1616 678 1695; x_wconf 85' lang='lat' dir='ltr'><strong>justificaremur,”</strong></span> <span class='ocrx_word' id='word_1_159' title='bbox 694 1639 722 1677; x_wconf 81' lang='lat' dir='ltr'><strong>v.</strong></span> <span class='ocrx_word' id='word_1_160' title='bbox 734 1621 792 1694; x_wconf 77' lang='lat'><strong>243</strong></span> <span class='ocrx_word' id='word_1_161' title='bbox 808 1623 836 1678; x_wconf 84' lang='lat'><strong>4.</strong></span> <span class='ocrx_word' id='word_1_162' title='bbox 853 1619 961 1678; x_wconf 86' lang='lat' dir='ltr'><strong>Paulus</strong></span> <span class='ocrx_word' id='word_1_163' title='bbox 974 1619 1126 1679; x_wconf 80' lang='lat' dir='ltr'><strong>Iustitiam</strong></span> <span class='ocrx_word' id='word_1_164' title='bbox 1139 1618 1208 1677; x_wconf 86' lang='lat' dir='ltr'><strong>fidei</strong></span> <span class='ocrx_word' id='word_1_165' title='bbox 1223 1612 1370 1685; x_wconf 85' lang='lat' dir='ltr'><strong>describit,</strong></span> <span class='ocrx_word' id='word_1_166' title='bbox 1385 1608 1453 1665; x_wconf 77' lang='lat' dir='ltr'><strong>Rom·</strong></span> 
     </span>
     <span class='ocr_line' id='line_1_17' title="bbox 263 1687 1453 1776; baseline -0.008 -17"><span class='ocrx_word' id='word_1_167' title='bbox 263 1721 293 1758; x_wconf 88' lang='lat' dir='ltr'><strong>x.</strong></span> <span class='ocrx_word' id='word_1_168' title='bbox 309 1703 336 1774; x_wconf 87' lang='lat'><strong>6,</strong></span> <span class='ocrx_word' id='word_1_169' title='bbox 357 1703 385 1774; x_wconf 81' lang='lat' dir='ltr'><strong>l,</strong></span> <span class='ocrx_word' id='word_1_170' title='bbox 400 1697 503 1757; x_wconf 89' lang='lat' dir='ltr'><strong>iisdem</strong></span> <span class='ocrx_word' id='word_1_171' title='bbox 517 1697 615 1757; x_wconf 82' lang='lat' dir='ltr'><strong>verbis</strong></span> <span class='ocrx_word' id='word_1_172' title='bbox 635 1699 742 1776; x_wconf 87' lang='lat' dir='ltr'><strong>quibus</strong></span> <span class='ocrx_word' id='word_1_173' title='bbox 766 1698 865 1757; x_wconf 89' lang='lat' dir='ltr'><strong>Moses</strong></span> <span class='ocrx_word' id='word_1_174' title='bbox 880 1699 969 1776; x_wconf 84' lang='lat' dir='ltr'><strong>Legis</strong></span> <span class='ocrx_word' id='word_1_175' title='bbox 989 1707 1136 1776; x_wconf 84' lang='lat' dir='ltr'><strong>proecepts</strong></span> <span class='ocrx_word' id='word_1_176' title='bbox 1151 1697 1360 1767; x_wconf 80' lang='lat' dir='ltr'><strong>declaraverat,</strong></span> <span class='ocrx_word' id='word_1_177' title='bbox 1383 1687 1453 1744; x_wconf 59' lang='lat' dir='ltr'><strong>Delli</strong></span> 
     </span>
     <span class='ocr_line' id='line_1_18' title="bbox 263 1767 1453 1856; baseline -0.014 -18"><span class='ocrx_word' id='word_1_178' title='bbox 263 1799 335 1839; x_wconf 83' lang='lat' dir='ltr'>xxx.</span> <span class='ocrx_word' id='word_1_179' title='bbox 353 1782 399 1854; x_wconf 92' lang='lat' dir='ltr'><strong>ll,</strong></span> <span class='ocrx_word' id='word_1_180' title='bbox 417 1781 463 1854; x_wconf 84' lang='grc'><strong>12,</strong></span> <span class='ocrx_word' id='word_1_181' title='bbox 481 1781 527 1853; x_wconf 87' lang='grc'><strong>13,</strong></span> <span class='ocrx_word' id='word_1_182' title='bbox 542 1787 575 1837; x_wconf 92' lang='grc' dir='ltr'><strong>ιιι</strong></span> <span class='ocrx_word' id='word_1_183' title='bbox 589 1777 692 1838; x_wconf 86' lang='lat' dir='ltr'><strong>doceat</strong></span> <span class='ocrx_word' id='word_1_184' title='bbox 710 1799 769 1837; x_wconf 89' lang='lat' dir='ltr'><strong>non</strong></span> <span class='ocrx_word' id='word_1_185' title='bbox 790 1797 854 1838; x_wconf 84' lang='lat' dir='ltr'><strong>esse</strong></span> <span class='ocrx_word' id='word_1_186' title='bbox 868 1778 1036 1856; x_wconf 91' lang='lat' dir='ltr'><strong>simpliciter</strong></span> <span class='ocrx_word' id='word_1_187' title='bbox 1053 1777 1183 1856; x_wconf 74' lang='lat' dir='ltr'><strong>legalia,</strong></span> <span class='ocrx_word' id='word_1_188' title='bbox 1205 1777 1258 1837; x_wconf 92' lang='lat' dir='ltr'><strong>sed</strong></span> <span class='ocrx_word' id='word_1_189' title='bbox 1273 1774 1360 1834; x_wconf 88' lang='lat' dir='ltr'><strong>etiam</strong></span> <span class='ocrx_word' id='word_1_190' title='bbox 1373 1767 1453 1826; x_wconf 86' lang='lat' dir='ltr'><strong>Eran-</strong></span> 
     </span>
     <span class='ocr_line' id='line_1_19' title="bbox 262 1839 1454 1938; baseline -0.004 -21"><span class='ocrx_word' id='word_1_191' title='bbox 262 1859 364 1937; x_wconf 83' lang='lat' dir='ltr'><strong>gelica.</strong></span> <span class='ocrx_word' id='word_1_192' title='bbox 407 1858 469 1918; x_wconf 89' lang='lat' dir='ltr'><strong>Nec</strong></span> <span class='ocrx_word' id='word_1_193' title='bbox 483 1860 509 1918; x_wconf 93' lang='lat' dir='ltr'><strong>si</strong></span> <span class='ocrx_word' id='word_1_194' title='bbox 513 1860 589 1938; x_wconf 76' lang='lat' dir='ltr'><strong>fidos</strong></span> <span class='ocrx_word' id='word_1_195' title='bbox 602 1859 708 1918; x_wconf 89' lang='lat' dir='ltr'><strong>dicitur</strong></span> <span class='ocrx_word' id='word_1_196' title='bbox 726 1858 889 1933; x_wconf 82' lang='lat' dir='ltr'><strong>revelanda,</strong></span> <span class='ocrx_word' id='word_1_197' title='bbox 906 1859 972 1918; x_wconf 87' lang='lat' dir='ltr'><strong>Gel.</strong></span> <span class='ocrx_word' id='word_1_198' title='bbox 987 1857 1028 1918; x_wconf 90' lang='lat' dir='ltr'><strong>iii.</strong></span> <span class='ocrx_word' id='word_1_199' title='bbox 1050 1861 1097 1932; x_wconf 77' lang='grc'><strong>23,</strong></span> <span class='ocrx_word' id='word_1_200' title='bbox 1114 1858 1176 1917; x_wconf 85' lang='lat' dir='ltr'><strong>scil.</strong></span> <span class='ocrx_word' id='word_1_201' title='bbox 1191 1861 1358 1934; x_wconf 76' lang='lat' dir='ltr'><strong>comparate</strong></span> <span class='ocrx_word' id='word_1_202' title='bbox 1374 1839 1454 1926; x_wconf 73' lang='lat' dir='ltr'><strong>quoad</strong></span> 
     </span>
     <span class='ocr_line' id='line_1_20' title="bbox 260 1935 1317 2016; baseline -0.006 -18"><span class='ocrx_word' id='word_1_203' title='bbox 260 1939 410 1998; x_wconf 88' lang='lat' dir='ltr'><strong>clariorem</strong></span> <span class='ocrx_word' id='word_1_204' title='bbox 425 1939 693 2015; x_wconf 82' lang='lat' dir='ltr'><strong>manifestatIonem,</strong></span> <span class='ocrx_word' id='word_1_205' title='bbox 707 1937 837 2016; x_wconf 89' lang='lat' dir='ltr'><strong>sequitur</strong></span> <span class='ocrx_word' id='word_1_206' title='bbox 849 1958 908 1996; x_wconf 90' lang='lat' dir='ltr'><strong>non</strong></span> <span class='ocrx_word' id='word_1_207' title='bbox 921 1937 1010 1997; x_wconf 85' lang='lat' dir='ltr'><strong>fuisse</strong></span> <span class='ocrx_word' id='word_1_208' title='bbox 1024 1937 1155 1997; x_wconf 89' lang='lat' dir='ltr'><strong>absolute</strong></span> <span class='ocrx_word' id='word_1_209' title='bbox 1169 1937 1225 1996; x_wconf 91' lang='lat' dir='ltr'><strong>sub</strong></span> <span class='ocrx_word' id='word_1_210' title='bbox 1241 1935 1317 1995; x_wconf 69' lang='lat' dir='ltr'><strong>vm</strong></span> 
     </span>
    </p>

    <p class='ocr_par' dir='ltr' id='par_1_4' title="bbox 260 2011 1457 3690">
     <span class='ocr_line' id='line_1_21' title="bbox 303 2011 1454 2096; baseline -0.006 -19"><span class='ocrx_word' id='word_1_211' title='bbox 303 2019 416 2077; x_wconf 83' lang='lat' dir='ltr'>XXII.</span> <span class='ocrx_word' id='word_1_212' title='bbox 438 2018 601 2078; x_wconf 86' lang='lat' dir='ltr'><strong>Discrimen</strong></span> <span class='ocrx_word' id='word_1_213' title='bbox 616 2018 781 2095; x_wconf 86' lang='lat' dir='ltr'><strong>specificam</strong></span> <span class='ocrx_word' id='word_1_214' title='bbox 796 2017 927 2077; x_wconf 88' lang='lat' dir='ltr'><strong>Foederis</strong></span> <span class='ocrx_word' id='word_1_215' title='bbox 951 2037 1009 2076; x_wconf 89' lang='lat' dir='ltr'><strong>nou</strong></span> <span class='ocrx_word' id='word_1_216' title='bbox 1027 2026 1123 2096; x_wconf 85' lang='lat' dir='ltr'><strong>potest</strong></span> <span class='ocrx_word' id='word_1_217' title='bbox 1136 2017 1232 2076; x_wconf 86' lang='lat' dir='ltr'><strong>facere</strong></span> <span class='ocrx_word' id='word_1_218' title='bbox 1247 2011 1392 2076; x_wconf 61' lang='lat' dir='ltr'><strong>dicam</strong></span> <span class='ocrx_word' id='word_1_219' title='bbox 1403 2021 1454 2093; x_wconf 58' lang='grc' dir='ltr'>σοι·</span> 
     </span>
     <span class='ocr_line' id='line_1_22' title="bbox 261 2089 1454 2176; baseline -0.013 -19"><span class='ocrx_word' id='word_1_220' title='bbox 261 2099 373 2157; x_wconf 79' lang='lat' dir='ltr'><strong>dr&#39;tr&#39;onr&#39;s</strong></span> <span class='ocrx_word' id='word_1_221' title='bbox 393 2097 472 2174; x_wconf 87' lang='lat' dir='ltr'><strong>Lege</strong></span> <span class='ocrx_word' id='word_1_222' title='bbox 486 2106 516 2156; x_wconf 89' lang='lat' dir='ltr'><strong>et</strong></span> <span class='ocrx_word' id='word_1_223' title='bbox 530 2097 692 2173; x_wconf 84' lang='lat' dir='ltr'><strong>Evangelio</strong></span> <span class='ocrx_word' id='word_1_224' title='bbox 706 2117 859 2176; x_wconf 81' lang='lat' dir='ltr'><strong>expresses,</strong></span> <span class='ocrx_word' id='word_1_225' title='bbox 874 2097 953 2157; x_wconf 84' lang='lat' dir='ltr'><strong>illins</strong></span> <span class='ocrx_word' id='word_1_226' title='bbox 977 2097 1094 2175; x_wconf 87' lang='lat' dir='ltr'><strong>quidem</strong></span> <span class='ocrx_word' id='word_1_227' title='bbox 1115 2095 1286 2174; x_wconf 85' lang='lat' dir='ltr'><strong>imperfecta</strong></span> <span class='ocrx_word' id='word_1_228' title='bbox 1299 2089 1454 2172; x_wconf 63' lang='lat' dir='ltr'><strong>obedientie,</strong></span> 
     </span>
     <span class='ocr_line' id='line_1_23' title="bbox 260 2169 1455 2255; baseline -0.008 -19"><span class='ocrx_word' id='word_1_229' title='bbox 260 2178 345 2236; x_wconf 86' lang='lat' dir='ltr'><strong>istius</strong></span> <span class='ocrx_word' id='word_1_230' title='bbox 358 2197 428 2236; x_wconf 87' lang='lat' dir='ltr'><strong>vero</strong></span> <span class='ocrx_word' id='word_1_231' title='bbox 443 2177 473 2234; x_wconf 90' lang='lat' dir='ltr'><strong>in</strong></span> <span class='ocrx_word' id='word_1_232' title='bbox 486 2175 552 2235; x_wconf 88' lang='lat' dir='ltr'><strong>tide.</strong></span> <span class='ocrx_word' id='word_1_233' title='bbox 595 2177 670 2251; x_wconf 86' lang='lat' dir='ltr'><strong>Quia</strong></span> <span class='ocrx_word' id='word_1_234' title='bbox 691 2197 749 2236; x_wconf 90' lang='lat' dir='ltr'><strong>non</strong></span> <span class='ocrx_word' id='word_1_235' title='bbox 769 2178 968 2255; x_wconf 79' lang='lat' dir='ltr'><strong>requirebatur</strong></span> <span class='ocrx_word' id='word_1_236' title='bbox 991 2177 1092 2236; x_wconf 86' lang='lat' dir='ltr'><strong>eodem</strong></span> <span class='ocrx_word' id='word_1_237' title='bbox 1113 2176 1208 2251; x_wconf 91' lang='lat' dir='ltr'><strong>modo,</strong></span> <span class='ocrx_word' id='word_1_238' title='bbox 1223 2197 1280 2235; x_wconf 86' lang='lat' dir='ltr'><strong>nec</strong></span> <span class='ocrx_word' id='word_1_239' title='bbox 1295 2169 1411 2233; x_wconf 88' lang='lat' dir='ltr'><strong>eundem</strong></span> <span class='ocrx_word' id='word_1_240' title='bbox 1432 2177 1455 2216; x_wconf 81' lang='lat'><strong>11¹</strong></span> 
     </span>
     <span class='ocr_line' id='line_1_24' title="bbox 261 2241 1453 2336; baseline -0.015 -22"><span class='ocrx_word' id='word_1_241' title='bbox 261 2257 367 2332; x_wconf 81' lang='lat' dir='ltr'><strong>flnem3</strong></span> <span class='ocrx_word' id='word_1_242' title='bbox 389 2255 462 2314; x_wconf 86' lang='lat' dir='ltr'><strong>fides</strong></span> <span class='ocrx_word' id='word_1_243' title='bbox 476 2255 552 2314; x_wconf 90' lang='lat' dir='ltr'><strong>enim</strong></span> <span class='ocrx_word' id='word_1_244' title='bbox 563 2255 594 2314; x_wconf 91' lang='lat' dir='ltr'><strong>in</strong></span> <span class='ocrx_word' id='word_1_245' title='bbox 609 2256 754 2315; x_wconf 84' lang='lat' dir='ltr'><strong>Christum</strong></span> <span class='ocrx_word' id='word_1_246' title='bbox 767 2257 969 2336; x_wconf 70' lang='lat' dir='ltr'><strong>postulabatur</strong></span> <span class='ocrx_word' id='word_1_247' title='bbox 981 2257 1125 2334; x_wconf 87' lang='lat' dir='ltr'><strong>primario,</strong></span> <span class='ocrx_word' id='word_1_248' title='bbox 1141 2265 1171 2315; x_wconf 90' lang='lat' dir='ltr'><strong>et</strong></span> <span class='ocrx_word' id='word_1_249' title='bbox 1183 2256 1330 2333; x_wconf 80' lang='lat' dir='ltr'><strong>praecipue</strong></span> <span class='ocrx_word' id='word_1_250' title='bbox 1341 2241 1453 2308; x_wconf 89' lang='lat' dir='ltr'><strong>intende·</strong></span> 
     </span>
     <span class='ocr_line' id='line_1_25' title="bbox 262 2331 1454 2414; baseline -0.013 -20"><span class='ocrx_word' id='word_1_251' title='bbox 262 2336 365 2406; x_wconf 87' lang='lat' dir='ltr'><strong>batur;</strong></span> <span class='ocrx_word' id='word_1_252' title='bbox 390 2335 449 2394; x_wconf 88' lang='lat' dir='ltr'><strong>Sed</strong></span> <span class='ocrx_word' id='word_1_253' title='bbox 463 2334 627 2394; x_wconf 85' lang='lat' dir='ltr'><strong>obedientia</strong></span> <span class='ocrx_word' id='word_1_254' title='bbox 639 2335 766 2413; x_wconf 72' lang='lat' dir='ltr'><strong>perfecto</strong></span> <span class='ocrx_word' id='word_1_255' title='bbox 790 2337 844 2396; x_wconf 92' lang='lat' dir='ltr'><strong>sub</strong></span> <span class='ocrx_word' id='word_1_256' title='bbox 866 2357 952 2414; x_wconf 80' lang='lat' dir='ltr'><strong>poena</strong></span> <span class='ocrx_word' id='word_1_257' title='bbox 975 2337 1076 2398; x_wconf 86' lang='lat' dir='ltr'><strong>mortis</strong></span> <span class='ocrx_word' id='word_1_258' title='bbox 1090 2345 1119 2394; x_wconf 89' lang='lat' dir='ltr'><strong>et</strong></span> <span class='ocrx_word' id='word_1_259' title='bbox 1132 2333 1347 2395; x_wconf 86' lang='lat' dir='ltr'><strong>maledictionis</strong></span> <span class='ocrx_word' id='word_1_260' title='bbox 1359 2331 1454 2387; x_wconf 84' lang='lat' dir='ltr'><strong>tantum</strong></span> 
     </span>
     <span class='ocr_line' id='line_1_26' title="bbox 261 2405 1454 2494; baseline -0.005 -20"><span class='ocrx_word' id='word_1_261' title='bbox 261 2413 447 2474; x_wconf 86' lang='lat' dir='ltr'><strong>subordinate</strong></span> <span class='ocrx_word' id='word_1_262' title='bbox 462 2423 492 2472; x_wconf 90' lang='lat' dir='ltr'><strong>et</strong></span> <span class='ocrx_word' id='word_1_263' title='bbox 505 2414 594 2472; x_wconf 87' lang='lat' dir='ltr'><strong>relate</strong></span> <span class='ocrx_word' id='word_1_264' title='bbox 608 2414 646 2472; x_wconf 87' lang='lat' dir='ltr'><strong>ad</strong></span> <span class='ocrx_word' id='word_1_265' title='bbox 654 2413 741 2474; x_wconf 84' lang='lat' dir='ltr'><strong>fidem</strong></span> <span class='ocrx_word' id='word_1_266' title='bbox 752 2425 781 2475; x_wconf 89' lang='lat' dir='ltr'><strong>et</strong></span> <span class='ocrx_word' id='word_1_267' title='bbox 791 2417 936 2492; x_wconf 87' lang='lat' dir='ltr'><strong>justitiam</strong></span> <span class='ocrx_word' id='word_1_268' title='bbox 946 2415 1022 2492; x_wconf 90' lang='lat' dir='ltr'><strong>fidei,</strong></span> <span class='ocrx_word' id='word_1_269' title='bbox 1036 2417 1104 2493; x_wconf 87' lang='lat' dir='ltr'><strong>quia</strong></span> <span class='ocrx_word' id='word_1_270' title='bbox 1114 2415 1316 2475; x_wconf 83' lang='lat' dir='ltr'><strong>convincendo</strong></span> <span class='ocrx_word' id='word_1_271' title='bbox 1327 2405 1454 2494; x_wconf 76' lang='lat' dir='ltr'><strong>honinem</strong></span> 
     </span>
     <span class='ocr_line' id='line_1_27' title="bbox 261 2487 1454 2573; baseline -0.004 -21"><span class='ocrx_word' id='word_1_272' title='bbox 261 2494 373 2573; x_wconf 87' lang='lat' dir='ltr'><strong>peceati</strong></span> <span class='ocrx_word' id='word_1_273' title='bbox 386 2503 415 2552; x_wconf 91' lang='lat' dir='ltr'><strong>et</strong></span> <span class='ocrx_word' id='word_1_274' title='bbox 429 2493 605 2571; x_wconf 72' lang='lat' dir='ltr'><strong>impotentia</strong></span> <span class='ocrx_word' id='word_1_275' title='bbox 627 2513 695 2569; x_wconf 83' lang='lat' dir='ltr'><strong>suoe,</strong></span> <span class='ocrx_word' id='word_1_276' title='bbox 711 2496 834 2572; x_wconf 85' lang='lat' dir='ltr'><strong>cogebat</strong></span> <span class='ocrx_word' id='word_1_277' title='bbox 857 2495 895 2554; x_wconf 82' lang='lat' dir='ltr'><strong>cd</strong></span> <span class='ocrx_word' id='word_1_278' title='bbox 915 2495 1102 2572; x_wconf 72' lang='lat' dir='ltr'><strong>quaerendum</strong></span> <span class='ocrx_word' id='word_1_279' title='bbox 1122 2495 1284 2555; x_wconf 88' lang='lat' dir='ltr'><strong>remedium</strong></span> <span class='ocrx_word' id='word_1_280' title='bbox 1305 2493 1336 2551; x_wconf 89' lang='lat' dir='ltr'><strong>in</strong></span> <span class='ocrx_word' id='word_1_281' title='bbox 1356 2487 1454 2570; x_wconf 61' lang='lat' dir='ltr'><strong>Chnsl⁰</strong></span> 
     </span>
     <span class='ocr_line' id='line_1_28' title="bbox 262 2573 1456 2653; baseline 0.004 -20"><span class='ocrx_word' id='word_1_282' title='bbox 262 2573 419 2652; x_wconf 89' lang='lat' dir='ltr'><strong>perfidem,</strong></span> <span class='ocrx_word' id='word_1_283' title='bbox 435 2582 468 2633; x_wconf 89' lang='lat' dir='ltr'><strong>ut</strong></span> <span class='ocrx_word' id='word_1_284' title='bbox 477 2574 540 2652; x_wconf 87' lang='lat' dir='ltr'><strong>jam</strong></span> <span class='ocrx_word' id='word_1_285' title='bbox 555 2573 673 2632; x_wconf 88' lang='lat' dir='ltr'><strong>dictum.</strong></span> <span class='ocrx_word' id='word_1_286' title='bbox 703 2573 816 2634; x_wconf 91' lang='lat' dir='ltr'><strong>Deinde</strong></span> <span class='ocrx_word' id='word_1_287' title='bbox 831 2575 895 2634; x_wconf 79' lang='lat' dir='ltr'><strong>duae</strong></span> <span class='ocrx_word' id='word_1_288' title='bbox 910 2576 973 2634; x_wconf 90' lang='lat' dir='ltr'><strong>istse</strong></span> <span class='ocrx_word' id='word_1_289' title='bbox 987 2575 1167 2635; x_wconf 89' lang='lat' dir='ltr'><strong>conditiones</strong></span> <span class='ocrx_word' id='word_1_290' title='bbox 1182 2579 1387 2653; x_wconf 84' lang='lat' dir='ltr'><strong>proponuntur,</strong></span> <span class='ocrx_word' id='word_1_291' title='bbox 1400 2575 1456 2638; x_wconf 83' lang='lat' dir='ltr'><strong>qun</strong></span> 
     </span>
     <span class='ocr_line' id='line_1_29' title="bbox 260 2633 1456 2736; baseline -0.008 -23"><span class='ocrx_word' id='word_1_292' title='bbox 260 2653 430 2714; x_wconf 76' lang='lat' dir='ltr'><strong>necessariae</strong></span> <span class='ocrx_word' id='word_1_293' title='bbox 445 2653 562 2713; x_wconf 87' lang='lat' dir='ltr'><strong>suntad</strong></span> <span class='ocrx_word' id='word_1_294' title='bbox 576 2662 758 2731; x_wconf 89' lang='lat' dir='ltr'><strong>peccatorum</strong></span> <span class='ocrx_word' id='word_1_295' title='bbox 773 2656 914 2731; x_wconf 74' lang='lat' dir='ltr'><strong>salutem,</strong></span> <span class='ocrx_word' id='word_1_296' title='bbox 936 2655 1063 2733; x_wconf 83' lang='lat' dir='ltr'><strong>perfecta</strong></span> <span class='ocrx_word' id='word_1_297' title='bbox 1083 2655 1248 2714; x_wconf 86' lang='lat' dir='ltr'><strong>obedientia</strong></span> <span class='ocrx_word' id='word_1_298' title='bbox 1261 2656 1294 2714; x_wconf 91' lang='lat' dir='ltr'><strong>in</strong></span> <span class='ocrx_word' id='word_1_299' title='bbox 1308 2648 1415 2736; x_wconf 72' lang='lat' dir='ltr'><strong>Christo</strong></span> <span class='ocrx_word' id='word_1_300' title='bbox 1426 2633 1456 2696; x_wconf 73' lang='lat' dir='ltr'><strong>ed</strong></span> 
     </span>
     <span class='ocr_line' id='line_1_30' title="bbox 262 2729 1454 2813; baseline -0.002 -20"><span class='ocrx_word' id='word_1_301' title='bbox 262 2733 441 2813; x_wconf 89' lang='lat' dir='ltr'><strong>implendum</strong></span> <span class='ocrx_word' id='word_1_302' title='bbox 453 2759 482 2793; x_wconf 72' lang='lat' dir='ltr'><strong>ro</strong></span> <span class='ocrx_word' id='word_1_303' title='bbox 502 2732 627 2810; x_wconf 66' lang='lat' dir='ltr'><strong>lmuhpae</strong></span> <span class='ocrx_word' id='word_1_304' title='bbox 637 2741 681 2793; x_wconf 70' lang='grc' dir='ltr'><strong>τοῦ</strong></span> <span class='ocrx_word' id='word_1_305' title='bbox 694 2733 775 2810; x_wconf 67' lang='lat' dir='ltr'><strong>elpes,</strong></span> <span class='ocrx_word' id='word_1_306' title='bbox 793 2735 855 2794; x_wconf 91' lang='lat' dir='ltr'><strong>sinc</strong></span> <span class='ocrx_word' id='word_1_307' title='bbox 869 2754 927 2812; x_wconf 89' lang='lat' dir='ltr'><strong>qua</strong></span> <span class='ocrx_word' id='word_1_308' title='bbox 939 2755 998 2794; x_wconf 92' lang='lat' dir='ltr'><strong>non</strong></span> <span class='ocrx_word' id='word_1_309' title='bbox 1011 2735 1175 2813; x_wconf 86' lang='lat' dir='ltr'><strong>patiebatur</strong></span> <span class='ocrx_word' id='word_1_310' title='bbox 1181 2735 1299 2812; x_wconf 86' lang='lat' dir='ltr'><strong>justitia</strong></span> <span class='ocrx_word' id='word_1_311' title='bbox 1314 2729 1367 2791; x_wconf 85' lang='lat' dir='ltr'><strong>Dei</strong></span> <span class='ocrx_word' id='word_1_312' title='bbox 1380 2729 1454 2812; x_wconf 55' lang='lat' dir='ltr'><strong>vllffi!</strong></span> 
     </span>
     <span class='ocr_line' id='line_1_31' title="bbox 261 2805 1456 2892; baseline -0.004 -19"><span class='ocrx_word' id='word_1_313' title='bbox 261 2815 346 2874; x_wconf 90' lang='lat' dir='ltr'><strong>nobis</strong></span> <span class='ocrx_word' id='word_1_314' title='bbox 360 2815 440 2889; x_wconf 88' lang='lat' dir='ltr'><strong>dari;</strong></span> <span class='ocrx_word' id='word_1_315' title='bbox 461 2815 534 2876; x_wconf 87' lang='lat' dir='ltr'><strong>fides</strong></span> <span class='ocrx_word' id='word_1_316' title='bbox 547 2835 617 2874; x_wconf 83' lang='lat' dir='ltr'><strong>vcro</strong></span> <span class='ocrx_word' id='word_1_317' title='bbox 631 2815 662 2872; x_wconf 92' lang='lat' dir='ltr'><strong>in</strong></span> <span class='ocrx_word' id='word_1_318' title='bbox 674 2814 768 2888; x_wconf 91' lang='lat' dir='ltr'><strong>nohis,</strong></span> <span class='ocrx_word' id='word_1_319' title='bbox 783 2823 816 2874; x_wconf 90' lang='lat' dir='ltr'><strong>ut</strong></span> <span class='ocrx_word' id='word_1_320' title='bbox 829 2815 955 2892; x_wconf 85' lang='lat' dir='ltr'><strong>perfecta</strong></span> <span class='ocrx_word' id='word_1_321' title='bbox 968 2815 1133 2874; x_wconf 87' lang='lat' dir='ltr'><strong>obedientia</strong></span> <span class='ocrx_word' id='word_1_322' title='bbox 1143 2822 1172 2873; x_wconf 88' lang='lat' dir='ltr'><strong>et</strong></span> <span class='ocrx_word' id='word_1_323' title='bbox 1191 2813 1350 2874; x_wconf 80' lang='lat' dir='ltr'><strong>satisfactio</strong></span> <span class='ocrx_word' id='word_1_324' title='bbox 1365 2805 1456 2887; x_wconf 46' lang='lat' dir='ltr'><strong>Chrlss,tl</strong></span> 
     </span>
     <span class='ocr_line' id='line_1_32' title="bbox 262 2885 1455 2973; baseline -0.003 -20"><span class='ocrx_word' id='word_1_325' title='bbox 262 2896 347 2955; x_wconf 92' lang='lat' dir='ltr'><strong>nobis</strong></span> <span class='ocrx_word' id='word_1_326' title='bbox 367 2895 567 2973; x_wconf 79' lang='lat' dir='ltr'><strong>applicaretur,</strong></span> <span class='ocrx_word' id='word_1_327' title='bbox 583 2903 612 2954; x_wconf 90' lang='lat' dir='ltr'><strong>et</strong></span> <span class='ocrx_word' id='word_1_328' title='bbox 626 2903 724 2954; x_wconf 88' lang='lat' dir='ltr'><strong>nostra</strong></span> <span class='ocrx_word' id='word_1_329' title='bbox 737 2895 819 2954; x_wconf 90' lang='lat' dir='ltr'><strong>fieret</strong></span> <span class='ocrx_word' id='word_1_330' title='bbox 832 2915 883 2972; x_wconf 91' lang='lat' dir='ltr'><strong>per</strong></span> <span class='ocrx_word' id='word_1_331' title='bbox 896 2895 1114 2973; x_wconf 86' lang='lat' dir='ltr'><strong>imputationem</strong></span> <span class='ocrx_word' id='word_1_332' title='bbox 1126 2916 1134 2969; x_wconf 73' lang='lat'><em>3</em></span> <span class='ocrx_word' id='word_1_333' title='bbox 1162 2903 1249 2972; x_wconf 84' lang='lat' dir='ltr'><strong>etque</strong></span> <span class='ocrx_word' id='word_1_334' title='bbox 1264 2895 1306 2955; x_wconf 89' lang='lat' dir='ltr'><strong>ita</strong></span> <span class='ocrx_word' id='word_1_335' title='bbox 1318 2885 1394 2969; x_wconf 86' lang='lat' dir='ltr'><strong>quod</strong></span> <span class='ocrx_word' id='word_1_336' title='bbox 1406 2896 1455 2972; x_wconf 61' lang='lat'>03¹·</span> 
     </span>
     <span class='ocr_line' id='line_1_33' title="bbox 263 2970 1455 3054; baseline -0.007 -18"><span class='ocrx_word' id='word_1_337' title='bbox 263 2977 386 3053; x_wconf 85' lang='lat' dir='ltr'><strong>gebatur</strong></span> <span class='ocrx_word' id='word_1_338' title='bbox 399 2997 417 3034; x_wconf 87' lang='lat' dir='ltr'><strong>a</strong></span> <span class='ocrx_word' id='word_1_339' title='bbox 430 2977 514 3036; x_wconf 87' lang='lat' dir='ltr'><strong>nobis</strong></span> <span class='ocrx_word' id='word_1_340' title='bbox 528 2977 558 3034; x_wconf 89' lang='lat' dir='ltr'><strong>in</strong></span> <span class='ocrx_word' id='word_1_341' title='bbox 572 2975 815 3054; x_wconf 86' lang='lat' dir='ltr'><strong>foedereopcrum,</strong></span> <span class='ocrx_word' id='word_1_342' title='bbox 829 2976 964 3054; x_wconf 88' lang='lat' dir='ltr'><strong>impletur</strong></span> <span class='ocrx_word' id='word_1_343' title='bbox 976 2994 1027 3052; x_wconf 90' lang='lat' dir='ltr'><strong>per</strong></span> <span class='ocrx_word' id='word_1_344' title='bbox 1039 2975 1185 3034; x_wconf 89' lang='lat' dir='ltr'><strong>Christum</strong></span> <span class='ocrx_word' id='word_1_345' title='bbox 1199 2973 1229 3033; x_wconf 92' lang='lat' dir='ltr'><strong>in</strong></span> <span class='ocrx_word' id='word_1_346' title='bbox 1238 2973 1347 3033; x_wconf 73' lang='lat' dir='ltr'><strong>foedere</strong></span> <span class='ocrx_word' id='word_1_347' title='bbox 1361 2970 1455 3044; x_wconf 58' lang='lat' dir='ltr'><strong>grew·</strong></span> 
     </span>
     <span class='ocr_line' id='line_1_34' title="bbox 265 3041 1454 3148; baseline -0.008 -33"><span class='ocrx_word' id='word_1_348' title='bbox 265 3057 326 3116; x_wconf 86' lang='lat' dir='ltr'><strong>Nec</strong></span> <span class='ocrx_word' id='word_1_349' title='bbox 340 3055 497 3116; x_wconf 88' lang='lat' dir='ltr'><strong>absurdum</strong></span> <span class='ocrx_word' id='word_1_350' title='bbox 511 3066 555 3117; x_wconf 89' lang='lat' dir='ltr'><strong>est</strong></span> <span class='ocrx_word' id='word_1_351' title='bbox 567 3056 624 3115; x_wconf 90' lang='lat' dir='ltr'><strong>hoo</strong></span> <span class='ocrx_word' id='word_1_352' title='bbox 647 3064 732 3134; x_wconf 88' lang='lat' dir='ltr'><strong>pacto</strong></span> <span class='ocrx_word' id='word_1_353' title='bbox 743 3055 979 3134; x_wconf 83' lang='lat' dir='ltr'><strong>justificationom</strong></span> <span class='ocrx_word' id='word_1_354' title='bbox 993 3055 1055 3114; x_wconf 83' lang='lat' dir='ltr'><strong>lieri</strong></span> <span class='ocrx_word' id='word_1_355' title='bbox 1075 3074 1127 3148; x_wconf 85' lang='lat' dir='ltr'><strong>per</strong></span> <span class='ocrx_word' id='word_1_356' title='bbox 1146 3073 1234 3147; x_wconf 78' lang='lat' dir='ltr'><strong>opera</strong></span> <span class='ocrx_word' id='word_1_357' title='bbox 1252 3064 1283 3114; x_wconf 91' lang='lat' dir='ltr'><strong>et</strong></span> <span class='ocrx_word' id='word_1_358' title='bbox 1303 3041 1454 3141; x_wconf 30' lang='lat' dir='ltr'><strong>perntidefflr</strong></span> 
     </span>
     <span class='ocr_line' id='line_1_35' title="bbox 264 3121 1457 3292; baseline -0.012 -20"><span class='ocrx_word' id='word_1_359' title='bbox 264 3137 605 3292; x_wconf 57' lang='lat' dir='ltr'><strong>ll‘ril&#39;isshlllihil</strong></span> <span class='ocrx_word' id='word_1_360' title='bbox 615 3136 927 3275; x_wconf 65' lang='lat' dir='ltr'><strong>ttt‘lssttttt·</strong></span> <span class='ocrx_word' id='word_1_361' title='bbox 938 3134 1068 3290; x_wconf 63' lang='lat' dir='ltr'><strong>silli?</strong></span> <span class='ocrx_word' id='word_1_362' title='bbox 1083 3121 1457 3273; x_wconf 59' lang='lat' dir='ltr'><strong>¹ieluilihh‘llllielil</strong></span> 
     </span>
     <span class='ocr_line' id='line_1_36' title="bbox 265 3289 1456 3371; baseline 0.002 -19"><span class='ocrx_word' id='word_1_363' title='bbox 265 3293 327 3352; x_wconf 87' lang='lat' dir='ltr'><strong>sine</strong></span> <span class='ocrx_word' id='word_1_364' title='bbox 350 3293 521 3370; x_wconf 83' lang='lat' dir='ltr'><strong>Evangelio,</strong></span> <span class='ocrx_word' id='word_1_365' title='bbox 537 3314 590 3352; x_wconf 87' lang='lat' dir='ltr'><strong>nco</strong></span> <span class='ocrx_word' id='word_1_366' title='bbox 613 3294 806 3371; x_wconf 84' lang='lat' dir='ltr'><strong>Evangelium</strong></span> <span class='ocrx_word' id='word_1_367' title='bbox 820 3295 882 3354; x_wconf 89' lang='lat' dir='ltr'><strong>sine</strong></span> <span class='ocrx_word' id='word_1_368' title='bbox 897 3295 985 3371; x_wconf 85' lang='lat' dir='ltr'><strong>Lege,</strong></span> <span class='ocrx_word' id='word_1_369' title='bbox 1001 3303 1034 3354; x_wconf 92' lang='lat' dir='ltr'><strong>ut</strong></span> <span class='ocrx_word' id='word_1_370' title='bbox 1054 3295 1092 3352; x_wconf 84' lang='lat' dir='ltr'><strong>sit</strong></span> <span class='ocrx_word' id='word_1_371' title='bbox 1105 3293 1198 3352; x_wconf 86' lang='lat' dir='ltr'><strong>veluti</strong></span> <span class='ocrx_word' id='word_1_372' title='bbox 1212 3293 1322 3371; x_wconf 84' lang='lat' dir='ltr'><strong>Legale</strong></span> <span class='ocrx_word' id='word_1_373' title='bbox 1337 3289 1456 3354; x_wconf 59' lang='lat' dir='ltr'>Evssflsse&#39;</span> 
     </span>
     <span class='ocr_line' id='line_1_37' title="bbox 265 3355 1456 3450; baseline -0.004 -20"><span class='ocrx_word' id='word_1_374' title='bbox 265 3373 346 3444; x_wconf 89' lang='lat' dir='ltr'><strong>lium,</strong></span> <span class='ocrx_word' id='word_1_375' title='bbox 362 3379 392 3428; x_wconf 88' lang='lat' dir='ltr'><strong>ct</strong></span> <span class='ocrx_word' id='word_1_376' title='bbox 406 3372 470 3428; x_wconf 84' lang='lat' dir='ltr'><strong>Lex</strong></span> <span class='ocrx_word' id='word_1_377' title='bbox 480 3372 658 3448; x_wconf 83' lang='lat' dir='ltr'><strong>Evangelica</strong></span> <span class='ocrx_word' id='word_1_378' title='bbox 670 3373 862 3446; x_wconf 84' lang='lat' dir='ltr'><strong>Evangelinrn</strong></span> <span class='ocrx_word' id='word_1_379' title='bbox 873 3373 990 3449; x_wconf 86' lang='lat' dir='ltr'><strong>plenum</strong></span> <span class='ocrx_word' id='word_1_380' title='bbox 999 3373 1172 3449; x_wconf 87' lang='lat' dir='ltr'><strong>obedientia,</strong></span> <span class='ocrx_word' id='word_1_381' title='bbox 1184 3380 1214 3432; x_wconf 94' lang='lat' dir='ltr'><strong>et</strong></span> <span class='ocrx_word' id='word_1_382' title='bbox 1228 3373 1292 3430; x_wconf 79' lang='lat' dir='ltr'><strong>Lex</strong></span> <span class='ocrx_word' id='word_1_383' title='bbox 1307 3371 1390 3450; x_wconf 87' lang='lat' dir='ltr'><strong>plena</strong></span> <span class='ocrx_word' id='word_1_384' title='bbox 1401 3355 1456 3417; x_wconf 62' lang='lat' dir='ltr'><strong>fidt·</strong></span> 
     </span>
     <span class='ocr_line' id='line_1_38' title="bbox 267 3433 1456 3530; baseline -0.001 -21"><span class='ocrx_word' id='word_1_385' title='bbox 267 3451 315 3509; x_wconf 84' lang='lat' dir='ltr'><strong>Sic</strong></span> <span class='ocrx_word' id='word_1_386' title='bbox 330 3449 524 3526; x_wconf 85' lang='lat' dir='ltr'><strong>Evangelium</strong></span> <span class='ocrx_word' id='word_1_387' title='bbox 535 3471 594 3508; x_wconf 90' lang='lat' dir='ltr'><strong>non</strong></span> <span class='ocrx_word' id='word_1_388' title='bbox 610 3450 732 3510; x_wconf 88' lang='lat' dir='ltr'><strong>destruit</strong></span> <span class='ocrx_word' id='word_1_389' title='bbox 747 3451 864 3527; x_wconf 81' lang='lat' dir='ltr'><strong>Legem,</strong></span> <span class='ocrx_word' id='word_1_390' title='bbox 881 3451 1007 3510; x_wconf 87' lang='lat' dir='ltr'><strong>sedeam</strong></span> <span class='ocrx_word' id='word_1_391' title='bbox 1021 3453 1139 3530; x_wconf 86' lang='lat' dir='ltr'><strong>stabilit,</strong></span> <span class='ocrx_word' id='word_1_392' title='bbox 1156 3453 1240 3512; x_wconf 88' lang='lat' dir='ltr'><strong>Rom.</strong></span> <span class='ocrx_word' id='word_1_393' title='bbox 1255 3453 1296 3511; x_wconf 91' lang='lat' dir='ltr'><strong>iii.</strong></span> <span class='ocrx_word' id='word_1_394' title='bbox 1313 3453 1360 3522; x_wconf 83' lang='lat'><strong>31,</strong></span> <span class='ocrx_word' id='word_1_395' title='bbox 1374 3433 1456 3502; x_wconf 72' lang='lat' dir='ltr'><strong>d⁰11d⁰</strong></span> 
     </span>
     <span class='ocr_line' id='line_1_39' title="bbox 264 3523 1456 3608; baseline 0.002 -20"><span class='ocrx_word' id='word_1_396' title='bbox 264 3527 349 3588; x_wconf 87' lang='lat' dir='ltr'><strong>nobis</strong></span> <span class='ocrx_word' id='word_1_397' title='bbox 364 3528 518 3600; x_wconf 89' lang='lat' dir='ltr'><strong>Christum,</strong></span> <span class='ocrx_word' id='word_1_398' title='bbox 534 3530 584 3606; x_wconf 89' lang='lat' dir='ltr'><strong>qui</strong></span> <span class='ocrx_word' id='word_1_399' title='bbox 597 3529 723 3605; x_wconf 84' lang='lat' dir='ltr'><strong>perfecte</strong></span> <span class='ocrx_word' id='word_1_400' title='bbox 737 3549 800 3587; x_wconf 86' lang='lat' dir='ltr'><strong>eam</strong></span> <span class='ocrx_word' id='word_1_401' title='bbox 814 3530 954 3608; x_wconf 88' lang='lat' dir='ltr'><strong>implevit.</strong></span> <span class='ocrx_word' id='word_1_402' title='bbox 997 3533 1037 3590; x_wconf 91' lang='lat' dir='ltr'><strong>Et</strong></span> <span class='ocrx_word' id='word_1_403' title='bbox 1051 3533 1115 3592; x_wconf 87' lang='lat' dir='ltr'><strong>Lex</strong></span> <span class='ocrx_word' id='word_1_404' title='bbox 1128 3553 1186 3591; x_wconf 90' lang='lat' dir='ltr'><strong>non</strong></span> <span class='ocrx_word' id='word_1_405' title='bbox 1200 3541 1245 3592; x_wconf 89' lang='lat' dir='ltr'><strong>est</strong></span> <span class='ocrx_word' id='word_1_406' title='bbox 1258 3541 1359 3591; x_wconf 85' lang='lat' dir='ltr'><strong>contra</strong></span> <span class='ocrx_word' id='word_1_407' title='bbox 1373 3523 1456 3582; x_wconf 65' lang='lat' dir='ltr'>Evssfl&#39;</span> 
     </span>
     <span class='ocr_line' id='line_1_40' title="bbox 266 3606 1419 3690; baseline 0.003 -26"><span class='ocrx_word' id='word_1_408' title='bbox 266 3608 383 3686; x_wconf 80' lang='lat' dir='ltr'><strong>gelium,</strong></span> <span class='ocrx_word' id='word_1_409' title='bbox 399 3627 464 3665; x_wconf 92' lang='lat' dir='ltr'><strong>cum</strong></span> <span class='ocrx_word' id='word_1_410' title='bbox 479 3606 517 3665; x_wconf 85' lang='lat' dir='ltr'><strong>ad</strong></span> <span class='ocrx_word' id='word_1_411' title='bbox 531 3607 603 3667; x_wconf 90' lang='lat' dir='ltr'><strong>illud</strong></span> <span class='ocrx_word' id='word_1_412' title='bbox 617 3617 650 3667; x_wconf 88' lang='lat' dir='ltr'><strong>ut</strong></span> <span class='ocrx_word' id='word_1_413' title='bbox 663 3608 701 3666; x_wconf 90' lang='lat' dir='ltr'><strong>ad</strong></span> <span class='ocrx_word' id='word_1_414' title='bbox 714 3607 800 3667; x_wconf 88' lang='lat' dir='ltr'><strong>linem</strong></span> <span class='ocrx_word' id='word_1_415' title='bbox 816 3629 898 3669; x_wconf 88' lang='lat' dir='ltr'><strong>suurn</strong></span> <span class='ocrx_word' id='word_1_416' title='bbox 913 3611 1047 3687; x_wconf 87' lang='lat' dir='ltr'><strong>respiciat</strong></span> <span class='ocrx_word' id='word_1_417' title='bbox 1061 3621 1090 3671; x_wconf 91' lang='lat' dir='ltr'><strong>et</strong></span> <span class='ocrx_word' id='word_1_418' title='bbox 1103 3632 1157 3672; x_wconf 87' lang='lat' dir='ltr'><strong>nos</strong></span> <span class='ocrx_word' id='word_1_419' title='bbox 1167 3611 1351 3671; x_wconf 86' lang='lat' dir='ltr'><strong>manuducat</strong></span> <span class='ocrx_word' id='word_1_420' title='bbox 1413 3679 1419 3690; x_wconf 36' lang='grc' dir='ltr'>ι</span> 
     </span>
    </p>

    <p class='ocr_par' dir='ltr' id='par_1_5' title="bbox 264 3685 1540 4008">
     <span class='ocr_line' id='line_1_41' title="bbox 306 3685 1456 3768; baseline -0.01 -24"><span class='ocrx_word' id='word_1_421' title='bbox 306 3685 437 3744; x_wconf 85' lang='lat' dir='ltr'>XXIII.</span> <span class='ocrx_word' id='word_1_422' title='bbox 459 3686 542 3746; x_wconf 91' lang='lat' dir='ltr'><strong>Licet</strong></span> <span class='ocrx_word' id='word_1_423' title='bbox 556 3687 655 3746; x_wconf 87' lang='lat' dir='ltr'><strong>Moses</strong></span> <span class='ocrx_word' id='word_1_424' title='bbox 670 3687 815 3748; x_wconf 84' lang='lat' dir='ltr'><strong>Mediator</strong></span> <span class='ocrx_word' id='word_1_425' title='bbox 827 3690 920 3766; x_wconf 87' lang='lat' dir='ltr'><strong>pessit</strong></span> <span class='ocrx_word' id='word_1_426' title='bbox 931 3699 1077 3768; x_wconf 89' lang='lat' dir='ltr'><strong>utcunque</strong></span> <span class='ocrx_word' id='word_1_427' title='bbox 1086 3692 1146 3750; x_wconf 90' lang='lat' dir='ltr'><strong>dici</strong></span> <span class='ocrx_word' id='word_1_428' title='bbox 1157 3692 1188 3750; x_wconf 88' lang='lat' dir='ltr'><strong>in</strong></span> <span class='ocrx_word' id='word_1_429' title='bbox 1199 3691 1306 3750; x_wconf 84' lang='lat' dir='ltr'><strong>foedere</strong></span> <span class='ocrx_word' id='word_1_430' title='bbox 1323 3685 1456 3748; x_wconf 77' lang='lat' dir='ltr'><strong>Sinnium,</strong></span> 
     </span>
     <span class='ocr_line' id='line_1_42' title="bbox 264 3755 1454 3848; baseline 0.002 -23"><span class='ocrx_word' id='word_1_431' title='bbox 264 3767 333 3844; x_wconf 86' lang='lat' dir='ltr'><strong>quia</strong></span> <span class='ocrx_word' id='word_1_432' title='bbox 343 3765 423 3825; x_wconf 86' lang='lat' dir='ltr'><strong>vices</strong></span> <span class='ocrx_word' id='word_1_433' title='bbox 432 3766 608 3826; x_wconf 88' lang='lat' dir='ltr'><strong>Intemuntii</strong></span> <span class='ocrx_word' id='word_1_434' title='bbox 618 3768 737 3844; x_wconf 87' lang='lat' dir='ltr'><strong>gerebat</strong></span> <span class='ocrx_word' id='word_1_435' title='bbox 747 3768 849 3828; x_wconf 89' lang='lat' dir='ltr'><strong>stando</strong></span> <span class='ocrx_word' id='word_1_436' title='bbox 859 3769 1086 3830; x_wconf 88' lang='lat' dir='ltr'><strong>intechhovam</strong></span> <span class='ocrx_word' id='word_1_437' title='bbox 1098 3779 1128 3830; x_wconf 92' lang='lat' dir='ltr'><strong>et</strong></span> <span class='ocrx_word' id='word_1_438' title='bbox 1139 3771 1291 3848; x_wconf 90' lang='lat' dir='ltr'><strong>Populum,</strong></span> <span class='ocrx_word' id='word_1_439' title='bbox 1305 3771 1388 3829; x_wconf 79' lang='lat' dir='ltr'><strong>Dent</strong></span> <span class='ocrx_word' id='word_1_440' title='bbox 1398 3779 1422 3816; x_wconf 78' lang='lat' dir='ltr'><strong>V·</strong></span> <span class='ocrx_word' id='word_1_441' title='bbox 1435 3755 1454 3822; x_wconf 72' lang='lat'><strong>¹2</strong></span> 
     </span>
     <span class='ocr_line' id='line_1_43' title="bbox 265 3835 1457 3927; baseline 0 -21"><span class='ocrx_word' id='word_1_442' title='bbox 265 3846 316 3924; x_wconf 91' lang='lat' dir='ltr'><strong>qui</strong></span> <span class='ocrx_word' id='word_1_443' title='bbox 339 3855 437 3907; x_wconf 66' lang='lat' dir='ltr'><strong>minen</strong></span> <span class='ocrx_word' id='word_1_444' title='bbox 458 3845 601 3924; x_wconf 89' lang='lat' dir='ltr'><strong>Populum</strong></span> <span class='ocrx_word' id='word_1_445' title='bbox 623 3847 687 3906; x_wconf 90' lang='lat' dir='ltr'><strong>Deo</strong></span> <span class='ocrx_word' id='word_1_446' title='bbox 704 3848 889 3908; x_wconf 87' lang='lat' dir='ltr'><strong>reconciliare</strong></span> <span class='ocrx_word' id='word_1_447' title='bbox 913 3869 972 3909; x_wconf 91' lang='lat' dir='ltr'><strong>non</strong></span> <span class='ocrx_word' id='word_1_448' title='bbox 995 3851 1109 3927; x_wconf 86' lang='lat' dir='ltr'><strong>potnit:</strong></span> <span class='ocrx_word' id='word_1_449' title='bbox 1134 3851 1200 3910; x_wconf 91' lang='lat' dir='ltr'><strong>Non</strong></span> <span class='ocrx_word' id='word_1_450' title='bbox 1225 3851 1355 3927; x_wconf 90' lang='lat' dir='ltr'><strong>sequitur</strong></span> <span class='ocrx_word' id='word_1_451' title='bbox 1376 3835 1457 3924; x_wconf 60' lang='lat' dir='ltr'><strong>fffldll</strong></span> 
     </span>
     <span class='ocr_line' id='line_1_44' title="bbox 265 3923 1540 4008; baseline 0.002 -23"><span class='ocrx_word' id='word_1_452' title='bbox 265 3927 347 4004; x_wconf 89' lang='lat' dir='ltr'><strong>illud,</strong></span> <span class='ocrx_word' id='word_1_453' title='bbox 362 3927 447 4004; x_wconf 86' lang='lat' dir='ltr'><strong>cujus</strong></span> <span class='ocrx_word' id='word_1_454' title='bbox 462 3926 607 3986; x_wconf 88' lang='lat' dir='ltr'><strong>Mediator</strong></span> <span class='ocrx_word' id='word_1_455' title='bbox 625 3927 737 4002; x_wconf 88' lang='lat' dir='ltr'><strong>dieitur,</strong></span> <span class='ocrx_word' id='word_1_456' title='bbox 753 3927 842 3988; x_wconf 85' lang='lat' dir='ltr'><strong>fuisse</strong></span> <span class='ocrx_word' id='word_1_457' title='bbox 866 3931 961 4007; x_wconf 87' lang='lat' dir='ltr'><strong>specie</strong></span> <span class='ocrx_word' id='word_1_458' title='bbox 981 3930 1127 3989; x_wconf 88' lang='lat' dir='ltr'><strong>diversum</strong></span> <span class='ocrx_word' id='word_1_459' title='bbox 1146 3951 1164 3989; x_wconf 85' lang='lat' dir='ltr'><strong>s</strong></span> <span class='ocrx_word' id='word_1_460' title='bbox 1184 3930 1292 3990; x_wconf 75' lang='lat' dir='ltr'><strong>tradere</strong></span> <span class='ocrx_word' id='word_1_461' title='bbox 1317 3923 1419 4008; x_wconf 53' lang='lat' dir='ltr'><strong>greti&amp;</strong></span> <span class='ocrx_word' id='word_1_462' title='bbox 1432 3929 1457 3970; x_wconf 82' lang='lat'><strong>¹¹¹</strong></span> <span class='ocrx_word' id='word_1_463' title='bbox 1539 3929 1540 3988; x_wconf 76' lang='grc' dir='ltr'>ζ</span> 
     </span>
    </p>
   </div>
   <div class='ocr_carea' id='block_1_3' title="bbox 264 4007 1540 4087">
    <p class='ocr_par' dir='ltr' id='par_1_6' title="bbox 264 4007 1540 4087">
     <span class='ocr_line' id='line_1_45' title="bbox 264 4007 1540 4087; baseline -0.004 -21"><span class='ocrx_word' id='word_1_464' title='bbox 264 4027 322 4083; x_wconf 88' lang='lat' dir='ltr'><strong>quo</strong></span> <span class='ocrx_word' id='word_1_465' title='bbox 346 4007 414 4066; x_wconf 89' lang='lat' dir='ltr'><strong>talis</strong></span> <span class='ocrx_word' id='word_1_466' title='bbox 437 4007 631 4067; x_wconf 85' lang='lat' dir='ltr'><strong>reconciliatio</strong></span> <span class='ocrx_word' id='word_1_467' title='bbox 654 4007 808 4068; x_wconf 82' lang='lat' dir='ltr'><strong>obtinetur.</strong></span> <span class='ocrx_word' id='word_1_468' title='bbox 851 4009 925 4084; x_wconf 86' lang='lat' dir='ltr'><strong>Quia</strong></span> <span class='ocrx_word' id='word_1_469' title='bbox 944 4009 999 4069; x_wconf 84' lang='lat' dir='ltr'><strong>suit</strong></span> <span class='ocrx_word' id='word_1_470' title='bbox 1023 4019 1136 4070; x_wconf 89' lang='lat' dir='ltr'><strong>tantum</strong></span> <span class='ocrx_word' id='word_1_471' title='bbox 1155 4010 1270 4087; x_wconf 86' lang='lat' dir='ltr'><strong>typicus</strong></span> <span class='ocrx_word' id='word_1_472' title='bbox 1292 4007 1456 4069; x_wconf 66' lang='lat' dir='ltr'><strong>sterterent</strong></span> <span class='ocrx_word' id='word_1_473' title='bbox 1539 4011 1540 4040; x_wconf 69' lang='lat'><em>³</em></span> 
     </span>
    </p>
   </div>
   <div class='ocr_carea' id='block_1_4' title="bbox 266 4085 1456 4167">
    <p class='ocr_par' dir='ltr' id='par_1_7' title="bbox 266 4085 1456 4167">
     <span class='ocr_line' id='line_1_46' title="bbox 266 4085 1456 4167; baseline 0.003 -22"><span class='ocrx_word' id='word_1_474' title='bbox 266 4087 418 4164; x_wconf 87' lang='lat' dir='ltr'><strong>Mediator,</strong></span> <span class='ocrx_word' id='word_1_475' title='bbox 433 4107 491 4146; x_wconf 91' lang='lat' dir='ltr'><strong>non</strong></span> <span class='ocrx_word' id='word_1_476' title='bbox 502 4087 655 4165; x_wconf 84' lang='lat' dir='ltr'><strong>primarius</strong></span> <span class='ocrx_word' id='word_1_477' title='bbox 668 4095 697 4146; x_wconf 88' lang='lat' dir='ltr'><strong>et</strong></span> <span class='ocrx_word' id='word_1_478' title='bbox 710 4106 806 4164; x_wconf 87' lang='lat' dir='ltr'><strong>verus,</strong></span> <span class='ocrx_word' id='word_1_479' title='bbox 822 4108 839 4146; x_wconf 89' lang='lat' dir='ltr'><strong>a</strong></span> <span class='ocrx_word' id='word_1_480' title='bbox 853 4109 910 4166; x_wconf 88' lang='lat' dir='ltr'><strong>quo</strong></span> <span class='ocrx_word' id='word_1_481' title='bbox 925 4088 995 4154; x_wconf 81' lang='lat' dir='ltr'><strong>solo,</strong></span> <span class='ocrx_word' id='word_1_482' title='bbox 1011 4091 1130 4167; x_wconf 88' lang='lat' dir='ltr'><strong>ejusque</strong></span> <span class='ocrx_word' id='word_1_483' title='bbox 1145 4091 1299 4167; x_wconf 88' lang='lat' dir='ltr'><strong>sponsione</strong></span> <span class='ocrx_word' id='word_1_484' title='bbox 1312 4089 1393 4156; x_wconf 74' lang='lat' dir='ltr'><strong>facta</strong></span> <span class='ocrx_word' id='word_1_485' title='bbox 1407 4085 1456 4134; x_wconf 60' lang='grc' dir='ltr'><strong>ΒΝ</strong></span> 
     </span>
    </p>
   </div>
   <div class='ocr_carea' id='block_1_5' title="bbox 265 4165 1540 4246">
    <p class='ocr_par' dir='ltr' id='par_1_8' title="bbox 265 4165 1540 4246">
     <span class='ocr_line' id='line_1_47' title="bbox 265 4165 1540 4246; baseline -0.001 -21"><span class='ocrx_word' id='word_1_486' title='bbox 265 4167 329 4226; x_wconf 89' lang='lat' dir='ltr'><strong>Dec</strong></span> <span class='ocrx_word' id='word_1_487' title='bbox 339 4175 487 4245; x_wconf 82' lang='lat' dir='ltr'><strong>acceptata</strong></span> <span class='ocrx_word' id='word_1_488' title='bbox 498 4175 588 4226; x_wconf 86' lang='lat' dir='ltr'><strong>totam</strong></span> <span class='ocrx_word' id='word_1_489' title='bbox 600 4167 659 4225; x_wconf 89' lang='lat' dir='ltr'><strong>vim</strong></span> <span class='ocrx_word' id='word_1_490' title='bbox 669 4187 749 4226; x_wconf 83' lang='lat' dir='ltr'><strong>suam</strong></span> <span class='ocrx_word' id='word_1_491' title='bbox 765 4176 794 4226; x_wconf 91' lang='lat' dir='ltr'><strong>et</strong></span> <span class='ocrx_word' id='word_1_492' title='bbox 804 4168 1190 4246; x_wconf 79' lang='lat' dir='ltr'><strong>efficaciamadpeccetorum</strong></span> <span class='ocrx_word' id='word_1_493' title='bbox 1200 4165 1454 4228; x_wconf 53' lang='lat' dir='ltr'><strong>reconciliationem,</strong></span> <span class='ocrx_word' id='word_1_494' title='bbox 1539 4199 1540 4240; x_wconf 73' lang='lat'>3</span> 
     </span>
    </p>
   </div>
   <div class='ocr_carea' id='block_1_6' title="bbox 263 4242 1540 4725">
    <p class='ocr_par' dir='ltr' id='par_1_9' title="bbox 263 4242 1540 4725">
     <span class='ocr_line' id='line_1_48' title="bbox 263 4242 1456 4308; baseline -0.002 -3"><span class='ocrx_word' id='word_1_495' title='bbox 263 4254 293 4306; x_wconf 89' lang='lat' dir='ltr'><strong>et</strong></span> <span class='ocrx_word' id='word_1_496' title='bbox 307 4266 405 4306; x_wconf 90' lang='lat' dir='ltr'><strong>eorum</strong></span> <span class='ocrx_word' id='word_1_497' title='bbox 420 4247 456 4306; x_wconf 87' lang='lat' dir='ltr'><strong>ab</strong></span> <span class='ocrx_word' id='word_1_498' title='bbox 471 4255 578 4306; x_wconf 84' lang='lat' dir='ltr'><strong>aeterna</strong></span> <span class='ocrx_word' id='word_1_499' title='bbox 591 4246 791 4306; x_wconf 86' lang='lat' dir='ltr'><strong>meledictione</strong></span> <span class='ocrx_word' id='word_1_500' title='bbox 804 4248 1005 4308; x_wconf 87' lang='lat' dir='ltr'><strong>liberationem</strong></span> <span class='ocrx_word' id='word_1_501' title='bbox 1019 4257 1048 4308; x_wconf 90' lang='lat' dir='ltr'><strong>et</strong></span> <span class='ocrx_word' id='word_1_502' title='bbox 1062 4249 1187 4308; x_wconf 82' lang='lat' dir='ltr'><strong>eoelestis</strong></span> <span class='ocrx_word' id='word_1_503' title='bbox 1206 4249 1275 4308; x_wconf 84' lang='lat' dir='ltr'><strong>ritae</strong></span> <span class='ocrx_word' id='word_1_504' title='bbox 1288 4242 1456 4307; x_wconf 73' lang='lat' dir='ltr'><strong>donationem</strong></span> 
     </span>
     <span class='ocr_line' id='line_1_49' title="bbox 263 4315 1456 4406; baseline 0.002 -22"><span class='ocrx_word' id='word_1_505' title='bbox 263 4326 374 4387; x_wconf 85' lang='lat' dir='ltr'><strong>hebuit.</strong></span> <span class='ocrx_word' id='word_1_506' title='bbox 418 4326 516 4386; x_wconf 89' lang='lat' dir='ltr'><strong>Potuit</strong></span> <span class='ocrx_word' id='word_1_507' title='bbox 530 4326 647 4404; x_wconf 89' lang='lat' dir='ltr'><strong>quidem</strong></span> <span class='ocrx_word' id='word_1_508' title='bbox 668 4327 775 4401; x_wconf 84' lang='lat' dir='ltr'><strong>Moses,</strong></span> <span class='ocrx_word' id='word_1_509' title='bbox 788 4327 874 4403; x_wconf 81' lang='lat' dir='ltr'><strong>juxte</strong></span> <span class='ocrx_word' id='word_1_510' title='bbox 898 4327 981 4404; x_wconf 57' lang='lat' dir='ltr'><strong>enim</strong></span> <span class='ocrx_word' id='word_1_511' title='bbox 995 4327 1167 4387; x_wconf 88' lang='lat' dir='ltr'><strong>internuncii</strong></span> <span class='ocrx_word' id='word_1_512' title='bbox 1191 4349 1278 4406; x_wconf 84' lang='lat' dir='ltr'><strong>quam</strong></span> <span class='ocrx_word' id='word_1_513' title='bbox 1303 4315 1456 4388; x_wconf 56' lang='lat' dir='ltr'><strong>sustinebat</strong></span> 
     </span>
     <span class='ocr_line' id='line_1_50' title="bbox 263 4403 1456 4486; baseline 0 -22"><span class='ocrx_word' id='word_1_514' title='bbox 263 4425 316 4466; x_wconf 87' lang='lat' dir='ltr'><strong>suo</strong></span> <span class='ocrx_word' id='word_1_515' title='bbox 330 4405 417 4465; x_wconf 90' lang='lat' dir='ltr'><strong>modo</strong></span> <span class='ocrx_word' id='word_1_516' title='bbox 430 4406 525 4464; x_wconf 84' lang='lat' dir='ltr'><strong>foedus</strong></span> <span class='ocrx_word' id='word_1_517' title='bbox 535 4405 735 4483; x_wconf 84' lang='lat' dir='ltr'><strong>quadantenus</strong></span> <span class='ocrx_word' id='word_1_518' title='bbox 748 4405 881 4466; x_wconf 82' lang='lat' dir='ltr'><strong>effectum</strong></span> <span class='ocrx_word' id='word_1_519' title='bbox 896 4408 973 4481; x_wconf 87' lang='lat' dir='ltr'><strong>dare,</strong></span> <span class='ocrx_word' id='word_1_520' title='bbox 985 4407 1144 4468; x_wconf 80' lang='lat' dir='ltr'><strong>voluntatis</strong></span> <span class='ocrx_word' id='word_1_521' title='bbox 1154 4410 1278 4486; x_wconf 87' lang='lat' dir='ltr'><strong>partium</strong></span> <span class='ocrx_word' id='word_1_522' title='bbox 1289 4403 1456 4482; x_wconf 71' lang='lat' dir='ltr'><strong>interpretem</strong></span> 
     </span>
     <span class='ocr_line' id='line_1_51' title="bbox 263 4479 1540 4570; baseline 0.002 -26"><span class='ocrx_word' id='word_1_523' title='bbox 263 4485 386 4562; x_wconf 85' lang='lat' dir='ltr'><strong>egendo,</strong></span> <span class='ocrx_word' id='word_1_524' title='bbox 403 4496 435 4545; x_wconf 92' lang='lat' dir='ltr'><strong>ut</strong></span> <span class='ocrx_word' id='word_1_525' title='bbox 456 4487 620 4546; x_wconf 88' lang='lat' dir='ltr'><strong>interventu</strong></span> <span class='ocrx_word' id='word_1_526' title='bbox 641 4505 739 4545; x_wconf 86' lang='lat' dir='ltr'><strong>earum</strong></span> <span class='ocrx_word' id='word_1_527' title='bbox 754 4506 911 4546; x_wconf 86' lang='lat' dir='ltr'><strong>consensus</strong></span> <span class='ocrx_word' id='word_1_528' title='bbox 934 4486 1028 4547; x_wconf 83' lang='lat' dir='ltr'><strong>foedus</strong></span> <span class='ocrx_word' id='word_1_529' title='bbox 1051 4487 1146 4566; x_wconf 87' lang='lat' dir='ltr'><strong>ipsum</strong></span> <span class='ocrx_word' id='word_1_530' title='bbox 1171 4489 1299 4548; x_wconf 86' lang='lat' dir='ltr'><strong>iniretur.</strong></span> <span class='ocrx_word' id='word_1_531' title='bbox 1342 4479 1396 4546; x_wconf 78' lang='lat' dir='ltr'><strong>Sed</strong></span> <span class='ocrx_word' id='word_1_532' title='bbox 1408 4485 1456 4532; x_wconf 73' lang='lat'>¹¹⁰⁰</span> <span class='ocrx_word' id='word_1_533' title='bbox 1539 4559 1540 4570; x_wconf 51' lang='grc'><strong>,</strong></span> 
     </span>
     <span class='ocr_line' id='line_1_52' title="bbox 264 4565 1540 4645; baseline -0.011 -21"><span class='ocrx_word' id='word_1_534' title='bbox 264 4566 359 4642; x_wconf 90' lang='lat' dir='ltr'><strong>potuit</strong></span> <span class='ocrx_word' id='word_1_535' title='bbox 382 4565 502 4624; x_wconf 86' lang='lat' dir='ltr'><strong>ulterius</strong></span> <span class='ocrx_word' id='word_1_536' title='bbox 517 4565 778 4626; x_wconf 75' lang='lat' dir='ltr'><strong>reconciliafionem</strong></span> <span class='ocrx_word' id='word_1_537' title='bbox 798 4585 850 4643; x_wconf 89' lang='lat' dir='ltr'><strong>per</strong></span> <span class='ocrx_word' id='word_1_538' title='bbox 874 4585 905 4626; x_wconf 84' lang='lat' dir='ltr'><strong>ss</strong></span> <span class='ocrx_word' id='word_1_539' title='bbox 928 4568 1085 4642; x_wconf 86' lang='lat' dir='ltr'><strong>instituere,</strong></span> <span class='ocrx_word' id='word_1_540' title='bbox 1102 4568 1179 4645; x_wconf 91' lang='lat' dir='ltr'><strong>quod</strong></span> <span class='ocrx_word' id='word_1_541' title='bbox 1198 4568 1336 4645; x_wconf 90' lang='lat' dir='ltr'><strong>pertinuit</strong></span> <span class='ocrx_word' id='word_1_542' title='bbox 1359 4565 1455 4623; x_wconf 82' lang='lat' dir='ltr'><strong>tantum</strong></span> <span class='ocrx_word' id='word_1_543' title='bbox 1539 4579 1540 4636; x_wconf 62' lang='lat'>3</span> 
     </span>
     <span class='ocr_line' id='line_1_53' title="bbox 264 4644 884 4725; baseline 0.006 -24"><span class='ocrx_word' id='word_1_544' title='bbox 264 4644 301 4702; x_wconf 83' lang='lat' dir='ltr'><strong>ad</strong></span> <span class='ocrx_word' id='word_1_545' title='bbox 316 4644 469 4721; x_wconf 89' lang='lat' dir='ltr'><strong>Christum,</strong></span> <span class='ocrx_word' id='word_1_546' title='bbox 486 4645 535 4722; x_wconf 90' lang='lat' dir='ltr'><strong>qui</strong></span> <span class='ocrx_word' id='word_1_547' title='bbox 550 4645 650 4705; x_wconf 91' lang='lat' dir='ltr'><strong>debuit</strong></span> <span class='ocrx_word' id='word_1_548' title='bbox 664 4665 726 4705; x_wconf 87' lang='lat' dir='ltr'><strong>esse</strong></span> <span class='ocrx_word' id='word_1_549' title='bbox 741 4651 884 4725; x_wconf 69' lang='grc' dir='ltr'>ιὶριιιποιις.</span> 
     </span>
    </p>
   </div>
   <div class='ocr_carea' id='block_1_7' title="bbox 0 0 1584 5204">
    <p class='ocr_par' dir='ltr' id='par_1_10' title="bbox 0 0 1584 5204">
     <span class='ocr_line' id='line_1_54' title="bbox 0 0 1584 5204; baseline 0 0"><span class='ocrx_word' id='word_1_550' title='bbox 0 0 1584 5204; x_wconf 95' lang='lat' dir='ltr'><strong> </strong></span> 
     </span>
    </p>
   </div>
  </div>
 </body>
</html>
