3150 5206
238 349 300 408 268
659 360 751 402 cocus
766 359 897 402 necinus
910 361 1046 403 userius.
1272 339 1402 423 [cumen.
1418 363 1456 403 rr.

237 535 304 576 τους.
346 507 389 567 Ut
406 502 555 579 Sacerdos,
579 501 755 562 Homossse
770 501 878 579 debuit,
894 503 963 582 quia
982 501 1120 563 Pontifex
1131 502 1225 562 omnis
1239 523 1277 563 ex
1290 503 1454 564 hominibus

238 589 370 664 sumitur,
398 585 475 644 Heb.
500 605 530 643 v.
558 586 584 659 l,
599 582 696 660 utqui
717 581 886 658 sanctificat,
911 593 941 642 et
964 583 1015 662 qui
1039 583 1255 644 sanctificantur
1268 604 1306 642 ex
1325 604 1385 643 nno
1399 585 1454 644 sint
1560 655 1561 658 Ἴ

237 688 346 744 omnes,
360 667 437 726 Heh.
452 664 483 722 ii.
501 666 536 722 ll
551 686 558 740 ;
583 662 641 722 Sed
656 671 685 722 et
700 664 833 738 Danant
846 663 993 723 hominem
1008 665 1071 724 Deo
1086 665 1261 740 conciliaret,
1274 665 1398 742 justitiae
1411 664 1452 724 di-

237 750 315 808 vinae
340 746 527 820 satisfaceret,
549 752 700 820 peccatum
721 742 856 818 aboleret,
882 753 911 804 et
927 743 1071 821 justitiam
1096 745 1258 804 seculorum
1287 745 1450 820 adduceret,

238 829 317 907 quod
340 848 425 888 nemo
448 823 613 884 mortalium
627 824 729 902 potuit.
762 823 891 882 Victima
913 823 1059 884 offerenda
1082 825 1170 884 etiam
1194 845 1252 884 nou
1277 825 1379 884 debuit
1392 845 1452 885 esse
1560 845 1561 910 ,

237 909 392 988 Angelius,
414 927 480 986 qua
494 905 568 965 mori
581 924 640 962 non
653 912 774 982 poterat,
790 923 843 962 nec
857 905 953 980 bruta,
967 905 1019 964 sed
1039 905 1189 965 rationalis
1203 912 1232 964 et
1245 907 1381 980 humana,
1396 906 1452 965 imo

237 991 391 1069 plusquam
414 989 542 1047 humana
567 993 596 1044 et
617 984 751 1056 eoelestis,
767 1004 832 1061 quse
856 1005 908 1062 per
933 984 1073 1063 Spiritum
1086 993 1225 1045 aeternum
1240 1005 1272 1044 se
1286 984 1410 1062 offerret,
1425 995 1453 1046 et

237 1071 353 1130 veritati
368 1069 535 1148 passionum
550 1064 669 1124 adderet
679 1063 793 1142 pondus
807 1074 836 1122 ct
849 1065 983 1124 meritum
992 1065 1147 1125 infinitum.
1169 1066 1211 1126 Ut
1223 1066 1297 1141 Rex,
1311 1066 1452 1126 Humani-

237 1159 327 1210 tatem
351 1170 389 1209 ex
413 1148 498 1206 nobis
523 1165 635 1205 sumere
659 1145 769 1221 debuit,
795 1165 853 1222 qua
876 1144 960 1204 uobis
982 1147 1120 1222 uniretur,
1137 1146 1189 1206 sed
1203 1166 1268 1224 quae
1282 1146 1365 1207 unita
1378 1155 1454 1207 esset

238 1230 402 1305 Divinitati,
414 1249 473 1306 qua
482 1246 541 1285 non
552 1225 581 1283 in
593 1245 713 1304 corpora
727 1233 848 1300 tantum,
860 1225 913 1284 scd
926 1234 955 1285 et
974 1227 1005 1284 in
1014 1227 1134 1303 animas,
1144 1246 1204 1285 non
1217 1227 1254 1286 ad
1268 1235 1392 1305 tempus,
1403 1227 1454 1286 sed

237 1310 266 1369 in
282 1319 431 1386 aeternum,
446 1329 505 1367 non
519 1305 549 1363 in
564 1325 622 1365 uua
635 1314 747 1365 tantum
762 1314 858 1382 gente,
874 1305 964 1364 sedin
974 1307 1114 1366 totoorbe
1128 1307 1281 1384 imperimn
1295 1318 1453 1367 exerceret.

278 1390 374 1449 XXI.
397 1393 425 1450 3.
448 1386 572 1448 Ratione
599 1387 689 1446 nortm'
710 1385 811 1444 debuit
835 1406 898 1445 esse
924 1386 1030 1462 Homo,
1054 1396 1086 1446 ut
1110 1390 1184 1447 Jurc
1198 1387 1403 1464 proximitates,
1425 1396 1453 1447 et

237 1479 376 1549 tanquam
390 1469 478 1529 frater
492 1478 521 1528 et
535 1469 579 1528 bar
595 1475 694 1527 noster
707 1465 838 1544 captivos
853 1475 882 1524 et
896 1467 1022 1526 Diabolo
1036 1468 1368 1546 mancipatosliberaret,
1381 1469 1452 1529 Luc.

237 1552 257 1611 i.
273 1555 320 1628 71,
337 1555 384 1626 74,
400 1559 429 1610 et
443 1569 496 1610 nos
511 1570 528 1609 a
542 1547 630 1630 priori
654 1547 757 1606 marito
781 1546 860 1624 Lege
879 1555 909 1607 et
923 1545 1030 1606 loedere
1044 1568 1162 1626 operum
1178 1548 1289 1608 solutos
1303 1557 1411 1608 aterno
1425 1559 1453 1608 et

238 1631 432 1692 indissolubili
446 1631 563 1692 vinculo
578 1629 608 1687 in
622 1628 729 1688 foedere
744 1627 845 1705 gratia
857 1627 912 1686 sibi
926 1628 1029 1704 uniret,
1046 1628 1131 1688 Rom.
1147 1629 1196 1689 vii.
1212 1632 1240 1689 4.
1257 1629 1333 1706 Eph.
1348 1648 1378 1688 r.
1393 1633 1451 1706 253

238 1713 277 1773 Et
302 1713 391 1789 Deus,
414 1719 447 1770 ut
466 1713 541 1772 Jure
560 1709 744 1790 proprietatis
765 1716 794 1767 et
816 1707 936 1766 dominii
959 1728 1013 1768 nos
1036 1709 1191 1768 redimeret
1209 1719 1238 1768 ct
1253 1709 1308 1769 sibi
1323 1709 1451 1768 vindica-

237 1801 290 1853 ret.
354 1793 434 1870 Opus
461 1793 640 1852 habebamus
677 1789 835 1866 ammana
868 1789 1025 1864 morientis,
1061 1800 1091 1849 et
1124 1789 1270 1868 συμπαθείᾳ
1303 1789 1450 1868 virentis,

238 1873 348 1933 Debuit
362 1873 460 1932 Homo
474 1893 546 1950 esse,
569 1883 602 1932 ut
626 1890 726 1930 omnes
747 1889 848 1947 poenas
868 1869 953 1928 nobis
967 1869 1080 1929 debitas
1093 1879 1192 1948 posset
1201 1870 1313 1948 perpeti
1327 1879 1360 1930 ut
1374 1873 1451 1946 spou-

238 1957 316 2020 ratle
327 1977 334 2031 ;
345 1949 347 1954 ’
357 1953 457 2013 debuit
471 1973 534 2012 esse
550 1955 632 2012 Deus
645 1960 678 2010 ut
691 1951 776 2010 nobis
790 1949 967 2027 patientibus
981 1957 1118 2029 tanquam
1135 1951 1276 2010 Sacerdos
1290 1951 1452 2010 misericors

237 2043 336 2110 posset
350 2035 475 2112 compati
499 2043 529 2094 et
548 2031 667 2092 tentetis
689 2049 864 2090 succurrere.
907 2030 1018 2089 Malum
1033 2050 1091 2108 quo
1104 2031 1306 2109 premebamur
1319 2031 1378 2090 tale
1392 2039 1452 2090 erat

134 2157 136 2160 -
236 2123 270 2172 ut
282 2115 352 2174 licet
365 2133 450 2172 nemo
464 2113 520 2172 uisi
535 2113 633 2171 Homo
647 2111 721 2170 illud
733 2114 806 2169 ferre
819 2118 926 2187 posset,
941 2130 1026 2170 nemo
1039 2110 1096 2171 nisi
1118 2111 1198 2171 Deus
1212 2111 1249 2170 ab
1263 2131 1298 2170 eo
1311 2131 1366 2170 nos
1380 2112 1452 2172 libe·

237 2214 300 2252 rare
312 2201 418 2272 posset.
461 2195 500 2252 Et
523 2192 632 2252 bonum
646 2190 724 2269 quod
744 2189 799 2250 luit
822 2191 906 2249 nobis
921 2190 1133 2268 conserendum,
1148 2192 1284 2250 nimirum
1295 2191 1411 2270 justitie
1424 2199 1453 2251 et

236 2274 306 2348 vita,
322 2273 379 2332 talc
401 2272 463 2347 fuit,
478 2281 511 2332 ut
524 2273 592 2332 lieet
606 2271 644 2330 ad
659 2271 816 2330 Hominem
840 2271 1004 2350 pertineret,
1020 2291 1104 2331 nemo
1119 2281 1216 2333 tamen
1229 2272 1287 2331 nisi
1303 2273 1385 2332 Deus
1398 2291 1451 2332 nos

237 2353 268 2410 in
283 2354 347 2430 ejus
360 2353 574 2430 possessionem
588 2351 702 2412 mittere
716 2359 823 2428 posset.

279 2431 392 2490 XXII.
426 2431 504 2490 Hinc
539 2431 573 2491 fit
610 2440 644 2491 ut
683 2429 839 2507 Scriptura,
869 2450 964 2508 quum
999 2431 1035 2492 de
1068 2432 1184 2492 Christo
1217 2431 1355 2510 loquitur,
1392 2432 1449 2492 lere

238 2532 351 2591 semper
382 2511 454 2571 duas
485 2512 556 2570 istas
580 2511 675 2588 extera
701 2511 866 2588 conjungat,
890 2519 919 2570 et
942 2531 977 2570 ea
997 2513 1041 2570 illi
1071 2513 1179 2573 tribuat
1199 2533 1264 2590 quae
1285 2533 1355 2573 rere
1374 2514 1446 2573 θώ-

238 2602 328 2674 Ιμπιι
349 2613 412 2652 esse
426 2591 559 2652 doceant.
604 2592 635 2651 Si
649 2599 770 2651 vocatur
785 2591 890 2650 Sernen
911 2591 1048 2668 mulieris,
1070 2593 1150 2670 qnod
1171 2593 1307 2654 Hominis
1332 2601 1385 2670 est,
1400 2594 1448 2654 tri·

237 2675 335 2734 buitur
359 2673 402 2732 illi
426 2672 560 2732 contritio
588 2671 744 2750 Serpentis,
759 2671 837 2749 quod
852 2680 896 2730 est
911 2671 976 2730 Dei.
1020 2673 1051 2732 Si
1071 2673 1177 2733 dicitur
1192 2673 1298 2733 Semeu
1312 2673 1447 2750 Abmha,

235 2755 344 2815 ibidem
359 2753 475 2814 additur
489 2773 552 2813 esse
570 2753 675 2813 Samen
699 2751 729 2810 in
754 2771 811 2829 quo
825 2751 1030 2812 benedicendae
1053 2753 1112 2813 sint
1125 2773 1225 2814 omnes
1240 2763 1343 2832 gentes
1357 2763 1447 2814 terra.

239 2837 270 2896 Si
296 2836 441 2915 Propheta
464 2855 503 2894 ex
527 2834 665 2894 iratribus
684 2833 797 2892 desumi
816 2831 924 2908 debuit,
947 2832 991 2892 At
1011 2833 1078 2892 talis
1093 2834 1239 2913 Propheta
1252 2835 1315 2911 fuit,
1331 2835 1382 2912 qui
1396 2835 1447 2894 sub

235 2937 322 2995 poena
343 2916 444 2976 mortis
467 2914 629 2975 audiendus
653 2913 715 2989 fuit,
742 2914 830 2992 Dent.
855 2913 938 2972 xviii.
956 2915 1003 2972 19.
1064 2914 1142 2974 Puer
1155 2925 1200 2975 est
1213 2915 1264 2993 qui
1277 2916 1407 2974 nascitur
1419 2916 1448 2972 in

235 3007 363 3076 tempore
377 3005 410 3056 ut
424 2997 519 3071 homo,
536 2996 587 3056 sed
607 2995 701 3054 Filius
725 2994 812 3053 etiam
826 2994 877 3070 qui
892 2994 979 3052 Pater
997 3005 1041 3053 cst
1056 2995 1224 3056 aeternitatis
1237 3003 1270 3054 ut
1285 2995 1375 3070 Deus,
1392 2995 1446 3054 Isa

235 3079 276 3137 ix.
293 3082 320 3138 6.
371 3077 498 3136 German
520 3075 644 3135 Doridis
666 3074 824 3135 secundum
845 3093 969 3150 carnem,
993 3074 1045 3133 aed
1064 3075 1181 3135 Jehova
1199 3075 1323 3136 Justitia
1344 3076 1448 3135 Nostra

237 3158 395 3218 secundnm
418 3157 565 3234 Spiritum,
581 3157 644 3216 Jer.
667 3155 751 3214 xxiii.
767 3157 795 3214 6.
818 3155 911 3213 Filius
925 3174 962 3212 ex
977 3154 1100 3232 Virgine
1115 3155 1286 3231 nasciturus,
1302 3156 1354 3215 sed
1368 3157 1448 3233 cujus

235 3258 341 3298 nornen
364 3237 492 3296 futurum
517 3236 555 3296 sit
580 3236 750 3310 immanuel,
777 3235 834 3294 Isa.
860 3234 911 3295 vii.
927 3237 974 3295 14.
997 3235 1132 3312 Angelus
1152 3235 1277 3312 loederis,
1290 3237 1341 3313 qui
1354 3257 1372 3295 a
1387 3237 1448 3295 Deo

236 3318 360 3376 mittitur
380 3315 418 3374 ad
432 3335 504 3393 opus
524 3316 634 3388 salutis,
651 3315 794 3375 sedidem
810 3315 962 3392 Dominus,
978 3315 1027 3393 qui
1049 3316 1173 3376 venitin
1188 3315 1341 3394 Templum
1356 3335 1446 3391 suum,

237 3396 308 3456 Mal.
323 3396 364 3454 iii.
388 3399 414 3453 1.
462 3395 542 3452 Civis
564 3394 802 3453 Betlehemiticus
824 3394 946 3454 obscuro
960 3396 1025 3455 loco
1040 3396 1187 3473 oriundus,
1205 3396 1264 3456 Sed
1279 3397 1449 3456 Dominator

236 3477 320 3554 cujus
329 3493 463 3553 egressus
474 3482 541 3534 sunt
552 3474 589 3532 ab
600 3481 716 3548 aetemo,
729 3473 819 3533 Mioh.
831 3495 860 3533 v.
873 3479 901 3534 2.
934 3475 1084 3551 Sacerdos,
1096 3477 1189 3536 sedin
1204 3485 1357 3556 aternum,
1375 3477 1447 3552 Rex,

236 3557 321 3630 euius
335 3556 417 3632 regni
431 3553 529 3612 nullus
544 3554 658 3613 iuturus
672 3561 717 3612 est
730 3553 806 3614 finis.
839 3555 944 3615 Samen
959 3556 1082 3617 Davidis
1092 3557 1249 3618 secundum
1264 3577 1389 3638 cumam,
1400 3557 1450 3618 sed

238 3636 333 3695 Filius
348 3634 404 3694 Dci
418 3633 577 3694 secundum
593 3633 733 3713 Spiritum
744 3635 988 3715 sanctificationis,
1005 3638 1089 3697 Rom.
1104 3639 1123 3698 i.
1135 3641 1163 3715 3,
1179 3643 1207 3698 4.

708 3877 902 3956 QUAESTIO
924 3878 979 3940 IV.

286 4043 333 4102 Au
345 4043 408 4101 sola
421 4041 544 4100 secunde
557 4040 686 4100 Persona
699 4039 731 4100 S.
745 4039 776 4100 S.
794 4039 941 4099 Trinitatis
953 4041 1048 4116 ficet-it
1059 4042 1227 4118 Incaruatu,
1243 4042 1286 4099 Et
1298 4043 1412 4119 perure!

278 4203 304 4262 I.
326 4204 363 4262 In
377 4201 546 4262 admirando
560 4200 773 4262 Ineamationis
788 4200 940 4278 Mysterio,
953 4201 1031 4279 quod
1044 4201 1147 4262 merito
1159 4200 1322 4280 Apostolus
1338 4203 1356 4236 “
1367 4221 1452 4280 mag·

237 4304 307 4344 num
322 4283 385 4343 sine
398 4283 724 4358 controversia'’'vooat,
742 4285 756 4340 1
773 4281 848 4341 Tim.
859 4281 900 4341 iii.
918 4284 963 4357 16,
987 4281 1117 4358 Quatuor
1130 4283 1313 4360 potissimum
1322 4293 1399 4358 sunt,
1415 4281 1453 4340 de

236 4365 343 4442 quibus
354 4364 475 4442 quaestio
484 4371 631 4422 movetur:
646 4367 672 4422 l.
685 4363 730 4420 De
741 4364 870 4422 Persona
879 4363 1042 4422 Aaecmeute
1047 4387 1059 4437 ,·
1070 4366 1098 4422 2.
1107 4363 1152 4422 De
1160 4365 1279 4422 Natura
1287 4373 1436 4440 assumpta
1440 4385 1453 4435 ;

238 4449 266 4507 3.
284 4446 329 4504 De
342 4445 546 4521 Areuozptiom's
559 4446 642 4502 modo
656 4463 708 4520 per
722 4441 867 4504 Unionem
881 4443 1093 4522 hypostaticam
1105 4465 1112 4521 3
1135 4447 1163 4503 4.
1180 4444 1225 4504 De
1246 4446 1304 4520 ejus
1324 4443 1453 4520 Effectie.

238 4525 300 4586 Nos
313 4525 361 4584 hic
375 4525 411 4585 de
425 4525 518 4603 primo
532 4524 722 4600 disputamus.

267 4642 446 4693 saturem
540 4603 583 4663 11.
606 4603 672 4662 Non
699 4603 845 4680 quaritur,
874 4602 924 4663 An
951 4610 1013 4665 tota
1033 4603 1161 4664 Trinitas
1181 4604 1212 4663 iu
1240 4601 1455 4662 Incarnationis

309 4701 391 4746 sionis.
499 4683 638 4760 mysterio
653 4683 691 4743 sit
704 4687 843 4760 operata?
878 4684 950 4744 Cum
965 4683 1042 4746 enim
1057 4704 1144 4764 opera
1158 4683 1196 4744 ad
1206 4693 1288 4745 extra
1302 4682 1362 4743 sint
1375 4681 1453 4742 indi·
