3186 5210
231 331 290 389 500
624 339 866 384 accusaremus
881 335 1024 384 careres.
1269 317 1432 390 [avesna

233 490 271 546 ob
282 489 313 546 id
327 485 497 562 ignorantia
516 484 617 560 potius
630 483 731 542 vocari
745 482 834 539 debet
850 499 940 554 quam
963 478 1077 548 notitia,
1093 477 1164 552 quia
1183 472 1351 548 intelligere
1364 489 1432 530 sem·

232 585 286 642 per
299 567 441 623 debemus
455 564 530 638 quis,
545 563 673 636 etquid,
688 568 821 631 testetur,
837 568 871 616 ut
884 559 930 615 illi
944 559 1109 615 credamus.

706 796 900 873 QUAESTIO
922 793 964 854 X.

431 943 485 1002 Aa
499 943 587 1002 aaa
600 941 637 1000 sit
651 941 797 999 Fiducia!
818 939 934 998 Affirm.
947 945 1050 997 contra
1064 935 1245 996 Pontificios.

287 1087 310 1146 Ι.
326 1086 466 1144 Diximus
475 1086 579 1144 Fidem
591 1085 686 1141 tribus
697 1083 812 1140 actibus
822 1081 1008 1156 potissimum
1019 1089 1161 1148 constare,
1173 1078 1211 1137 N
1209 1080 1304 1148 aritia,
1315 1079 1437 1137 Accensa

237 1174 262 1224 et
276 1165 412 1224 Fiducia.
452 1163 499 1221 De
513 1163 696 1237 notitiajam
711 1161 825 1234 egimus
839 1167 942 1218 oontm
953 1157 1131 1216 Pontificius.
1173 1158 1277 1228 Nunc,
1298 1158 1437 1216 missose·

235 1245 343 1314 eundo,
366 1243 404 1299 de
428 1260 489 1318 quo
511 1243 598 1299 nulla
618 1249 662 1297 est
685 1238 894 1307 controversia,
916 1238 953 1293 de
977 1237 1073 1308 tertio,
1095 1237 1147 1311 qui
1172 1238 1250 1295 situs
1274 1238 1382 1294 dicitur
1409 1237 1436 1292 in

235 1322 353 1390 fiducia,
378 1327 409 1378 et
431 1321 468 1376 de
490 1339 551 1394 quo
575 1319 611 1376 lis
636 1319 712 1375 inter
737 1317 803 1374 Nos
830 1325 860 1374 et
882 1315 1080 1372 Adversarios
1100 1322 1249 1386 movetur,
1280 1315 1378 1391 paucis
1399 1321 1439 1372 est

236 1420 254 1460 a
292 1401 396 1457 ndum.

255 1418 291 1476 ge
534 1475 579 1532 II.
601 1474 722 1549 Duplex
737 1491 807 1530 vero
831 1472 879 1529 hic
902 1471 1036 1539 Quaestio
1061 1473 1207 1530 occurrit:
1242 1474 1352 1530 Altera
1377 1489 1438 1528 outa

242 1543 464 1646 Duffidfflffl
492 1553 664 1622 Pontifieiis,
679 1552 731 1625 qui
745 1558 857 1626 negant
877 1553 1017 1608 fiduciam
1038 1552 1077 1606 ad
1097 1551 1185 1607 fidem
1206 1552 1365 1624 pertinere,
1378 1569 1438 1625 que

492 1649 644 1690 assensum
659 1636 778 1686 tantum
791 1630 834 1686 rei
847 1629 957 1704 ignotae
971 1630 1113 1702 importet
1124 1649 1131 1695 ;
1153 1627 1264 1688 Altera
1277 1630 1354 1686 inter
1367 1630 1439 1702 ipsos

242 1711 434 1771 Orthodoxoa
447 1732 453 1767 ε
468 1728 527 1767 uon
543 1708 671 1784 proprie,
692 1725 730 1764 an
753 1707 862 1764 fiducia
882 1709 1029 1782 pertineat
1050 1709 1089 1764 ad
1109 1707 1209 1776 fidem,
1225 1709 1288 1777 sed,
1310 1708 1365 1764 sub
1385 1723 1439 1780 qua
1544 1733 1546 1770 ι

239 1800 317 1860 exten
331 1789 376 1846 illi
392 1787 607 1855 menenensis,
621 1785 772 1855 formaene,
787 1805 827 1843 an
841 1787 971 1842 effeetus.
1013 1783 1059 1842 De
1073 1803 1134 1858 qua
1155 1787 1259 1860 paucis
1278 1785 1440 1855 dicendum,
1544 1775 1546 1830 ss

239 1876 400 1943 antequam
415 1867 454 1922 ad
469 1865 570 1933 aliam,
585 1883 651 1939 quac
666 1865 787 1938 majoris
801 1871 845 1921 ost
859 1862 1011 1932 momenti,
1023 1869 1218 1920 transeamus.

237 1987 251 2032 1
270 1987 340 2032 Inus
355 1983 488 2028 orthoeoe
537 1941 603 1998 III.
616 1943 788 2012 Diversitas,
797 1959 864 2016 quse
873 1941 950 1998 inter
960 1941 1150 2000 Ortbodoxoe
1159 1941 1299 2010 oooumit,
1309 1940 1440 1998 oriturer

254 2020 321 2095 ’,ω’
333 2055 388 2098 que
397 2041 477 2085 conci·
496 2021 613 2076 diversa
627 2021 795 2094 acceptione
809 2020 934 2088 fiduciae,
949 2039 1015 2094 quae
1029 2019 1173 2076 trifariam
1187 2025 1288 2092 potest
1300 2019 1384 2075 sumi.
1418 2019 1442 2074 l.

266 2105 350 2147 intur.
499 2097 558 2154 Pro
564 2099 699 2175 fiduciali
709 2118 825 2156 assensa
836 2117 889 2156 seu
900 2098 1095 2174 persuasione,
1107 2114 1172 2172 quae
1184 2097 1282 2153 oritur
1292 2115 1329 2153 ex
1335 2096 1442 2170 judicio

237 2181 367 2260 practico
381 2176 558 2242 intellectus,
571 2177 608 2232 de
619 2176 742 2234 veritate
753 2185 783 2234 et
796 2176 928 2234 bonitate
943 2175 1171 2251 promissionum
1186 2173 1441 2250 Evangelicarum,

238 2268 269 2318 et
277 2262 314 2316 do
325 2254 466 2332 potentia,
476 2255 629 2311 voluntate
640 2273 675 2311 ac
686 2256 828 2313 fidelitate
838 2254 895 2311 Dei
905 2254 1112 2329 promittentis,
1119 2254 1274 2327 quomodo
1285 2269 1442 2327 synonyma

237 2337 283 2394 illi
297 2341 342 2391 est
367 2339 481 2400 numa,
498 2330 565 2388 Gal.
580 2349 608 2389 ι.
624 2333 651 2402 8,
667 2340 696 2389 et
716 2351 752 2390 eo
773 2351 861 2390 sensu
882 2333 1023 2389 tribuitur
1039 2333 1108 2388 fidei
1131 2341 1281 2403 venerante,
1298 2331 1361 2389 Col.
1375 2330 1403 2386 ii.
1417 2330 1442 2398 2,

239 2414 318 2472 Heb.
333 2410 421 2466 aaa
464 2409 491 2465 2.
505 2407 564 2464 Pro
579 2417 647 2466 actu
661 2411 768 2486 resuyii
783 2421 807 2468 et
822 2412 987 2485 receptionis
1003 2409 1121 2479 Christi,
1132 2428 1193 2485 quo
1207 2410 1305 2467 fidelis
1332 2409 1443 2481 cognita
1545 2425 1546 2430 ’

239 2491 363 2550 veritate
377 2494 407 2544 et
417 2487 554 2543 bonitate
567 2487 808 2559 promissionum,
822 2489 860 2544 ad
877 2490 1029 2547 Christum
1042 2487 1186 2562 confugit,
1200 2489 1291 2546 illum
1305 2486 1404 2560 recipit
1417 2491 1444 2541 et

240 2565 438 2643 amplectitur,
453 2571 483 2621 et
495 2564 527 2619 in
540 2561 622 2620 illius
636 2565 775 2622 meritum
790 2565 874 2623 unice
889 2566 1042 2624 recumbit.
1084 2565 1111 2622 3.
1127 2567 1188 2623 Pro
1203 2565 1386 2642 confidentia,
1397 2580 1443 2622 seu

240 2645 443 2723 acquiescentin
465 2650 495 2700 et
519 2642 727 2718 tranquillitate
751 2644 849 2714 animi,
875 2664 941 2720 quae
966 2643 1062 2700 oritur
1085 2662 1121 2700 ex
1143 2644 1260 2718 refugio
1284 2643 1389 2702 anima
1409 2641 1442 2698 ad

243 2726 395 2786 Christum
406 2730 440 2780 et
452 2721 517 2796 ejus
533 2722 709 2795 receptione.
751 2721 833 2779 Nam
855 2723 908 2798 qui
929 2721 1052 2780 firmiter
1073 2722 1105 2778 in
1121 2721 1274 2780 Christum
1296 2719 1442 2786 recumbit,

240 2813 271 2862 et
289 2805 376 2860 illum
390 2799 588 2875 amplectitur,
602 2818 662 2856 non
678 2808 775 2874 potest
788 2819 849 2858 non
863 2802 893 2857 in
908 2820 943 2859 eo
958 2818 1058 2857 secure
1072 2800 1233 2874 acqiesoero
1253 2807 1286 2857 et
1306 2799 1442 2858 confidere
1544 2833 1545 2854 ι

240 2901 271 2940 se
286 2881 432 2938 invenisse
456 2885 486 2934 et
500 2877 644 2951 accepisse
658 2881 740 2952 quod
762 2880 923 2955 quaerebat.
965 2877 1066 2935 Primo
1081 2885 1111 2934 et
1131 2879 1262 2936 secundo
1284 2877 1441 2952 significatu

240 2959 351 3018 fiducia
364 2965 409 3016 est
422 2959 459 3015 de
470 2955 597 3013 euentu
609 2957 688 3026 fidei,
698 2965 728 3013 et
741 2957 817 3014 bene
831 2976 850 3015 a
860 2955 1022 3028 rl'heologis
1033 2955 1142 3012 dicitur
1153 2956 1218 3030 ejus
1227 2956 1347 3025 forma;
1368 2953 1441 3029 quia

241 3045 277 3095 ut
289 3045 394 3114 postea
407 3033 580 3111 probabitur
594 3042 698 3092 contm
712 3035 894 3105 Pontificius,
910 3043 955 3092 est
967 3032 1114 3090 fiducialis
1128 3033 1325 3108 apprehensio
1341 3029 1441 3092 Christi

243 3134 310 3174 cum
321 3115 459 3174 omnibus
469 3111 892 3188 beneficiisVerboEvangelii
902 3111 1003 3170 oblati.
1028 3110 1441 3170 Sedtertiorecteabaliisnon

242 3194 406 3264 formased
416 3193 537 3250 effeetus
546 3190 615 3246 fidei
623 3190 820 3266 dicitur,quia
828 3191 959 3248 nascitur
967 3207 1003 3245 ex
1013 3207 1124 3258 ea,n0n
1133 3208 1204 3246 vero
1213 3208 1279 3247 eam
1290 3185 1442 3248 constituit

285 3271 341 3328 IV.
363 3270 445 3327 Hinc
468 3268 556 3324 facile
579 3286 682 3326 sensus
703 3278 785 3344 patet
798 3269 856 3326 loci
878 3265 1007 3335 Paulini,
1024 3265 1101 3341 aph.
1115 3267 1157 3324 iii.
1173 3267 1220 3337 12,
1235 3267 1288 3325 ubi
1308 3269 1380 3324 fides
1391 3262 1443 3321 dis·

243 3349 391 3424 tinguitur
405 3365 424 3404 a
437 3354 577 3416 «seratam,
593 3364 645 3402 seu
666 3347 784 3415 fiducia,
804 3367 861 3422 per
875 3347 969 3422 fidem
991 3347 1121 3403 tabernae
1135 3364 1277 3404 accessum
1297 3348 1339 3402 ad
1358 3345 1442 3420 ipsun
1542 3355 1543 3374 ¹

243 3447 307 3486 cum
313 3425 446 3502 fiducia:
467 3422 549 3479 Nam
564 3433 690 3484 arratam
704 3424 753 3481 hic
765 3424 905 3481 fiduciam
919 3429 1013 3492 namt,
1028 3431 1176 3499 quatenus
1197 3431 1242 3481 est
1265 3422 1441 3482 couscientia
1542 3483 1543 3486 Ἴ

243 3501 454 3578 tranquillitas,
470 3517 523 3556 seu
536 3501 716 3558 confidentia
728 3501 760 3557 in
774 3520 819 3570 eo,
834 3502 865 3558 in
880 3519 969 3577 quem
992 3501 1138 3558 collocata
1160 3509 1206 3559 est
1218 3503 1300 3562 fides.
1342 3502 1441 3562 Sensus

244 3587 296 3652 est,
305 3579 449 3658 fidelesin
463 3577 585 3648 Christo,
596 3579 636 3636 id.
650 3578 767 3637 Christo
778 3580 944 3653 insitosper
954 3579 1052 3648 fidem,
1065 3579 1175 3638 habere
1190 3591 1322 3655 ratperta,
1336 3581 1441 3638 id.tum

244 3659 400 3719 audaciam
408 3655 589 3732 praedicandi
599 3655 799 3730 Evangelium
810 3657 955 3731 intrepide
966 3658 1047 3732 apud
1058 3676 1260 3735 quoscunque,
1272 3670 1338 3720 tum
1347 3653 1442 3716 securi·

244 3749 332 3799 tatem
344 3734 532 3816 spiritrwlcn,
556 3753 617 3810 qua
629 3734 721 3791 libere
736 3736 849 3792 audent
863 3735 961 3792 Deum
975 3742 1011 3792 ut
1025 3733 1144 3792 Patrem
1158 3737 1304 3809 irivocare,
1320 3747 1360 3794 nt
1371 3760 1443 3807 ψη·

246 3829 325 3890 puytn
337 3829 356 3874 a
369 3825 504 3883 erraretur,
520 3819 577 3870 “et
591 3831 740 3870 accessum
760 3813 888 3870 liberum
902 3813 1053 3888 adipsum
1072 3813 1104 3870 in
1125 3817 1331 3887 confidentia,”
1345 3829 1441 3886 nempe
1460 3817 1469 3831 '

244 3917 315 3956 eum
328 3892 499 3956 inveniendi
513 3897 544 3948 et
553 3892 646 3966 petita
653 3891 840 3966 impetrandi,
852 3897 886 3946 διὰ
900 3901 940 3952 τῆς
953 3899 1049 3952 «term
1059 3900 1138 3963 aava,
1154 3900 1171 3927 “
1180 3913 1232 3968 per
1242 3897 1330 3954 fidem
1342 3888 1442 3958 illius,’'

246 3977 286 4034 id.
301 3995 392 4053 quam
405 3973 483 4051 parit
495 3971 568 4028 fides
584 3970 702 4029 Christi.

256 4106 475 4210 ²1¹‚222'ffiffi“
505 4125 595 4197 ficies,
612 4127 774 4196 Quaeritur,
790 4127 840 4185 An
855 4129 965 4186 fiducia
977 4128 1149 4187 includatur
1162 4131 1193 4187 in
1209 4137 1352 4206 conceptu
1371 4123 1440 4192 fidei,

510 4203 562 4262 An
572 4224 643 4263 vero
654 4206 691 4264 ab
705 4224 739 4262 ea
754 4206 893 4264 differat?
907 4205 1055 4264 Pontificii
1065 4214 1101 4264 ut
1111 4216 1400 4267 commentumsuum
1409 4203 1441 4258 dc

247 4286 306 4343 fide
320 4283 464 4360 implicita
477 4290 508 4340 et
517 4301 596 4341 coeca
609 4302 662 4340 seu
676 4283 758 4340 nudo
769 4301 889 4340 assensu
903 4283 1065 4354 stabiliant,
1079 4287 1226 4360 posterius
1237 4289 1351 4356 volunt,
1362 4281 1440 4340 fidem

547 4047 586 4106 V.
610 4048 719 4115 Quoad
743 4051 868 4108 alteram
891 4049 1095 4118 Quaestionem
1118 4051 1196 4110 inter
1217 4052 1284 4111 Nos
1307 4060 1337 4110 et
1350 4045 1441 4108 Ponti-
1539 4103 1541 4124 ἆ

247 4363 321 4420 nihil
338 4363 421 4420 aliud
435 4380 497 4418 osse
511 4362 726 4436 pertendentes,
738 4379 829 4435 quam
839 4363 953 4418 nudum
963 4379 1123 4434 assensum,
1137 4365 1189 4440 qui
1203 4383 1264 4422 non
1277 4365 1382 4422 habeat
1394 4373 1440 4432 pr⁰
1538 4409 1540 4424 ι

248 4441 364 4512 objecto
378 4440 535 4514 specialem
549 4437 606 4495 Dei
619 4439 860 4508 misericordiam,
875 4440 925 4496 sed
940 4445 1038 4496 totum
1049 4441 1106 4498 Dei
1117 4442 1262 4514 Verbum,
1276 4450 1311 4500 ut
1318 4437 1440 4515 loquitur

249 4517 360 4574 Bellar.
383 4516 435 4572 lib.
460 4517 485 4573 1.
508 4516 546 4572 de
569 4515 660 4574 Justi.
675 4534 699 4572 c.
721 4515 748 4586 b,
764 4516 791 4572 6.
834 4517 1003 4575 Orthodoxi
1023 4527 1127 4577 contm
1140 4521 1183 4578 ita
1196 4523 1233 4578 de
1247 4520 1368 4580 essentia
1380 4508 1440 4574 fidei

249 4592 389 4650 fiduciam
402 4609 463 4651 ase
477 4599 605 4664 censent,
620 4601 654 4651 ut
668 4609 728 4652 non
736 4593 829 4670 possit
836 4594 895 4652 dici
905 4595 988 4667 fides,
1001 4613 1068 4672 quoe
1082 4598 1136 4655 tali
1149 4599 1260 4658 fiducia
1272 4594 1440 4658 destituitur·
