3192 5206
107 399 220 451 eumer.
235 377 281 460 v.]
449 395 488 435 na
502 396 619 438 orrrcro
634 397 751 438 cnarsrr
767 397 961 439 unnrsroaro.
1261 385 1319 441 3411

110 541 184 620 legit
194 548 224 600 ct
234 535 400 612 destinavit,
411 536 461 614 qui
473 537 590 598 Electos
600 538 656 598 sibi
666 539 872 616 reconciliaret,
885 547 914 599 et
923 559 996 617 opus
1005 538 1106 598 salutis
1115 549 1323 618 exequeretur;

370 635 427 694 quo
439 625 569 694 spectant
577 619 641 677 loca
652 620 738 678 lPet.
748 621 822 694 ino,
830 619 898 678 Act.
904 619 989 694 itae,
997 618 1091 696 Apoc.
1097 619 1160 678 xiii.
1172 623 1200 678 8.
1212 620 1321 679 Secun-

370 697 426 755 dus
439 696 470 754 in
483 698 626 774 Mieeione,
641 719 693 776 per
706 718 792 776 quam
804 700 891 776 juxta
904 709 1042 758 aetemum
1057 698 1323 759 Praedestinationis

108 779 265 853 decretum,
277 797 335 838 non
349 783 461 835 tantum
471 777 629 855 promissus
643 786 688 838 eat
702 779 756 838 sub
770 780 871 839 Veteri
884 779 1078 854 Testamento,
1094 780 1182 838 variis
1192 779 1324 839 Oracnlis

109 859 274 936 praedictus,
290 866 320 916 et
333 856 424 933 Typis
437 856 634 932 adumbratus,
649 867 678 917 et
694 867 725 917 ut
740 859 879 919 Ecclesiae
907 857 1054 918 Mediator
1073 859 1241 918 exhibitus:
1265 860 1324 920 Sed

109 939 141 997 in
156 939 366 1014 complemento
379 947 540 1013 temporum
554 938 584 995 in
598 937 737 996 mundum
752 939 857 998 missus
871 947 924 1012 est,
939 938 978 997 ad
1000 939 1226 1015 assumptionem
1240 949 1324 1000 natu·

109 1038 149 1076 rae
164 1027 279 1091 nostrae,
294 1025 327 1074 ut
340 1016 371 1073 iu
385 1036 420 1073 ea
433 1035 506 1094 opus
520 1017 576 1076 sibi
591 1016 794 1077 demandatum
808 1019 945 1096 perficere
958 1027 1064 1095 posset,
1080 1019 1163 1095 cujus
1176 1019 1323 1080 missionis

110 1096 344 1178 frequentissima
357 1095 445 1154 estin
460 1096 623 1174 Evangelio
636 1093 763 1174 mentio,
785 1118 843 1156 nou
857 1118 909 1175 per
931 1099 1120 1158 mutationem
1141 1099 1207 1174 loci,
1232 1108 1266 1159 ut
1289 1120 1324 1160 eo

111 1179 232 1251 veniret,
247 1176 298 1234 ubi
311 1195 370 1233 non
385 1183 447 1234 erat
460 1185 553 1251 antea,
569 1177 621 1234 sed
634 1197 685 1254 per
698 1177 957 1238 manifestationem
978 1178 1235 1237 extraordinariam
1249 1199 1321 1258 prse-

113 1257 214 1317 sentiae
228 1275 288 1315 sum
302 1255 332 1312 in
353 1275 447 1330 carne,
464 1256 493 1313 in
507 1276 565 1333 qua
578 1256 732 1316 visibiliter
745 1258 885 1335 apparuit,
901 1267 930 1316 et
944 1266 1078 1334 operatus
1092 1267 1145 1316 est.

417 1333 479 1395 III.
502 1335 617 1395 Tertius
631 1337 739 1412 gradrm
752 1340 782 1395 in
802 1338 951 1396 Vocatioae
964 1337 1104 1413 consistit,
1120 1337 1229 1414 quaed
1256 1339 1324 1398 Mu-

375 1433 430 1472 nus
444 1414 518 1474 illud
532 1415 696 1474 obeundum
710 1427 894 1476 consecratus
908 1425 960 1492 est,
985 1416 1022 1475 de
1046 1437 1104 1494 qua
1129 1417 1187 1476 Isa.
1210 1418 1273 1476 xlii.
1297 1421 1324 1495 6,

113 1501 179 1576 Epo
192 1500 302 1558 Jelaoua
315 1495 416 1556 vocavi
426 1515 455 1553 ee
468 1495 618 1570 injustitia,
634 1500 682 1554 tac.
708 1505 738 1556 et
752 1497 829 1555 Psul.
845 1517 891 1554 cx.
905 1501 934 1572 4,
957 1504 986 1555 et
1008 1497 1140 1556 Christus
1161 1498 1232 1574 ipse,
1255 1497 1325 1557 Joh.

114 1600 145 1638 x.
160 1581 208 1638 36.
223 1577 349 1636 Vocatio
369 1583 466 1666 autem
480 1575 536 1633 ista
550 1575 622 1633 duas
630 1584 732 1668 partes
746 1577 953 1655 complectitur,
971 1576 1328 1672 Unctionem,etlnaugu·

145 1708 322 1812 agggggge
372 1655 1326 1812 1111011ᾆῖῗὲοῖἓὲἴῶἳῗιῖἓέἓῗιῗήῗέἒῗῧέἐῗῗέἰ

293 1800 300 1822 ’
378 1815 490 1891 proprie
505 1815 598 1873 etalii
627 1815 717 1874 Uncti
730 1824 759 1874 et
774 1815 881 1875 Christi
895 1814 1028 1874 dieantur
1053 1817 1164 1875 ratione
1179 1813 1264 1874 officii
1277 1815 1327 1874 vel

120 1893 295 1971 Prophetis,
310 1892 359 1951 vel
374 1893 542 1969 Sacerdotii,
557 1893 605 1953 vel
620 1894 717 1972 Regni
730 1895 789 1953 duo
803 1903 902 1954 notat:
923 1898 949 1953 1.
961 1895 1204 1954 Correeeratr'onem
1217 1895 1255 1954 ad
1265 1915 1327 1954 mu-

118 1993 182 2046 nus,
198 1993 263 2050 quae
278 1973 411 2031 Persona
426 1973 533 2033 Christi
548 1974 633 2033 etiam
648 1975 806 2034 secundum
820 1983 950 2033 naturam
962 1974 1091 2033 divinam
1118 1975 1263 2052 competit,
1277 1995 1331 2052 per

119 2072 205 2131 quam
226 2053 263 2112 ad
278 2051 447 2112 Mediatoris
461 2074 565 2112 munus
579 2053 674 2130 reipsa
688 2063 871 2114 consecratus
885 2062 937 2129 est,
954 2054 1031 2114 Psal.
1045 2055 1076 2114 ii.
1091 2057 1119 2129 6,
1134 2074 1221 2132 quam
1234 2054 1329 2132 Scrip-

118 2142 184 2192 tura
196 2133 427 2212 Sancnytcutiond
440 2133 555 2192 nomine
570 2133 722 2211 designare
750 2134 832 2209 solet,
858 2134 928 2194 Joh.
943 2155 973 2195 x.
988 2136 1037 2194 36.
1067 2138 1095 2193 2.
1110 2135 1280 2194 Cratiarwn
1304 2145 1332 2193 et

119 2215 258 2272 meorum
271 2213 399 2271 omnium
413 2213 450 2270 ad
465 2214 543 2272 illius
557 2215 685 2272 muneris
695 2214 895 2273 executionem
905 2214 1132 2273 necessariorum
1146 2216 1329 2289 collationem,

119 2312 184 2370 quae
199 2291 236 2350 ad
249 2294 402 2351 humanam
414 2302 527 2351 tantum
537 2302 669 2351 naturam
691 2301 809 2372 spectat,
822 2312 873 2370 per
897 2312 983 2370 quam
1007 2303 1113 2354 rmctus
1136 2293 1242 2353 dicitur
1266 2294 1330 2352 oleo

119 2371 230 2511 llaetgtip
242 2391 328 2509 sppra
342 2382 498 2510 030411sortes,
511 2381 540 2431 et
554 2372 677 2432 donatus
703 2373 812 2452 Spiritu
836 2371 955 2455 ὶράτςυς,
971 2373 1049 2432 Psal.
1072 2374 1134 2433 xlv.
1150 2377 1178 2449 7,
1194 2374 1253 2433 Isa.
1276 2373 1329 2433 lxi.

140 2495 149 2526 ‚
185 2496 193 2526 ,
231 2471 333 2510 o.1u.
389 2495 397 2510 .

119 2569 154 2616 Et
165 2569 361 2628 Inaugnratione.

146 667 168 714 2.
179 668 296 713 1111111011
304 679 311 721 ;

142 1400 164 1446 ³.
175 1400 325 1450 1111111111

423 2530 478 2589 IV.
500 2533 689 2608 Inaupuratr'o
709 2541 754 2592 est
773 2552 934 2611 perquam,
950 2532 1019 2591 lieet
1033 2534 1099 2610 jure
1113 2533 1284 2606 nativitatis,
1300 2541 1331 2592 et

382 2610 523 2670 beneficio
537 2611 651 2671 unionis
666 2613 863 2690 hypostaticae,
881 2614 1025 2672 Dominus
1049 2622 1079 2671 et
1096 2612 1189 2671 hares
1203 2613 1331 2671 omnium

120 2697 197 2749 esset
209 2689 313 2767 reipsa,
328 2691 421 2748 voluit
435 2699 531 2749 tamen
546 2691 657 2750 solenni
671 2693 782 2752 ratione
796 2693 833 2750 ad
848 2693 957 2752 Munus
971 2712 1055 2752 suum
1073 2692 1248 2768 mauginam,
1261 2710 1331 2769 quo·

121 2769 207 2828 modo
221 2789 305 2846 reges
319 2770 406 2828 etiam
420 2771 592 2829 haereditarii
608 2772 720 2829 solenni
735 2773 954 2850 inauguratione
968 2772 1062 2831 solent
1077 2771 1106 2828 in
1120 2772 1234 2848 plenam
1249 2770 1332 2846 regni

123 2849 335 2926 possessionem
349 2849 434 2924 mitti,
449 2858 483 2909 ut
496 2851 533 2908 ab
548 2851 681 2908 omnibus
696 2860 898 2928 agnoscantur.
932 2851 1005 2910 Haec
1018 2870 1089 2909 vero
1104 2851 1201 2908 Primo
1216 2849 1332 2927 quidem

122 2929 153 2986 in
167 2929 315 3005 Baptismo
330 2929 438 2988 Christi
460 2929 535 2989 facta
549 2941 601 3004 est,
618 2930 723 2990 Matth.
743 2931 784 2990 iii.
802 2935 848 3005 17,
863 2930 914 2989 ubi
936 2930 1041 2989 illustri
1063 2930 1174 2988 ratione
1196 2938 1226 2988 et
1247 2930 1331 3006 plane

122 3009 349 3068 extraordinaria
363 3009 400 3067 ad
413 3009 561 3085 publicum
581 3011 707 3069 muneris
728 3011 897 3070 exercitium
916 3018 1100 3068 consecratus
1114 3018 1165 3083 est,
1182 3008 1260 3086 quod
1273 3029 1332 3067 non

123 3088 209 3148 modo
231 3089 379 3166 apertione
400 3088 547 3165 coelorum,
570 3089 694 3166 Spiritus
721 3090 819 3148 Sancti
840 3089 977 3148 missione
1000 3109 1086 3167 super
1109 3089 1212 3165 ipsum,
1228 3088 1281 3147 sed
1304 3096 1334 3146 et

124 3168 235 3227 coelesti
255 3187 327 3227 voce
349 3168 548 3228 confirmatum
563 3177 615 3243 est,
630 3189 696 3245 quae
714 3169 916 3229 excellentiam
930 3188 1069 3246 personae,
1085 3177 1114 3226 et
1124 3167 1211 3228 officii
1224 3175 1331 3227 testan-

123 3256 179 3307 tur.
214 3249 348 3306 Persona
358 3247 483 3325 quidem,
499 3248 567 3307 dum
583 3257 703 3307 vocatur
713 3249 878 3323 111111ῡεί,
888 3269 946 3306 non
960 3247 1123 3326 adoptivus,
1139 3248 1239 3326 quales
1251 3248 1332 3307 Deus

124 3327 231 3386 multos
245 3327 341 3402 habet,
357 3326 409 3386 sed
430 3327 578 3402 naturalis,
594 3327 770 3404 unigenitus,
786 3336 816 3389 et
836 3329 977 3407 proprius,
1000 3328 1050 3405 qui
1064 3337 1215 3405 propterea
1228 3333 1331 3399 ἀγαπη-

122 3413 163 3473 vla
174 3407 289 3466 dilectus
303 3416 332 3467 et
346 3407 531 3468 charissimus
545 3407 659 3466 dicitur.
684 3409 776 3481 Officii
787 3427 866 3476 vero,
882 3408 950 3467 dum
965 3407 1078 3482 dicitur,
1096 3409 1210 3468 Patrem
1225 3409 1255 3465 in
1269 3409 1332 3485 ipso

125 3485 259 3560 silwim,
275 3487 315 3545 id.
331 3506 389 3546 non
403 3495 516 3546 tantum
531 3486 647 3546 Patrem
661 3488 691 3544 in
706 3487 821 3547 Christo
835 3488 920 3565 plane
937 3488 1127 3564 acquiescere,
1143 3507 1234 3565 eoque
1247 3488 1333 3566 plane

124 3568 271 3643 delectari,
287 3566 339 3626 sed
352 3565 439 3626 etiam
453 3567 483 3624 in
497 3586 532 3625 eo
547 3575 576 3626 et
589 3575 706 3644 propter
719 3587 786 3626 eum
799 3587 853 3627 nos
868 3568 931 3627 Deo
945 3568 1058 3644 placere
1069 3575 1098 3626 et
1112 3577 1245 3645 acceptos
1259 3587 1332 3642 esse,

126 3649 200 3726 Eph.
215 3648 234 3707 i.
251 3650 279 3707 6.
310 3645 494 3706 Excellentia
507 3666 592 3724 porro
607 3647 691 3706 istius
705 3646 791 3706 officii
813 3666 900 3706 exeo
921 3647 997 3706 clare
1019 3647 1238 3722 demonstratur,
1254 3647 1333 3725 quod

124 3746 182 3786 non
197 3727 259 3785 sine
272 3727 437 3804 juramento
459 3726 633 3785 constitutus
655 3726 692 3785 sit
706 3727 852 3786 Mediator
865 3735 971 3802 noster,
987 3727 1065 3785 Psal.
1080 3747 1126 3785 ex.
1142 3730 1169 3801 4,
1187 3731 1205 3760 ‘⁶
1216 3726 1334 3786 Jurarit

127 3807 299 3881 Dominus,''
312 3811 370 3882 &c.,
386 3827 424 3865 ex
434 3825 492 3882 qno
504 3805 613 3864 Paulus
622 3808 817 3882 prestantium
826 3815 855 3865 et
866 3807 1054 3865 aeternitatem
1064 3807 1216 3865 sacerdotii
1228 3806 1334 3864 Christi

126 3905 213 3962 supra
228 3885 389 3945 Leviticum
412 3885 532 3962 colligit,
554 3885 632 3944 Heb.
647 3885 697 3944 vii.
732 3885 866 3945 Secundo
887 3887 917 3944 in
934 3885 1252 3964 dinumerationem
1276 3904 1333 3960 qna

126 3963 234 4041 pariter
247 3965 283 4022 ad
302 3965 408 4042 triplex
428 3983 534 4024 munus
547 3964 733 4024 confirmatus
752 3965 807 4024 fuit
821 3966 932 4026 coelasti
945 3986 1026 4039 voce,
1041 3965 1149 4024 Matth.
1167 3967 1212 4021 17.
1234 3963 1332 4022 Tertio

126 4044 184 4102 ista
197 4043 378 4119 inauguratio
391 4044 476 4122 plene
489 4044 566 4104 facta
575 4053 619 4104 est
627 4052 693 4121 post
705 4047 942 4105 resurrectionem
953 4053 982 4104 et
992 4043 1204 4116 exaltationem,
1217 4042 1333 4119 quando

129 4121 302 4181 “Dominus
323 4131 353 4181 et
377 4123 508 4182 Christus
530 4124 623 4183 faetus
645 4123 715 4199 est,”
738 4124 806 4184 Act.
821 4125 851 4184 ii.
866 4127 914 4200 36,
932 4127 990 4182 “et
1012 4141 1117 4180 nomen
1140 4140 1227 4198 supra
1248 4141 1332 4180 omne

126 4220 231 4262 nomen
246 4200 288 4260 illi
312 4201 410 4261 datum
425 4209 477 4276 111,
492 4204 568 4262 utin
589 4203 705 4263 nomine
719 4204 794 4264 Jesu
807 4204 940 4264 flectatur
953 4222 1037 4262 omne
1051 4201 1158 4278 genu,”
1174 4199 1238 4274 de,
1255 4201 1331 4260 Phil.

127 4282 157 4340 ii.
173 4283 201 4354 e,
220 4282 265 4354 10,
287 4301 376 4358 quum
428 4290 517 4342 testas
530 4283 574 4342 illi
588 4285 681 4342 omnis
694 4282 763 4342 data
776 4293 820 4343 est
834 4284 864 4342 in
878 4284 952 4343 coelo
966 4291 995 4341 et
1008 4291 1092 4356 terra,
1109 4281 1213 4339 Matth.
1228 4281 1333 4340 xxviii.

128 4369 158 4422 et
172 4380 262 4438 quum
276 4360 352 4420 sedit
365 4381 382 4419 a
416 4361 548 4420 dextram
562 4363 723 4440 majestatis
736 4364 766 4421 in
781 4363 913 4439 excelsis,
929 4361 1007 4421 Heb.
1022 4361 1040 4419 i.
1056 4363 1084 4419 3.

431 4441 470 4497 V.
492 4441 600 4502 Munus
613 4443 669 4502 hoc
684 4443 888 4503 Mediatorium
903 4441 1008 4502 Christi
1026 4436 1207 4498 distribuitur
1227 4439 1257 4496 in
1278 4439 1334 4498 tria

391 4517 493 4593 officie,
508 4540 573 4598 qua
587 4530 655 4588 sunt
675 4523 795 4582 totidem
809 4524 872 4600 ejus
894 4531 998 4600 partes,
1023 4517 1212 4596 Prophetiam,
1232 4517 1333 4578 Sacer·

392 4598 506 4674 dotium,
521 4603 659 4677 Refflrum.
682 4601 760 4675 Quas
774 4602 907 4662 Christus
921 4601 1057 4661 sustinuit
1070 4617 1127 4658 nou
1139 4597 1266 4673 seorsim,
1282 4599 1335 4658 sed

127 4677 313 4756 conjunctim,
328 4677 409 4756 quod
422 4677 472 4736 uni
486 4678 541 4756 ipsi
554 4680 663 4741 dutum.
685 4681 758 4740 Nam
774 4701 838 4758 quae
852 4682 882 4740 in
896 4681 962 4741 aliis
975 4681 1071 4740 divisa
1091 4679 1206 4738 hremnt
1218 4687 1336 4758 propter

128 4500 170 4545 nn·
190 4499 243 4544 licis
259 4499 371 4546 Muneris

196 4557 251 4603 ristl
271 4563 341 4605 ratio.
