3202 5194
126 383 238 435 quaer.
254 359 303 443 u]
562 375 601 418 oa
616 377 741 419 sannen
757 376 888 420 catria.
1272 359 1328 417 157

128 526 223 605 gratia
238 522 304 600 Dei,
320 529 382 582 tum
391 517 508 598 justitia
522 519 638 596 Christi,
655 521 739 580 Rom.
755 520 774 580 i.
788 523 834 597 16,
853 521 906 595 17;
932 516 1120 578 Sacramenta
1130 518 1285 595 vero,quia
1299 537 1330 576 se

124 608 287 666 habentor
308 611 391 680 parte
406 600 462 660 Dei
475 607 613 678 tanquam
633 602 722 678 eipso,
746 621 811 679 quae
832 607 1039 678 repraesentant
1060 599 1178 657 foederis
1197 600 1331 658 substen-

126 687 205 763 tiam,
218 694 248 746 et
257 685 358 761 sicilia,
375 701 440 759 qua
451 681 571 740 eandem
585 681 749 759 obsignant,
766 681 850 740 Rom.
862 681 911 756 iv,
927 687 956 738 et
969 688 1002 738 ut
1013 680 1195 738 instrumenta
1209 679 1333 737 moralia

125 787 178 846 per
198 786 264 844 quse
285 764 369 823 nobis
391 762 442 820 illa
462 761 639 842 applicatum
661 781 698 821 ex
718 769 800 840 parte
820 769 919 820 nostra
932 779 1002 820 vero
1023 768 1161 836 tanquam
1180 759 1332 836 restipula-

126 847 230 922 tiones,
252 845 358 924 quibus
381 843 445 902 Deo
465 861 519 900 nos
540 842 712 918 obligamus,
734 845 748 899 1
772 841 893 901 Petili.
914 843 962 916 21,
982 848 1013 899 et
1031 849 1105 900 nota
1125 849 1258 915 aarum,
1281 859 1333 898 seu

126 926 261 1005 symbola
273 922 525 999 cmifoederctiome.
566 923 696 981 Minbtri
708 941 739 981 ee
749 923 858 982 habent
870 929 1008 998 tanquam
1023 920 1191 980 internuntii
1206 928 1236 979 et
1248 919 1331 996 secui,

125 1027 179 1086 per
192 1025 265 1084 quos
281 1005 363 1063 Deus
376 1022 430 1062 nos
444 1001 610 1080 alloquitur,
632 1011 662 1062 et
676 1003 714 1061 nd
728 1002 823 1062 fredus
843 1002 957 1077 invitat,
980 1001 1086 1060 Metth.
1101 1001 1186 1059 xxiii.
1201 1003 1229 1074 3,
1253 999 1331 1060 Heb.

126 1087 145 1148 i.
173 1088 199 1162 1,
226 1094 255 1145 et
275 1093 413 1162 tanquam
434 1083 521 1160 legati
540 1103 592 1161 per
611 1102 685 1161 quos
703 1083 855 1142 nobiscum
878 1102 945 1141 cum
968 1080 1143 1140 authoritate
1168 1081 1331 1158 stipulatur,

127 1167 228 1226 acor.
242 1186 272 1224 v.
288 1167 337 1224 20.

126 1279 369 1328 Putacontrshen-
431 1243 491 1303 IX.
512 1263 544 1304 11.
559 1246 662 1303 Partes
679 1245 871 1304 concodentes
891 1261 942 1303 acu
959 1243 1121 1322 subjectum
1142 1241 1259 1302 foederis
1273 1249 1332 1301 tres

155 1345 207 1386 ses:
221 1340 287 1385 Deus
298 1339 371 1385 oren·
391 1332 467 1400 sunt,
482 1328 562 1384 Deus
576 1323 711 1401 offensus,
727 1327 823 1384 Homo
834 1323 990 1400 offendens,
1007 1331 1036 1382 et
1049 1323 1176 1383 Olm'etea
1187 1321 1334 1380 Mediator

157 1412 206 1444 ⁸¹¹⁵·
390 1404 536 1464 hominem
557 1404 750 1464 offendentem
774 1405 837 1463 Deo
859 1403 968 1463 offenso
989 1411 1019 1462 et
1040 1403 1113 1462 irato
1134 1399 1333 1461 reconcilians.

129 1488 209 1544 Dete
222 1483 270 1542 hic
285 1483 354 1561 agit,
370 1503 429 1544 non
439 1493 472 1544 ut
486 1485 516 1542 in
530 1485 638 1543 foedere
652 1493 762 1544 nonnae
776 1493 919 1561 quatenus
935 1483 1057 1543 Creator
1071 1491 1101 1542 et
1111 1482 1254 1556 dominus,
1266 1482 1336 1559 quia

129 1573 280 1643 peccatum
301 1564 430 1624 abolevit
450 1565 610 1624 naturalem
630 1565 711 1623 illam
732 1564 970 1638 communionem,
993 1583 1058 1640 quae
1080 1562 1247 1622 creaturam
1268 1583 1334 1620 curn

130 1645 265 1704 creatore
279 1645 490 1722 conjungebet5
514 1645 575 1705 Nec
589 1653 731 1723 quatenus
744 1644 889 1703 excelsam
899 1652 928 1702 et
942 1642 1083 1701 infinitam
1098 1662 1184 1719 super
1197 1660 1243 1701 res
1258 1661 1335 1700 crea-

129 1732 175 1784 tas
190 1726 310 1805 tragonis
324 1725 452 1800 obtinet;
475 1725 543 1802 quia
563 1733 673 1786 tantm
689 1725 873 1802 Majestatem
894 1725 981 1782 homo
1002 1722 1114 1800 peccati
1132 1741 1206 1797 rcus,
1229 1729 1259 1780 et
1273 1722 1349 1798 ejus.

130 1823 218 1864 sensu
237 1804 388 1882 perculsus
408 1804 482 1863 ferre
502 1825 561 1863 non
581 1805 732 1882 potuisset,
753 1803 845 1862 multo
868 1804 965 1862 minus
985 1821 1019 1860 ac
1041 1801 1159 1879 Angeli,
1182 1801 1232 1879 qui
1246 1801 1336 1860 facies

132 1903 200 1943 suas
222 1903 319 1944 coram
340 1903 375 1943 ea
398 1891 496 1962 tegere
517 1893 668 1962 cogumtur,
692 1885 732 1942 Is.
755 1885 795 1942 vi.
818 1887 855 1959 23
886 1883 948 1941 Nec
969 1889 1107 1958 tanquam
1127 1883 1287 1957 Leqielator
1307 1889 1337 1940 et

130 1963 243 2041 rigidus
256 1963 443 2041 perfectionis
456 1965 573 2022 moralis
587 1964 625 2023 ab
639 1964 689 2022 illo
704 1971 823 2022 exactor
831 1985 839 2039 ;
861 1961 1011 2039 quietalis
1025 1981 1043 2020 a
1056 1969 1187 2020 creatura
1201 1970 1336 2038 corrupta

130 2063 188 2102 non
201 2045 297 2121 potuit
310 2043 474 2121 expectari;
496 2064 549 2103 nec
570 2045 647 2103 ullus
667 2043 812 2121 peccatori
832 2050 913 2119 patet
926 2041 963 2100 ad
979 2041 1074 2100 Deum
1091 2041 1285 2118 justissimum
1306 2049 1337 2100 et

131 2123 346 2183 sanctissimum
367 2143 518 2184 accessus:
542 2123 600 2183 Sed
621 2132 764 2201 quatenus
777 2123 935 2182 misericors
955 2123 1045 2180 Pater
1066 2129 1092 2179 et
1105 2123 1287 2196 Redemptor,
1302 2129 1336 2180 ut

131 2202 258 2262 offensus
279 2204 406 2282 quidem,
429 2203 481 2262 sed
500 2211 534 2263 ut
555 2203 723 2282 placandus,
743 2203 794 2281 qui
815 2222 912 2261 amore
932 2200 1144 2262 benevolentia
1165 2200 1221 2260 sibi
1241 2201 1336 2260 voluit

131 2283 264 2343 homines
278 2283 457 2342 offendentes
471 2283 632 2360 conciliare,
649 2285 734 2342 Rom.
749 2303 778 2340 v.
794 2285 822 2358 8,
839 2283 914 2361 Eph.
929 2283 959 2340 ii.
974 2285 1003 2340 t.

436 2363 479 2422 X.
501 2365 596 2422 Homo
611 2383 669 2422 non
683 2363 731 2422 hic
745 2371 892 2440 spectatur
905 2370 937 2422 ut
953 2362 1097 2422 Createrc
1110 2360 1225 2440 simpli,
1241 2361 1290 2420 rel
1303 2369 1338 2421 ut

395 2443 533 2502 creatura
556 2443 670 2520 integra
694 2451 724 2503 et
743 2444 887 2520 justa,.ut
907 2443 938 2500 in
958 2443 1050 2519 primo
1073 2441 1197 2517 foedere;
1222 2441 1280 2500 Sed
1304 2451 1337 2500 ut

132 2521 277 2581 Greattcra
285 2523 434 2598 peccata-m
447 2525 595 2598 qi'endens,
611 2531 644 2583 ut
657 2524 746 2583 homo
758 2523 789 2581 iu
802 2523 928 2600 peccatis
938 2531 1077 2597 mortuus,
1093 2522 1243 2599 impotens,
1259 2521 1338 2580 filius

131 2601 190 2676 ira,
207 2619 225 2659 a
239 2601 302 2660 Deo
316 2603 436 2680 ejusque
446 2603 507 2663 rita
521 2603 719 2680 abalienatus;
742 2603 902 2680 etquidem
916 2611 1058 2681 quatenus
1072 2602 1194 2660 miseriae
1205 2621 1265 2660 sua
1280 2601 1338 2660 sibi

132 2681 273 2758 conscius,
288 2681 368 2741 illius
389 2701 476 2742 sensu
495 2682 654 2762 perculsus,
670 2683 799 2760 adeoque
820 2683 953 2760 legaliter
965 2683 1107 2756 conciam,
1123 2681 1208 2741 Matt.
1224 2682 1264 2740 xi.
1279 2682 1336 2757 283

131 2769 165 2819 nt
177 2760 225 2819 hic
240 2762 320 2837 σχίσας
333 2763 493 2839 peccatoris
506 2783 565 2822 non
580 2763 618 2822 sit
632 2763 800 2841 simpliciter
814 2762 998 2836 attendenda,
1013 2762 1082 2820 licet
1095 2762 1134 2820 sit
1146 2762 1255 2839 praevia
1269 2781 1336 2819 con·

133 2839 205 2899 ditio
218 2842 358 2919 requisita
377 2842 408 2899 in
429 2843 552 2920 objecto,
574 2843 646 2902 alias
666 2843 761 2902 foedus
781 2844 837 2903 hoc
854 2842 973 2902 deberet
986 2861 1023 2900 ex
1037 2861 1121 2918 aquo
1136 2841 1173 2898 ad
1194 2859 1294 2898 omnes
1308 2848 1339 2898 et

133 2920 264 2997 singulos
277 2929 443 2999 peccatores
456 2922 583 2997 extendi,
598 2922 678 3000 quod
692 2923 748 2982 dici
769 2943 828 2982 non
842 2942 927 3000 posse
940 2941 988 2981 res
1001 2922 1064 2999 ipsa
1078 2921 1183 2978 clamat
1196 2929 1226 2978 et
1239 2919 1337 2978 decre-

133 3007 195 3058 tum
207 3001 418 3078 reprobationis
437 3002 507 3061 satis
521 3003 646 3080 evincit3
669 3002 721 3062 sed
734 3002 937 3080 conjungenda
951 3002 990 3061 sit
1002 3000 1166 3060 necessario
1179 3019 1245 3058 cum
1261 2998 1339 3075 σχίσει

132 3081 292 3157 peccatoris
305 3081 430 3157 contriti,
446 3089 476 3140 et
489 3081 625 3143 credituri
639 3103 676 3141 ex
689 3083 782 3142 libera
795 3082 852 3140 Dei
866 3081 1014 3141 electione.

251 3212 257 3224 .
437 3161 498 3221 XI.
519 3163 627 3238 Tertio,
642 3163 789 3221 Mediator
802 3162 850 3220 hic
868 3160 1022 3221 intercedit
1036 3159 1176 3232 Christus,
1184 3157 1338 3218 'hominem

135 3279 139 3286 -
191 3211 321 3258 mm
396 3239 589 3302 offendentem
605 3244 668 3302 Deo
683 3242 792 3301 offenso
809 3241 1007 3301 reconcilians.
1050 3240 1086 3297 In
1107 3239 1214 3298 loedere
1235 3239 1337 3316 primo,

133 3318 335 3396 quianullum
355 3319 450 3379 adhuc
470 3320 623 3381 dissidium
643 3321 699 3382 fuit
719 3321 794 3381 inter
815 3323 910 3381 Deum
931 3329 961 3381 et
978 3319 1132 3396 hominem,
1155 3319 1237 3379 nullo
1251 3319 1338 3378 etiam

134 3417 207 3475 opus
220 3397 275 3457 fuit
289 3398 467 3477 Mediatore;
492 3401 550 3460 Sed
563 3402 594 3461 in
613 3403 767 3480 posteriori
780 3403 821 3461 ita
834 3401 1013 3460 necessarius
1027 3400 1082 3460 fuit
1094 3407 1212 3478 propter
1227 3398 1340 3476 peccati

134 3477 337 3552 interventum,
362 3487 395 3538 ut
415 3480 525 3559 absque
545 3501 581 3541 eo
600 3483 712 3542 nullum
734 3482 795 3540 dari
816 3482 958 3560 potuisset
981 3479 1076 3539 foedus
1095 3479 1171 3540 inter
1194 3479 1289 3539 Deum
1311 3486 1342 3538 et

133 3556 298 3633 hominem
324 3559 388 3618 Deo
412 3570 530 3638 propter
549 3562 693 3639 justitiam
715 3581 797 3621 suam
821 3561 966 3620 hominem
990 3580 1071 3618 reum
1095 3579 1154 3618 non
1177 3559 1295 3634 ferente,
1311 3566 1342 3617 et

134 3635 250 3695 bomine
270 3647 388 3715 propter
407 3640 579 3716 injustitiam
594 3661 676 3700 suam
689 3641 727 3700 ad
743 3641 836 3700 Deum
851 3640 988 3699 accedere
1001 3660 1059 3699 non
1073 3640 1197 3698 valente.
1239 3638 1340 3716 Atque

134 3715 164 3772 in
178 3736 213 3774 eo
228 3735 258 3774 se
272 3717 369 3794 prodit
383 3719 562 3778 admirabilis
577 3721 633 3779 Dei
646 3741 716 3798 erga
728 3721 875 3780 hominem
889 3719 1093 3794 misericordia,
1115 3739 1167 3797 per
1180 3739 1267 3796 quam
1280 3739 1341 3777 non

135 3801 247 3854 tantum
270 3795 306 3854 de
328 3796 436 3857 loedere
455 3799 581 3859 ineundo
602 3801 729 3878 cogitare
743 3801 845 3876 voluit,
868 3800 920 3859 sed
943 3800 1134 3860 Mediatorem
1148 3801 1234 3858 etism
1248 3798 1338 3874 dedit,

135 3873 196 3934 sine
210 3894 269 3952 quo
290 3878 421 3936 contrahi
441 3898 501 3938 non
520 3880 622 3956 potuit.
666 3879 811 3940 Mediator
831 3889 927 3939 summ
948 3881 1003 3939 iste
1025 3880 1105 3939 Deus
1126 3887 1156 3938 et
1175 3880 1262 3937 homo
1276 3897 1341 3936 esse

136 3953 245 4028 debuit,
261 3963 290 4014 et
304 3975 342 4014 ex
355 3964 478 4034 utroque
492 3959 625 4020 medius:
647 3959 745 4019 Homo
759 3959 885 4036 quidem,
900 3969 934 4019 ut
946 3959 1007 4037 pati
1020 3967 1119 4037 posset
1132 3966 1162 4016 et
1174 3957 1256 4028 mori,
1272 3957 1342 4033 quia

134 4033 251 4092 nonnisi
271 4037 508 4112 perpessionem
529 4047 558 4098 et
577 4047 700 4098 mortem
720 4049 868 4099 cruentam
890 4049 1039 4117 peccatum
1061 4037 1156 4116 potuit
1175 4036 1294 4114 expiari,
1310 4044 1342 4094 et

134 4121 269 4189 peccator
289 4113 319 4172 in
341 4117 465 4192 gratiam
486 4118 609 4192 restitui,
625 4118 687 4178 Col
702 4119 721 4178 i.
737 4123 785 4194 20,
801 4124 858 4194 223
881 4119 958 4178 Heb.
973 4120 1003 4177 ii.
1021 4121 1067 4193 14,
1084 4119 1141 4191 15;
1164 4116 1245 4174 Deus
1258 4135 1338 4191 vero,

134 4201 167 4250 ut
181 4211 259 4252 mors
273 4192 365 4270 ipsius
379 4195 498 4256 haberet
512 4197 640 4257 valorem
654 4198 807 4273 infinitum,
822 4198 872 4276 qui
893 4206 1031 4258 creatura
1045 4195 1163 4254 modum
1177 4194 1339 4270 excederet,

135 4278 164 4330 et
177 4279 210 4330 ut
223 4281 316 4331 morte
330 4284 464 4352 superata
478 4275 508 4334 in
523 4285 661 4336 aeternum
675 4298 741 4336 cum
752 4279 812 4338 suis
823 4279 954 4354 viveret;
978 4278 1017 4335 Et
1030 4295 1067 4334 ex
1081 4283 1204 4352 utroque
1217 4274 1339 4348 medius,

142 2413 223 2460 Homo
233 2416 364 2462 offendens.

134 4356 167 4408 nt
180 4350 211 4408 in
224 4359 329 4411 natura
341 4355 422 4431 prius
435 4354 550 4431 faceret,
566 4357 644 4434 quod
657 4358 688 4416 in
702 4357 795 4434 grstia
808 4367 909 4436 postea
922 4357 1034 4415 efficere
1048 4354 1180 4414 debebat.

173 4430 251 4488 XII.
273 4432 374 4510 Atque
388 4434 436 4492 hic
450 4435 625 4513 superfluum
639 4437 756 4496 videtur
769 4457 905 4514 quaerere,
922 4436 971 4494 An
985 4435 1079 4494 foedus
1092 4435 1147 4492 hoc
1162 4438 1341 4491 conuectum

134 4505 218 4601 sperit
233 4529 299 4569 cum
314 4511 438 4589 Christo,
454 4522 592 4594 tanquam
606 4516 697 4576 altera
715 4525 795 4594 perte
810 4516 1005 4590 contrahente,
1021 4523 1050 4573 et
1071 4515 1101 4571 in
1121 4513 1184 4591 ipso
1199 4529 1264 4568 cum
1278 4519 1341 4570 toto

135 4605 196 4662 cJus
212 4589 339 4667 Semina,
353 4601 387 4652 ut
400 4593 524 4670 primum
538 4595 633 4655 foedus
653 4617 719 4656 cum
732 4596 849 4656 Adamo
869 4605 986 4674 pactum
1006 4594 1107 4670 fuerat,
1130 4601 1159 4651 et
1180 4591 1210 4649 in
1224 4589 1341 4648 Adnmo

136 4683 198 4726 cum
213 4676 276 4729 tcta
289 4670 353 4747 ejus
366 4675 553 4749 posteritate:
575 4675 654 4754 quod
667 4695 725 4734 non
739 4675 838 4754 paucis
852 4676 955 4755 placet,
971 4675 1040 4753 quia
1059 4671 1263 4752 promissiones
1284 4669 1341 4748 ipsi
