3152 5198
195 363 253 419 568
577 373 668 415 rocus
689 375 818 416 nncrnus
839 375 958 416 suxrus.
1209 355 1337 438 [unser.
1354 375 1402 416 ru.

197 519 266 577 alibi
281 537 312 578 se
326 516 479 576 destitutos
500 515 633 592 fatemur,
658 517 736 577 Psul.
758 538 846 576 cxxx.
862 521 889 593 3,
905 525 934 576 et
955 517 1045 577 cxliii.
1066 521 1095 593 2,
1111 517 1163 576 sed
1174 519 1285 594 justitia
1300 537 1403 592 curum,

198 619 284 676 quam
299 597 462 672 tuebantur,
475 605 504 656 et
517 606 734 674 propterquam
744 598 782 656 ab
793 598 888 674 impiis
900 599 1129 674 persecutionem
1144 598 1340 676 patiebantur;
1356 599 1407 656 vel

199 679 223 738 si
234 677 407 755 intelligitur
417 677 532 754 justitia
546 697 683 754 personae,
695 687 807 736 nonest
820 678 991 737 universalis
1005 686 1035 738 et
1048 679 1190 752 absoluta,
1201 697 1266 756 quae
1280 678 1311 735 in
1325 677 1407 735 nullo

198 756 363 818 mortalium
384 755 477 832 datur,
501 757 552 816 sed
568 757 756 832 particularis
782 757 877 834 quoad
902 767 996 818 certos
1015 767 1105 832 actus,
1122 758 1153 816 in
1166 759 1272 835 quibus
1285 758 1361 816 bene
1376 777 1409 815 se

199 858 300 916 gerere
315 845 437 915 possunt
451 857 488 895 ex
503 836 559 895 Dei
573 837 674 914 gratis,
698 837 793 912 qualis
806 837 862 897 fuit
874 838 949 897 actio
965 839 1110 912 Phineazi,
1129 859 1194 914 quse
1208 838 1251 896 illi
1266 837 1410 914 imputate

201 927 245 978 est
266 917 303 976 ad
321 917 474 995 justitiam,
496 924 525 973 et
546 926 723 991 comparata,
744 938 804 976 non
822 918 912 977 relate
926 917 964 976 ad
979 919 1082 994 Deum,
1105 917 1157 978 sed
1171 917 1208 976 od
1222 917 1336 996 impios,
1358 917 1409 994 qui

201 999 345 1057 immerito
359 1017 409 1056 eos
423 995 680 1054 calumniabantur.

243 1077 367 1136 XXVI.
391 1074 542 1151 Propertio
566 1075 692 1135 hominis
716 1076 754 1134 ad
768 1096 910 1137 summum
935 1078 1051 1152 bonum,
1066 1079 1115 1138 vel
1129 1087 1225 1138 estex
1239 1077 1410 1154 praecripto

203 1157 299 1232 Legis,
317 1156 382 1213 Hoc
397 1154 442 1213 fac
457 1163 486 1214 et
500 1155 592 1230 vives,
607 1156 656 1214 vel
680 1176 717 1214 ex
731 1157 844 1216 indulto
859 1158 977 1217 Gratiae.
1021 1158 1114 1217 Priori
1135 1177 1221 1217 sensu
1235 1158 1323 1216 homo
1334 1158 1408 1215 inte-

201 1257 254 1313 ger
276 1235 490 1312 proportionem
511 1235 663 1295 habuisset
684 1237 722 1295 ad
736 1257 878 1296 summum
898 1238 1015 1297 bonum.
1059 1237 1118 1298 Sed
1131 1258 1183 1316 per
1194 1246 1347 1315 peccatum
1362 1238 1411 1294 ria

201 1317 252 1374 illa
269 1317 330 1394 jam
346 1315 453 1390 clausa,
479 1315 536 1374 alia
549 1316 705 1392 quaerenda
726 1315 780 1376 fuit
802 1317 832 1374 in
847 1317 970 1392 Christo,
986 1319 1035 1394 qui
1061 1319 1169 1396 Legem
1191 1338 1243 1394 pro
1257 1317 1342 1375 nobis
1357 1317 1410 1373 im·

202 1395 316 1474 plcndo,
336 1396 387 1472 jus
414 1395 498 1455 nobis
526 1395 564 1454 ad
588 1415 731 1454 summurn
758 1397 866 1456 bonum
894 1417 946 1456 seu
974 1399 1064 1456 vitam
1086 1407 1221 1456 aeternam
1242 1397 1409 1473 acquisivit

203 1479 298 1551 Quum
313 1495 383 1552 ergo
397 1475 459 1535 vita
473 1475 578 1534 dicitur
592 1475 687 1534 danda
700 1476 756 1554 piis
770 1484 800 1536 et
810 1476 907 1554 justis,
923 1485 1039 1536 notatur
1053 1478 1177 1556 qualitas
1191 1498 1243 1536 scu
1256 1476 1411 1553 dispositio

203 1556 336 1634 subjecti,
353 1557 432 1632 quod
445 1557 507 1615 vita
520 1557 606 1634 potiri
621 1557 715 1630 debet,
730 1576 789 1615 non
803 1575 874 1615 vero
885 1577 972 1616 causa
982 1557 1049 1616 talis
1059 1558 1128 1616 boni
1136 1579 1144 1634 ;
1156 1557 1195 1616 id.
1205 1556 1302 1634 poclm
1311 1556 1413 1614 felices

203 1657 266 1696 esse
281 1637 414 1712 debeant,
430 1656 488 1695 uon
503 1656 592 1712 querc
603 1645 632 1694 et
642 1645 762 1713 propter
775 1637 852 1712 quid.

245 1717 388 1776 XXVII.
413 1717 495 1776 Licet
519 1717 564 1790 iis,
589 1717 695 1792 quibus
728 1716 887 1792 imputatur
913 1716 1077 1776 Satisfactio
1100 1717 1216 1790 Christi,
1241 1715 1415 1775 infundatur

203 1797 290 1856 etiarn
304 1797 422 1856 habitus
439 1796 569 1874 justitia,
592 1797 643 1872 qui
664 1816 682 1855 a
705 1797 803 1873 parvis
824 1797 916 1856 initiis
936 1797 1074 1874 paulatim
1088 1797 1236 1856 contendit
1249 1797 1287 1854 ad
1300 1795 1413 1873 perfec-

203 1878 320 1951 tionem,
336 1896 422 1953 quam
438 1877 468 1934 in
482 1876 641 1935 alteravita
654 1885 766 1936 tantum
780 1896 981 1954 assequemur,
998 1885 1027 1936 et
1037 1878 1094 1936 isto
1104 1878 1205 1937 habitu
1216 1877 1366 1936 moraliter
1381 1883 1415 1934 et

204 1958 377 2016 inhaerenter
394 1957 466 2034 justi
481 1956 651 2034 incipiamus
662 1976 744 2031 esse,
765 1977 824 2015 non
838 1977 992 2034 possumus
1006 1966 1103 2016 tamen
1113 1958 1187 2036 justi
1200 1957 1259 2016 dici
1272 1955 1363 2015 relate
1375 1955 1416 2014 ad

201 2037 344 2115 judicium
358 2036 499 2095 divinum.
542 2037 586 2094 Eo
601 2037 677 2096 enim
688 2037 760 2112 justi
774 2045 886 2097 tantum
897 2038 1099 2097 constituimur
1112 2038 1142 2096 in
1154 2037 1215 2096 foro
1229 2037 1338 2111 divino,
1354 2055 1417 2113 quo
1435 2049 1440 2055 '

204 2117 314 2175 diluere
337 2135 490 2194 possumus
514 2118 734 2190 accusationem,
757 2137 815 2194 qua
839 2117 1039 2176 insimulemur
1059 2117 1178 2194 peccati,
1194 2127 1253 2176 tarn
1274 2116 1417 2193 praeteriti

204 2217 291 2272 quam
316 2197 474 2273 praesentis.
517 2197 560 2255 At
583 2197 651 2255 talis
666 2197 788 2274 justitiae
801 2197 918 2256 habitus
932 2199 1084 2256 inchoatus
1097 2198 1184 2256 talem
1198 2197 1416 2256 accusationem

204 2275 315 2334 diluere
329 2276 437 2350 nequit,
449 2278 510 2334 sive
521 2295 585 2334 eam
596 2276 698 2334 falsam
709 2275 864 2352 reddendo,
881 2277 949 2354 quia
960 2285 1073 2336 constat
1084 2297 1196 2356 semper
1203 2297 1257 2336 nos
1266 2296 1415 2354 peccasse,

205 2364 292 2430 atque
306 2353 379 2411 adeo
393 2374 458 2412 reos
472 2373 544 2427 esse,
561 2357 623 2412 sive
638 2375 700 2412 eam
715 2357 909 2434 expungendo
930 2377 981 2434 per
1003 2358 1174 2417 solutionem
1189 2377 1282 2434 poenae
1296 2355 1417 2430 debite,

205 2433 345 2511 quianon
358 2441 454 2508 potest
467 2433 574 2490 habere
587 2433 727 2490 rationem
743 2436 946 2496 satisfactionis
965 2458 1017 2515 pro
1031 2439 1156 2516 peccatis
1170 2435 1341 2508 commissis,
1356 2456 1419 2513 qua

205 2532 304 2573 eorum
316 2521 411 2570 reatus
422 2511 559 2587 tollatur,
581 2531 647 2568 nam
656 2531 690 2570 eo
701 2512 795 2572 tendit
803 2523 836 2572 ut
850 2535 907 2574 non
918 2537 1070 2594 peccemus
1084 2517 1112 2574 in
1125 2527 1279 2596 posterum,
1292 2515 1344 2574 scd
1355 2536 1418 2574 non

205 2601 301 2673 potest
314 2592 406 2652 facere
421 2601 525 2652 utnon
539 2592 762 2670 peccaverimus,
778 2601 864 2670 atque
878 2596 951 2655 adeo
965 2618 1024 2657 non
1038 2617 1174 2676 egeamus
1190 2597 1306 2674 justitie
1319 2596 1420 2655 aliena

205 2673 290 2734 nobis
304 2673 444 2751 imputata
458 2671 495 2730 ad
505 2670 741 2750 justificationem
752 2682 889 2734 nostram.

671 2856 865 2949 durusne
887 2875 946 2934 111.

207 2992 254 3051 Aa
274 2991 392 3050 Justitr'a
414 2999 440 3048 et
463 2991 625 3052 obedienta
649 2993 758 3054 Christi
778 2995 855 3052 nobis
879 2995 1017 3070 imputata
1040 2995 1077 3053 sit
1102 3015 1189 3053 consa
1216 2995 1362 3052 trimitaria
1392 3003 1421 3052 ct

240 3073 458 3212 ἐξηὲζέῑὴῖηὶωη
472 3082 575 3130 austrea
585 3075 796 3152 Justficatr'ems
809 3095 907 3133 coram
917 3076 1006 3132 Deo!
1047 3073 1160 3134 Affirm.
1174 3083 1265 3134 contr.
1282 3073 1419 3132 Pontifio.

249 3311 275 3370 Ι.
298 3311 419 3388 Rejecta
444 3311 517 3370 falsu
541 3321 571 3372 et
593 3313 731 3374 ementita
747 3313 963 3392 justificationis
986 3322 1093 3373 nostrae
1108 3333 1195 3374 causa
1209 3313 1365 3392 impulsiva
1388 3321 1419 3372 et

209 3391 364 3465 meritoria,
379 3409 444 3466 quae
459 3391 489 3447 in
504 3390 626 3452 lustitia
638 3394 797 3454 inhaerente
811 3395 969 3454 collocatur
982 3415 1001 3452 a
1015 3394 1192 3470 Pontificiis5
1214 3413 1284 3452 vera
1300 3394 1363 3470 jam
1388 3401 1419 3452 ct

209 3469 336 3547 genuina
350 3489 386 3527 ex
404 3469 551 3545 Scriptura
565 3473 721 3548 aperienda
734 3482 787 3548 est,
802 3474 925 3534 Justitia
935 3474 1070 3534 nimirum
1079 3481 1109 3533 et
1123 3473 1295 3534 Obedientia
1309 3472 1420 3531 Christi

209 3549 293 3607 nobis
308 3566 325 3604 a
340 3547 403 3605 Deo
417 3548 566 3624 imputata.
610 3553 700 3629 Cujus
724 3554 832 3613 veritas
855 3563 885 3614 et
909 3553 1011 3614 modus
1025 3563 1058 3614 ut
1071 3554 1177 3613 elarius
1190 3553 1373 3632 percipiatur,
1389 3561 1421 3611 et

209 3627 312 3768 fgrtius
335 3626 492 3766 τῗίῐέηθειῖιιτ
505 3637 606 3688 contra
620 3631 863 3692 Adversariorum
886 3635 999 3710 cavilla,
1023 3635 1097 3693 Haee
1111 3635 1140 3692 in
1154 3643 1334 3693 antecessum
1350 3641 1419 3692 suut

210 3727 352 3768 oservan
393 3751 400 3765 .

514 3787 556 3847 II.
572 3787 678 3864 Primo,
690 3791 878 3868 supponimus
890 3794 911 3852 J
913 3793 1133 3854 ustificationem
1143 3813 1206 3853 esse
1215 3801 1313 3854 actum
1323 3793 1420 3852 soren-

211 3871 339 3916 stannus
363 3867 452 3914 0³¹10·
473 3887 533 3928 eem
549 3868 613 3946 Dei,
637 3878 670 3929 ut
687 3870 749 3948 jam
773 3872 934 3948 probatum,
949 3893 1007 3933 non
1032 3884 1065 3934 ut
1079 3874 1275 3934 Creditoriset
1288 3894 1421 3952 personae

240 3927 452 4032 {lffignfflffi
472 3949 603 4028 private,
629 3951 680 4010 sed
704 3960 737 4009 ut
762 3951 895 4012 ltectoris
909 3962 938 4012 et
956 3954 1073 4014 Judieis
1087 3973 1138 4032 pro
1152 3955 1289 4015 tribunali
1304 3963 1420 4014 senten-

242 4045 343 4091 chrnu.
473 4029 541 4089 tiam
571 4032 608 4091 de
638 4031 722 4091 nobis
751 4031 878 4093 ferentis.
940 4038 968 4093 2.
991 4035 1101 4094 Actum
1129 4054 1192 4094 esse
1221 4055 1279 4094 non
1302 4034 1421 4094 Judicis

471 4111 638 4187 subalterni,
664 4111 715 4190 qui
739 4113 777 4171 ad
802 4113 890 4190 Legis
914 4113 1066 4173 formulam
1091 4114 1289 4192 adstringitur,
1305 4114 1358 4174 sed
1372 4135 1420 4174 su-

211 4190 304 4270 premi
317 4189 508 4268 Magistratus
522 4200 551 4251 et
566 4192 716 4270 Principis,
732 4193 771 4252 ad
784 4213 870 4270 quem
884 4194 977 4254 solum
998 4195 1123 4272 pertinet
1136 4215 1188 4273 pro
1205 4196 1272 4274 jure
1286 4215 1339 4255 suo
1353 4203 1422 4250 ater

211 4281 335 4343 scamaras
356 4270 479 4348 gratiam
501 4270 595 4331 facere
618 4273 685 4348 reis,
709 4281 738 4332 et
751 4275 881 4332 relaxare
896 4273 931 4333 de
945 4274 1041 4354 rigore
1053 4275 1165 4353 Legum
1190 4275 1358 4353 positarum.
1390 4277 1421 4334 3.

212 4349 308 4408 Deum
330 4349 377 4408 hic
401 4369 459 4408 non
482 4351 581 4412 sedere
603 4351 633 4410 in
647 4353 751 4412 throno
765 4353 903 4428 Justitiae,
918 4361 951 4414 ut
965 4363 1034 4432 agat
1048 4365 1113 4411 nse
1124 4365 1150 4412 et
1161 4361 1324 4430 serenitas„
1345 4365 1419 4428 aspre,

213 4427 265 4488 sed
279 4428 309 4486 in
323 4429 426 4489 throno
449 4430 566 4506 Gratia,
582 4440 615 4490 ut
629 4442 698 4510 agat
713 4434 802 4509 juxta
815 4442 930 4490 tertianas
952 4433 1170 4513 Evangelicam.
1213 4441 1241 4496 4.
1264 4435 1311 4494 Ita
1332 4457 1420 4514 agere

212 4528 250 4566 ex
263 4507 466 4584 misericordia,
481 4519 514 4568 ut
526 4511 583 4570 hoe
597 4515 646 4570 fiat
659 4522 755 4571 tamen
769 4512 861 4572 illesa
877 4514 1000 4590 justitia,
1015 4537 1081 4592 qua
1095 4536 1161 4574 curn
1182 4537 1240 4576 non
1253 4517 1345 4592 possit
1359 4519 1421 4594 pati

212 4585 307 4659 Leges
322 4606 389 4645 suas
403 4587 519 4664 impune
534 4590 645 4664 violari,
658 4601 687 4650 et
700 4599 849 4668 peccatum
875 4593 997 4654 inultum
1019 4595 1107 4672 abire,
1122 4597 1243 4673 requirit
1256 4597 1421 4657 necessario

211 4669 290 4730 aloen
304 4663 429 4740 aliquod,
445 4685 502 4742 quo
517 4668 571 4743 ipsi
586 4669 716 4726 satisfiat.
