3146 5210
139 371 253 420 ourssr.
270 351 348 434 xia]
492 373 793 416 risorrrororuarsr1
811 375 1005 416 nunraronro.
1290 361 1348 418 403

137 513 268 572 voluisse
282 520 312 571 et
326 512 488 574 decrevisse
503 516 583 590 mori,
600 525 628 575 et
643 517 735 593 pretio
750 516 851 576 mortis
863 516 977 575 infinito
998 515 1103 574 addere
1118 516 1349 576 efficacissimam-

138 603 169 652 et
184 593 360 670 singularem
375 593 533 653 voluntatis
546 615 598 673 pro
621 596 680 654 illis
704 617 767 656 sese
792 594 995 672 substituendi,
1018 604 1046 654 ct
1059 596 1146 654 fidem
1161 617 1195 654 uo
1210 607 1346 657 statutem

138 673 199 732 illis
213 671 383 749 acquirendi
396 673 592 734 intentionem.

445 754 504 816 IX.
529 755 614 815 Unde
644 755 743 815 Status
771 755 945 830 Quaestionis
973 755 1056 814 facile
1071 755 1202 830 elicitur;
1231 760 1255 814 1.
1280 757 1345 816 Non

161 810 359 914 Shlfflnssfm'
406 832 549 908 Quaeritur
563 835 599 894 de
607 837 703 912 pretio
717 846 744 894 et
755 836 918 908 sufficientia
933 836 1029 893 mortis
1045 835 1157 910 Christi,
1174 836 1222 892 An
1239 836 1346 896 Christi

405 933 482 973 mors
492 935 544 991 per
558 934 588 973 se
600 915 745 974 sufficiens
764 917 802 975 sit
812 916 850 973 ad
874 916 996 974 salutem
1012 916 1161 973 ninnium?
1203 916 1346 994 Utrinque

138 994 217 1054 euim
232 1003 276 1052 est
291 994 321 1052 in
335 992 474 1069 confesso,
497 1014 562 1053 oum
583 995 621 1054 sit
641 995 748 1053 infiniti
769 996 884 1070 valoris,
907 995 1177 1054 sufficientissimam
1198 995 1286 1054 fnisse
1309 997 1346 1054 ad

139 1074 367 1150 redemptionem
382 1073 509 1133 omnium
524 1083 554 1132 et
567 1075 755 1152 singulorum,
769 1076 794 1133 si
804 1076 866 1133 Deo
881 1075 976 1133 visum
992 1074 1093 1134 fuisset
1107 1076 1186 1132 illam
1201 1075 1238 1132 ud
1252 1084 1343 1134 totum

139 1155 279 1212 mnndum
294 1153 459 1212 extendere.
502 1155 540 1212 Et
553 1154 610 1214 huc
632 1156 756 1231 pertinet
778 1155 926 1214 distinctio
945 1175 962 1212 a
976 1155 1110 1214 Patribus
1125 1165 1269 1231 usurpata,
1286 1165 1347 1216 ete

138 1234 228 1292 variis
243 1233 401 1310 Theologis
414 1242 534 1310 retenta,
551 1235 698 1293 Christum
719 1245 864 1294 mortuum
886 1255 949 1294 esse
963 1236 1129 1307 sufficienter
1137 1256 1196 1310 pro
1211 1237 1344 1312 onznihru,

138 1313 192 1372 sed
206 1314 353 1385 efficaciter
367 1320 475 1372 tantum
486 1334 542 1389 pro
557 1315 670 1373 Electus.
714 1315 787 1372 Haee
809 1315 885 1372 enim
907 1314 943 1372 de
965 1315 1065 1372 mortis
1081 1315 1189 1374 Christi
1203 1315 1345 1392 dignitate

140 1393 288 1453 intellecta
301 1393 453 1451 verissime
467 1403 519 1469 est,
534 1414 699 1471 quanquam
713 1394 826 1471 phrasis
837 1395 933 1452 minus
944 1393 981 1452 sit
995 1403 1136 1470 accurate,
1153 1395 1178 1452 si
1191 1394 1229 1452 ad
1243 1396 1346 1454 volun·

140 1481 230 1532 tatem
244 1481 274 1532 et
288 1473 440 1531 consilium
452 1473 558 1532 Christi
570 1473 716 1533 referatur.
731 1473 788 1533 Sed
800 1474 938 1550 quaeritur
946 1473 1059 1550 proprie
1071 1474 1107 1532 de
1118 1475 1232 1533 coasilio
1246 1472 1347 1534 Porro

140 1553 170 1610 in
186 1551 326 1612 tredendo
341 1552 418 1610 Filio
433 1572 493 1627 suo,
509 1562 539 1612 et
553 1553 589 1612 de
604 1554 751 1612 intentione
763 1553 870 1613 Christi
879 1555 1029 1612 morientis.
1060 1553 1109 1610 An
1121 1557 1207 1611 Pater
1221 1553 1345 1613 destina·

140 1633 216 1692 verit
230 1633 339 1690 Filium
362 1651 445 1691 suurn
470 1633 604 1692 omnibus
626 1641 655 1692 et
678 1634 809 1710 singulis,
826 1642 855 1692 et
880 1633 963 1691 Filus
977 1653 1011 1690 co
1026 1633 1147 1691 consilio
1162 1641 1190 1692 et
1204 1652 1239 1690 ea
1253 1634 1345 1692 inten-

139 1712 219 1771 tione
229 1713 354 1788 seipsum
364 1712 451 1771 morti
459 1711 618 1788 tradiderit,
627 1721 661 1772 ut
670 1733 700 1771 se
712 1713 840 1772 omnium
851 1721 880 1770 et
889 1712 1068 1789 singulorum
1080 1713 1144 1770 loco
1160 1713 1347 1772 substitueret

140 1791 179 1850 ad
194 1791 426 1850 satisfaciendum
441 1813 492 1869 pro
514 1792 580 1866 illis,
597 1800 626 1852 et
647 1793 770 1852 sulutem
791 1791 861 1869 ipsis
878 1790 1106 1868 requirendam?
1147 1791 1197 1848 An
1210 1811 1280 1850 vero
1295 1813 1347 1869 pro

143 1871 253 1930 Electis
268 1872 345 1946 solis,
361 1872 411 1948 qui
426 1892 443 1930 a
457 1875 542 1930 Patre
557 1871 601 1930 illi
614 1872 674 1931 dati
696 1873 754 1931 sint
773 1871 942 1946 redimendi,
959 1879 987 1930 et
1002 1892 1123 1947 quorum
1139 1873 1233 1948 Caput
1247 1871 1348 1932 debuit

141 1970 215 2025 csse,
226 1951 350 2028 seipsum
362 1951 474 2012 madere
486 1951 634 2011 voluerit?
675 1952 720 2010 Eo
731 1971 802 2028 ergo
809 1951 991 2010 reducendus
1002 1961 1046 2010 est
1058 1951 1151 2010 Cardo
1163 1951 1346 2026 Quaestionia

141 2038 175 2089 ut
189 2039 298 2106 agatur,
314 2052 373 2089 non
393 2031 429 2090 de
451 2041 554 2091 natura
574 2041 604 2090 et
624 2032 731 2090 virtute
753 2031 861 2091 Christi
881 2031 982 2090 mortis
1003 2032 1034 2089 in
1055 2051 1094 2106 se,
1110 2031 1162 2090 sed
1176 2030 1212 2088 de
1227 2032 1348 2090 consilio

141 2111 236 2168 Patris
250 2111 331 2169 illum
345 2111 525 2186 destinantis,
542 2119 571 2170 ct
584 2111 744 2171 intentione
759 2111 866 2170 Christi
880 2111 959 2168 illam
974 2111 1133 2170 subeuntis.
1177 2110 1263 2170 Unde
1277 2111 1348 2171 satis

144 2191 245 2267 liquet,
261 2210 319 2250 non
335 2191 382 2248 hic
396 2191 445 2268 agi
460 2191 495 2250 de
511 2191 659 2250 voluntate
674 2199 786 2250 tantum
801 2193 948 2272 ιῦαςεηίις,
964 2201 996 2249 nt
1010 2191 1168 2250 identidem
1182 2191 1320 2250 asseritur
1333 2211 1351 2249 a

142 2269 223 2328 Viris
239 2271 349 2346 Doctis,
365 2271 417 2328 sed
442 2270 477 2330 de
500 2272 650 2330 voluntate
672 2267 789 2346 adimis,
806 2273 861 2330 sub
882 2291 970 2349 quam
990 2271 1155 2330 missionem
1177 2279 1206 2328 et
1227 2280 1348 2330 mortem

142 2349 251 2408 Christi
264 2350 366 2409 cadere
380 2369 465 2408 nemo
479 2371 585 2427 negare
600 2362 704 2427 potest.

184 2429 226 2486 X.
249 2433 276 2487 2.
299 2429 364 2488 Non
380 2430 531 2506 Quaeritur,
549 2432 593 2489 De
599 2435 700 2504 fructu
714 2440 741 2488 et
754 2432 877 2505 efficacia
892 2431 988 2489 morth
1011 2429 1126 2504 Christi,
1143 2429 1192 2486 An
1207 2450 1306 2489 omnes
1320 2439 1350 2490 et

142 2508 251 2585 singuli
262 2511 323 2584 ejus
338 2509 408 2568 fiant
422 2518 488 2568 actu
502 2510 680 2588 participes?
700 2511 778 2588 quod
791 2509 915 2570 Paccius
926 2520 955 2569 et
967 2511 1104 2569 Huberus
1119 2509 1188 2567 olim
1203 2511 1348 2571 volebant.

140 2587 316 2664 Agnoscunt
331 2590 406 2646 enim
421 2589 486 2646 Viri
503 2591 589 2649 Docti
604 2591 682 2648 illurn
698 2591 735 2648 ad
749 2591 849 2649 fideles
864 2591 941 2649 solos
958 2591 1085 2649 extendi.
1130 2589 1188 2648 Sed
1201 2591 1299 2667 agitur
1312 2592 1348 2650 de

140 2669 324 2728 destinatione
334 2669 393 2727 Dei
406 2669 545 2728 mittentis
561 2671 667 2728 Filium
678 2671 709 2727 in
719 2670 867 2746 mundum,
885 2671 923 2728 Iit
936 2673 971 2728 de
981 2671 1128 2728 intentione
1145 2671 1251 2728 Christi
1263 2671 1348 2730 mori·

140 2749 210 2807 entis
218 2773 230 2820 ;
253 2748 301 2806 Au
316 2769 349 2807 ea
363 2749 523 2824 respexerit
537 2769 637 2808 omnes
661 2759 690 2809 et
713 2750 844 2827 singulos
867 2749 1007 2824 homines,
1036 2758 1069 2807 ut
1093 2749 1225 2807 Christus
1240 2770 1270 2806 se
1285 2750 1349 2809 loco

140 2828 256 2886 illorum
271 2828 481 2904 substituend0,
498 2850 549 2906 pro
564 2830 622 2888 illis
637 2829 823 2904 satisfaceret,
839 2841 868 2888 ct
890 2829 1088 2888 remissionem
1107 2839 1298 2904 peccatorum,
1315 2849 1349 2888 ac

141 2909 263 2966 salutem
274 2908 458 2984 impetraret?
479 2909 529 2966 An
537 2929 606 2968 vero
616 2909 693 2968 solos
704 2910 840 2968 Eiectos?
862 2909 946 2967 Prius
955 2907 1104 2983 affirmant,
1119 2907 1179 2966 Nos
1190 2905 1347 2968 Posterius.

184 2987 243 3046 XI.
265 2991 292 3046 3.
316 2989 382 3047 Non
398 2989 548 3063 Quaeritur,
579 2989 628 3046 An
651 2989 801 3047 occasione
829 2989 930 3046 mortis
955 2987 1070 3062 Christi,
1096 2987 1187 3045 mults
1215 2988 1290 3045 bona
1304 3009 1348 3048 re·

141 3067 240 3144 probis
253 3087 367 3145 quoque
382 3068 558 3146 obtingant?
600 3069 666 3127 Hoc
681 3071 757 3128 eninr
771 3068 857 3126 morti
882 3067 989 3125 Christi
1011 3067 1140 3140 debetur,
1156 3066 1234 3143 qnod
1249 3068 1348 3126 Even-

140 3147 249 3225 gelinm
264 3147 435 3225 predicetur
448 3148 527 3207 omni
550 3149 704 3224 Creaturae,
729 3148 809 3225 quod
832 3167 929 3206 orasse
950 3145 1114 3204 idololatria
1136 3145 1297 3205 Gentilium
1311 3167 1349 3205 ex

141 3228 240 3287 multis
255 3227 355 3286 mundi
370 3228 500 3305 partibus
514 3228 623 3287 abolita
637 3228 683 3302 sit,
699 3227 778 3306 quod
799 3227 931 3304 impietus
952 3226 1071 3303 profana
1094 3226 1242 3284 hominum
1258 3227 1349 3285 Verbi

143 3306 245 3364 Divini
259 3308 347 3366 lraeno
362 3328 420 3366 non
435 3329 535 3385 parum
550 3315 724 3383 coerceatur,
741 3317 769 3366 et
784 3307 861 3383 quod
873 3306 1003 3364 nonnulli
1018 3306 1109 3364 multa
1123 3313 1152 3364 et
1166 3306 1347 3383 excellentie,

139 3387 208 3446 licet
217 3406 274 3445 non
284 3388 421 3446 salutaria
432 3387 556 3465 Spiritus
567 3387 666 3446 Sancti
677 3388 753 3446 dona
762 3388 929 3464 plerumque
939 3387 1102 3445 obtineant:
1125 3383 1189 3462 qu'ae
1199 3387 1295 3444 omnia
1309 3406 1348 3445 ex

140 3475 232 3525 morte
247 3465 354 3526 Christi
370 3465 458 3526 fluere
473 3475 583 3526 certum
595 3477 648 3542 est,
661 3466 895 3544 quandoquidem
909 3466 990 3524 locus
1001 3465 1060 3524 illis
1072 3465 1157 3524 datus
1172 3485 1229 3523 non
1244 3466 1347 3526 fuisset

140 3547 172 3604 in
188 3546 327 3622 Ecclesia,
344 3547 401 3605 nisi
416 3547 547 3606 Christus
562 3555 693 3606 mortuus
707 3547 818 3606 fuisset.
862 3545 920 3605 Sed
935 3546 984 3604 An
998 3545 1122 3622 Sponsio
1137 3554 1166 3604 et
1183 3545 1347 3606 Satisfaetio

142 3627 250 3685 Christi
274 3647 312 3685 ex
333 3627 389 3684 Dei
403 3626 524 3686 consilio
538 3638 568 3686 et
584 3625 691 3685 Christi
706 3626 855 3684 voluntate
870 3626 998 3683 omnium
1022 3634 1052 3684 et
1079 3625 1259 3702 singulorum
1283 3626 1348 3685 loco

141 3705 293 3766 iactauit?
314 3705 393 3782 quod
406 3706 449 3764 illi
463 3706 582 3766 vellent.
609 3705 659 3763 An
673 3726 742 3764 vero
757 3713 868 3764 tanturn
884 3705 1072 3764 Electorum?
1093 3705 1171 3781 quod
1186 3707 1348 3764 statuimus.

443 3786 520 3844 XII.
544 3786 683 3844 Rationes
698 3793 774 3860 sunt,
793 3788 819 3843 l.
835 3784 909 3858 Quia
922 3785 1021 3844 missio
1033 3785 1148 3858 Christi,
1160 3795 1189 3842 et
1199 3786 1349 3862 ejusmors

140 3863 269 3908 onustum
283 3877 392 3909 nonssss
406 3867 590 3942 restringitur
618 3863 739 3924 subinde
764 3863 802 3922 ad
823 3862 972 3941 quosdam,
1002 3864 1040 3923 ed
1066 3866 1206 3939 Populum
1231 3863 1347 3938 Christi,

162 3925 389 4036 ζ’,ἷῖζωζζοξᾪζῗ
405 3945 442 4002 ad
473 3947 552 4020 Oves,
581 3944 619 4002 ad
646 3945 766 4019 Anticus,
791 3944 829 4002 ad
857 3945 1012 4002 Ecclesium
1037 3951 1067 4002 et
1092 3943 1202 4025 Corpus
1226 3944 1293 4016 ejus,
1319 3951 1349 4000 et

402 4044 547 4101 nunquam
563 4025 601 4083 ad
615 4043 714 4082 omnes
729 4033 758 4082 et
769 4023 907 4100 singulos,
928 4022 1101 4081 extenditur.
1146 4021 1194 4078 stc
1217 4021 1349 4080 Christus

142 4102 164 4163 J
166 4120 234 4162 esus
248 4101 352 4160 dicitur
366 4103 522 4178 vocandus,
538 4105 606 4180 quia
619 4114 782 4162 seruaturus
793 4113 856 4161 erat
864 4105 1002 4178 populum
1015 4121 1096 4157 suum
1110 4121 1129 4156 a
1144 4101 1267 4174 peccatis
1280 4101 1345 4174 autb,

144 4181 251 4241 Matth.
266 4181 284 4238 i.
300 4186 347 4255 2l,
363 4191 392 4241 et
405 4183 474 4240 alibi
487 4184 758 4242 Seruator·vocatnr
783 4183 920 4258 Corporis
932 4181 984 4256 sui,
1014 4179 1089 4255 Eph.
1111 4197 1139 4236 r.
1165 4181 1212 4252 23,
1238 4177 1347 4238 Pastor

142 4265 238 4334 bonus,
255 4261 415 4336 quipoaere
429 4263 520 4320 debuit
533 4265 657 4321 auianum
668 4284 726 4339 pro
744 4263 844 4322 Ouihus
858 4263 923 4336 suia,
938 4261 959 4320 J
961 4259 1008 4318 oh.
1018 4279 1047 4316 x.
1062 4260 1108 4332 15,
1123 4266 1152 4316 et
1168 4277 1218 4334 pro
1232 4259 1344 4333 Amicis,

402 4342 473 4401 Joh.
499 4363 548 4400 xv.
574 4345 620 4418 13,
646 4351 673 4401 et
687 4343 815 4400 moriad
831 4341 997 4416 collipendos
1012 4338 1101 4396 Filios
1116 4337 1175 4394 Dei
1189 4357 1245 4413 per
1260 4346 1346 4396 totum

140 4422 179 4468 Εἰ
227 4420 380 4489 restrictione
401 4423 493 4479 orbem
507 4423 654 4498 desperem,
670 4423 691 4482 J
694 4423 741 4480 oh.
760 4422 802 4480 xi.
817 4425 864 4495 52,
880 4427 909 4478 et
923 4419 961 4478 ad
974 4417 1131 4478 Ecclesiam
1144 4417 1347 4493 acquirendam

170 4477 381 4591 ffrqtfmffilffl
397 4503 521 4577 proprio
534 4502 677 4578 sanquine,
704 4501 772 4561 Act.
794 4521 845 4558 xx.
861 4502 909 4572 28,
924 4509 953 4558 et
978 4498 1053 4575 Eph.
1068 4517 1097 4555 v.
1109 4499 1157 4572 25,
1173 4499 1221 4555 26.
1263 4496 1306 4554 At
1320 4497 1345 4555 si

404 4581 535 4642 Christus
549 4601 600 4659 pro
615 4582 748 4640 omnibus
762 4588 791 4638 et
805 4579 928 4657 singulis
942 4586 1072 4637 mortuus
1087 4586 1172 4653 esset,
1188 4577 1246 4634 Cur
1259 4576 1346 4635 toties

141 4661 291 4738 Scriptura
305 4662 368 4738 ejus
382 4667 502 4718 mortem
527 4659 564 4724 ad
579 4679 686 4738 paucos
709 4659 917 4736 restringeret?
958 4657 1109 4732 Quomodo
1133 4665 1230 4734 posset
1250 4655 1346 4716 dicere
