3186 5210
277 401 336 456 sto
669 407 761 448 cocus
782 403 912 445 oscruus
932 403 1067 452 scurrus.
1272 383 1402 467 [censa.
1424 405 1484 446 rvr,

280 557 374 617 trerire
388 553 550 619 videantur,
564 557 686 629 possunt
700 549 851 607 veritatem
866 566 947 605 suam
962 545 1047 604 sirnul
1068 543 1212 604 obtinere:
1235 544 1424 624 Impossibile
1447 557 1488 606 est

281 647 313 696 ut
325 634 423 694 David
431 634 548 708 electus,
559 641 589 691 et
596 632 642 690 vir
656 629 814 690 secundum
824 647 874 686 cor
886 626 949 695 Dei,
960 633 1059 702 pereat
1071 647 1078 701 ;
1095 625 1279 702 Impossibile
1295 635 1341 686 est
1351 636 1385 686 ut
1395 627 1488 685 David

281 716 438 774 adulteret
457 713 610 788 homicida,
636 713 661 770 si
683 729 761 768 mors
785 708 867 766 illum
892 705 1066 784 oppresserit
1079 705 1316 781 impoenitentem,
1343 717 1488 766 servetur:

283 795 361 855 Illud
383 795 494 852 ratione
517 793 634 852 Decreti
659 790 732 864 Dei;
766 788 832 846 Hoc
851 787 960 846 ratione
983 786 1136 862 gravitatis
1159 795 1189 844 et
1212 785 1348 845 demeriti
1372 787 1490 864 peceati.

284 875 342 935 Sed
356 875 465 934 nodum
478 876 555 932 hune
569 871 670 929 divina
684 867 871 928 Providentia
885 875 914 925 et
929 868 1022 944 gratia
1032 865 1128 940 solvit,
1140 866 1268 923 curando
1279 885 1317 924 ne
1333 867 1434 925 David
1448 867 1491 924 vel

281 957 359 1014 ulus
384 955 550 1012 Electorum
572 950 602 1008 iu
626 971 661 1008 eo
686 959 763 1008 statu
785 948 931 1023 moriatur,
946 948 977 1004 in
992 965 1049 1023 quo
1073 955 1190 1023 propter
1213 946 1458 1022 impoenitentiam
1476 968 1492 1004 a

283 1055 316 1096 sa
327 1043 376 1094 nte
390 1030 588 1092 excludendus
603 1039 688 1089 esset.

324 1113 445 1172 XLIII.
471 1111 502 1170 Si
516 1131 585 1169 vero
600 1111 745 1187 quaeritur,
757 1106 907 1182 Quomodo
921 1104 993 1166 fides
1008 1126 1073 1164 cum
1087 1106 1231 1164 atrocibus
1246 1106 1312 1164 istis
1323 1107 1452 1184 peccatis
1466 1109 1492 1164 in

283 1194 361 1252 fideli
376 1193 532 1252 subsistere
550 1198 653 1268 queat;
676 1189 760 1248 facile
775 1185 981 1264 respondetur:
1024 1185 1174 1260 Quomodo
1189 1187 1333 1244 cornaria
1347 1188 1379 1244 in
1394 1188 1491 1245 eodem

284 1273 415 1351 subjecto
429 1291 544 1330 manere
558 1278 688 1348 possunt,
705 1269 755 1327 sed
766 1269 796 1325 in
811 1267 902 1344 gradu
917 1266 1045 1326 remisso.
1089 1265 1131 1324 Ut
1146 1266 1219 1324 Caro
1233 1273 1263 1324 et
1278 1266 1406 1343 Spiritus
1429 1267 1492 1325 licet

283 1354 359 1412 inter
373 1373 403 1411 se
418 1372 530 1429 semper
543 1358 682 1429 pugnent,
703 1368 761 1406 non
782 1355 878 1405 tamen
893 1366 923 1404 se
938 1346 1083 1422 expellere
1104 1346 1219 1422 penitus
1232 1357 1365 1422 possunt,
1382 1347 1492 1404 durnin

282 1435 337 1493 hac
352 1433 525 1492 mortalitate
539 1431 685 1504 vivimus;
709 1429 747 1485 Et
761 1436 794 1484 ut
811 1427 934 1504 SpIritus
949 1425 1018 1483 dum
1039 1425 1178 1501 praevalet
1198 1425 1228 1482 in
1253 1426 1341 1500 lucta,
1358 1426 1491 1503 deprimit

283 1513 400 1592 quidem
416 1531 539 1585 carnem,
562 1510 613 1569 sed
635 1529 692 1567 uon
713 1507 827 1584 penitus
849 1505 980 1582 perimit;
1010 1505 1056 1563 Ita
1068 1504 1137 1562 dum
1152 1506 1226 1564 Caro
1240 1506 1423 1582 concupiscit
1442 1506 1488 1563 sd·

285 1613 386 1654 versus
403 1593 541 1670 Spiritum
555 1599 585 1649 et
598 1589 743 1648 hominem
758 1586 904 1663 captivum
912 1585 1029 1644 abducit
1038 1585 1091 1642 sub
1104 1585 1213 1660 Legem
1227 1587 1348 1662 peccati,
1366 1586 1490 1663 reprimit

285 1675 346 1732 vim
363 1674 494 1750 Spiritus,
511 1670 562 1730 sed
581 1689 638 1727 ιιοιι
660 1669 727 1726 ilico
752 1665 874 1725 destruit
896 1673 925 1723 et
950 1665 1069 1724 excutit.
1111 1664 1206 1723 Actus
1221 1665 1339 1741 quidem
1354 1665 1492 1742 peccami-

285 1755 350 1812 nosi
365 1774 421 1812 non
433 1760 554 1829 possunt
565 1749 721 1808 subsistere
730 1767 794 1806 cum
805 1741 917 1804 actibus
927 1745 1049 1822 justitiae
1061 1745 1208 1821 oppositis,
1222 1765 1249 1802 v.
1266 1765 1305 1822 g.,
1319 1756 1401 1804 actus
1415 1745 1492 1802 adul·

285 1835 359 1909 terii,
376 1837 440 1892 curn
455 1841 521 1891 actu
535 1829 684 1903 castitatis,
700 1837 782 1885 ectus
796 1825 1005 1884 incredulitatis
1014 1844 1079 1883 cum
1090 1833 1156 1882 actu
1164 1824 1243 1904 fidei,
1259 1834 1342 1884 actus
1357 1825 1417 1884 odii
1430 1845 1491 1882 eum

286 1923 353 1972 actu
366 1913 488 1987 amoris;
512 1910 634 1969 sednon
648 1915 879 1986 possunttamen
900 1906 1031 1964 habitum
1053 1905 1149 1981 ipsum
1174 1915 1321 1964 excutere.
1363 1906 1410 1964 Ita
1423 1904 1491 1962 nihil

287 1994 383 2052 obstet
397 1992 483 2050 fidem
498 2001 527 2049 et
541 1989 709 2050 charitatem
733 2006 850 2044 manere
872 1985 902 2042 in
924 1985 1040 2043 homine
1061 1993 1206 2062 peccante,
1223 1985 1275 2044 sed
1289 1984 1385 2062 quoad
1399 1995 1491 2043 actum

287 2073 420 2150 primum,
435 2091 493 2130 non
509 2069 674 2142 secundum,
691 2065 787 2144 quoad
802 2085 907 2140 semen,
918 2084 977 2122 uon
988 2064 1232 2140 quoadfructum,
1243 2065 1341 2142 quoad
1355 2065 1490 2138 habitum,

288 2153 340 2211 sed
354 2154 540 2228 languentem
552 2158 580 2208 et
593 2148 786 2220 imminutum,
801 2165 859 2202 ιιοιι
873 2145 969 2221 quoad
983 2145 1046 2222 ejus
1057 2144 1227 2202 exercitium
1242 2153 1271 2203 et
1285 2145 1472 2222 operationes

320 2231 446 2295 ¹XLIV.
470 2229 496 2288 N
499 2251 531 2288 ee
545 2230 599 2287 hec
614 2227 733 2300 ratione,
748 2235 781 2284 ut
795 2224 967 2283 cavillantur
982 2223 1161 2298 Adversarii,
1177 2223 1243 2283 idea
1256 2225 1395 2284 virtutum
1410 2225 1491 2301 plene

288 2311 487 2386 corrumpitur,
504 2309 572 2384 quia
585 2305 719 2366 dicuntur
734 2306 889 2364 subsistere
899 2325 964 2363 cum
976 2304 1121 2364 atrocibus
1142 2305 1276 2381 peccatis,
1288 2314 1321 2364 ut
1331 2303 1431 2363 fideles
1444 2303 1493 2362 de·

288 2389 375 2446 beant
385 2388 441 2445 dici
451 2396 566 2463 propter
576 2386 845 2444 inamissibilitatem
856 2384 932 2458 fidei,
940 2385 1026 2442 etiam
1035 2384 1085 2461 qui
1099 2383 1129 2440 in
1139 2383 1337 2443 infidelitatem
1346 2385 1491 2458 labentum

284 2467 358 2545 justi
374 2475 402 2524 et
416 2467 516 2540 saneti,
532 2466 582 2541 qui
597 2465 685 2522 variis
700 2463 849 2540 injustitias
873 2473 903 2523 et
917 2464 1089 2540 impuritatis
1104 2463 1237 2522 sordibus
1262 2483 1325 2523 sese
1344 2465 1492 2542 polluunt;

288 2547 368 2622 casti,
384 2545 434 2622 qui
458 2553 525 2603 sunt
548 2543 678 2618 adulteri,
695 2540 749 2600 &a
792 2543 866 2616 Quia
893 2563 959 2602 cum
982 2544 1040 2603 duo
1061 2544 1202 2621 principia
1223 2544 1254 2600 in
1278 2545 1394 2603 homine
1416 2543 1492 2602 fideli

290 2647 402 2704 semper
413 2626 525 2698 dentur,
539 2623 611 2682 Caro
626 2631 654 2682 et
671 2622 803 2699 Spiritus,
818 2622 891 2680 nihil
906 2623 1002 2683 obstat
1016 2623 1168 2700 quominus
1183 2623 1341 2682 secundum
1355 2625 1435 2682 varia
1448 2623 1496 2680 illa

289 2707 430 2786 principia
453 2705 535 2764 varia
549 2704 635 2763 etiam
650 2703 785 2763 sortiatur
798 2702 923 2778 nomina,
946 2712 979 2762 ut
1000 2702 1094 2761 fidelis
1108 2712 1137 2762 et
1147 2703 1245 2780 justus
1259 2705 1373 2762 dicatur
1386 2725 1403 2762 a
1416 2717 1494 2782 parte

291 2789 356 2863 Dei,
371 2789 421 2865 qui
435 2787 529 2863 ipsum
544 2785 632 2862 elegit
656 2792 685 2843 et
706 2781 836 2855 redemit,
863 2791 892 2841 et
914 2783 1024 2841 ratione
1041 2783 1182 2859 Spiritus;
1206 2783 1372 2842 incredulus
1386 2805 1455 2842 vcro
1468 2796 1495 2841 et

291 2869 417 2945 injustus
431 2889 448 2926 a
461 2875 542 2943 parte
557 2865 610 2940 sui,
626 2873 655 2924 et
669 2863 779 2922 ratione
795 2863 897 2920 carnis.
941 2863 1053 2920 Deinde
1064 2882 1129 2920 cum
1140 2863 1256 2922 habitus
1271 2865 1436 2940 perficiatur
1449 2883 1496 2940 per

291 2958 396 3022 actum,
412 2956 441 3006 et
456 2947 548 3006 virtus
567 2943 828 3004 denominationem
849 2950 951 3016 sumat,
967 2961 1025 3000 uon
1040 2949 1099 3000 tam
1114 2942 1149 3000 ab
1165 2943 1266 3002 habitu
1280 2943 1397 3019 latente,
1413 2963 1496 3020 quam

291 3027 328 3086 ab
343 3039 409 3086 actu
424 3047 487 3085 sese
502 3033 646 3099 exerente,
663 3021 820 3082 absurdum
835 3029 880 3080 est
893 3021 1007 3079 fidelem
1023 3021 1052 3078 in
1067 3021 1239 3081 adulterium
1255 3024 1302 3082 vel
1326 3024 1355 3080 in
1380 3025 1496 3082 homici-

291 3107 370 3166 dium
382 3106 535 3179 labentcm,
558 3113 670 3164 castum
684 3103 732 3160 vel
743 3103 841 3160 mitem
856 3121 967 3176 vocare,
984 3101 1052 3177 quia
1066 3111 1147 3161 actus
1162 3103 1308 3180 oppositos
1330 3104 1458 3163 castitati
1472 3113 1498 3162 et
1569 3115 1570 3172 t

291 3186 424 3246 charitati
435 3186 495 3245 edit
505 3190 517 3260 ;‘
527 3185 596 3243 licet
605 3183 721 3242 habitus
733 3181 889 3255 charitatis,
903 3180 953 3239 sed
968 3181 1098 3239 infirmus
1109 3190 1138 3240 et
1149 3183 1299 3259 languens,
1314 3183 1345 3240 in
1359 3203 1396 3242 eo
1409 3185 1498 3261 possit

291 3267 386 3324 adhuc
400 3285 559 3342 superesse.
602 3263 700 3340 Atque
715 3262 770 3320 hoc
781 3281 815 3319 οο
830 3261 922 3336 magis
937 3259 994 3318 dici
1009 3259 1103 3335 debet,
1124 3261 1202 3338 quod
1224 3263 1292 3322 licet
1314 3265 1428 3322 semina
1447 3265 1499 3321 ists

291 3356 321 3403 et
334 3345 451 3404 habitus
467 3347 605 3402 virtutum
620 3342 846 3402 Christianarum
860 3339 1012 3414 debilitati,
1029 3340 1080 3418 qui
1094 3341 1124 3398 in
1138 3341 1210 3418 ipsis
1224 3351 1349 3416 manent,
1365 3343 1430 3401 veri
1445 3345 1499 3402 sint

290 3423 320 3480 iu
336 3442 388 3480 suo
403 3443 525 3499 genere,
548 3442 605 3479 nou
620 3431 716 3479 temen
730 3429 852 3496 possunt
865 3419 923 3478 dici
943 3421 1090 3494 salutares,
1107 3431 1136 3479 et
1151 3422 1214 3479 Deo
1229 3423 1313 3498 grati,
1329 3423 1380 3499 qui
1395 3424 1500 3500 aptitu-

291 3500 388 3558 dinem
415 3503 576 3577 proximam
600 3500 659 3558 illis
687 3500 840 3558 concilient
864 3499 902 3556 ad
929 3499 1148 3575 ingrediendum
1170 3501 1200 3558 in
1221 3497 1345 3577 osclum,
1368 3504 1499 3579 quiahoc

291 3578 423 3638 obtinent
437 3589 549 3638 tantum
563 3579 673 3638 ratione
688 3589 803 3637 actuum
819 3599 944 3654 suorum,
968 3599 1026 3636 non
1049 3581 1160 3638 ratione
1184 3579 1344 3654 habituum,
1360 3603 1416 3642 nee
1430 3583 1500 3641 fides

287 3657 436 3736 justificat,
459 3658 515 3715 nisi
536 3667 712 3734 peractum,
734 3678 787 3716 nec
812 3659 937 3716 charitas
959 3667 1041 3734 grata
1062 3669 1107 3717 est
1131 3661 1193 3718 lleo
1215 3660 1271 3718 nisi
1293 3661 1362 3718 dum
1385 3682 1500 3721 exerce·

290 3747 346 3799 tur.

331 3818 429 3878 XLV.
453 3815 545 3876 Aliud
554 3825 598 3875 est
609 3815 742 3874 excidere
756 3836 775 3874 a
785 3816 867 3874 Statu
878 3819 989 3893 pratris,
1000 3827 1141 3895 quatenus
1152 3827 1234 3878 notat
1249 3820 1304 3878 Dei
1318 3822 1499 3896 beneficium,

290 3919 341 3960 seu
356 3899 550 3958 conditionem
563 3895 697 3966 filiorum,
711 3903 739 3954 et
750 3897 808 3955 Jus
822 3895 859 3954 ad
874 3897 972 3971 vitam,
989 3899 1067 3974 quod
1083 3899 1162 3958 Deus
1177 3899 1235 3957 illis
1249 3899 1361 3959 confert
1374 3922 1428 3978 per
1443 3901 1500 3959 Vo-

291 3981 433 4040 cationem
454 3977 597 4038 efficacem
623 3984 652 4034 et
677 3975 893 4053 Adoptionem;
919 3977 1012 4036 Aliud
1026 3999 1104 4053 vero,
1120 3988 1262 4056 quatenus
1274 3989 1355 4039 ιιοιιιι
1376 3981 1503 4040 hominis

290 4060 424 4135 officinm,
441 4079 492 4119 seu
506 4057 697 4134 aptitudinem
712 4064 742 4116 et
755 4055 973 4135 dispositionem
988 4057 1024 4115 ad
1035 4078 1156 4134 regnum
1171 4059 1308 4117 coelorum
1322 4080 1375 4138 per
1390 4061 1502 4137 praxim

289 4139 357 4198 fidei
372 4149 400 4198 et
415 4139 584 4198 exercitium
599 4137 784 4214 poenitentias,
800 4138 906 4213 quibus
920 4137 951 4194 in
970 4155 1004 4194 eo
1026 4147 1104 4196 statu
1124 4139 1242 4215 ponitur
1256 4138 1359 4214 fidelis,
1375 4151 1409 4199 ut
1424 4142 1454 4197 in
1470 4159 1501 4197 eo

289 4219 414 4277 moriens
429 4219 591 4277 necessario
606 4217 764 4275 salvandus
776 4217 821 4274 sit.
865 4216 928 4289 Quo
950 4235 1036 4274 sensu
1059 4217 1205 4277 l'ontificii
1218 4217 1377 4294 loquuntur
1391 4229 1425 4278 ιιι
1439 4221 1501 4297 plu·

289 4300 393 4356 rituum
408 4298 444 4356 de
460 4306 537 4356 statu
551 4296 661 4374 gratiae.
704 4297 771 4354 Non
792 4313 931 4372 negamus
950 4295 1102 4370 posteriori
1123 4297 1179 4354 hoc
1204 4315 1291 4356 sensu
1313 4297 1430 4357 fidelem
1453 4319 1502 4376 per

287 4386 407 4455 peccata
422 4397 474 4434 sua
488 4377 628 4452 imprimis
643 4377 751 4434 atrocis
765 4373 898 4433 excidere
910 4393 927 4430 a
941 4382 1018 4432 statu
1030 4377 1140 4451 gratiae,
1161 4385 1303 4452 quatenus
1325 4379 1433 4438 amittit
1444 4379 1500 4436 dis·

286 4457 461 4534 positionem
477 4455 514 4512 ad
528 4475 649 4532 regnum
668 4455 814 4527 coelorum,
838 4453 906 4528 quia
928 4452 999 4510 nihil
1021 4454 1204 4530 inquinatum
1218 4475 1253 4514 eo
1267 4467 1363 4533 potest
1378 4457 1499 4535 ingredi,

287 4545 316 4594 et
331 4535 453 4592 incurrit
467 4535 498 4590 in
510 4544 616 4592 statum
631 4532 824 4592 damnationis
835 4553 872 4590 ex
883 4532 938 4590 Dei
948 4532 1239 4611 justissimojudicio‚
1256 4555 1314 4612 quo
1329 4538 1440 4614 injusti,
1459 4558 1500 4594 ra·

286 4632 381 4687 paces,
406 4621 586 4686 scortatores,
610 4611 734 4670 adulteri
758 4620 890 4668 arcentur
912 4631 929 4668 a
953 4631 1042 4688 regno
1068 4614 1215 4688 coelorum,
1231 4624 1261 4674 et
1274 4618 1369 4693 poenis
1383 4619 1499 4676 aeternis

287 4689 470 4746 addicuntur.
513 4689 572 4746 Sed
585 4689 673 4764 priori
695 4697 770 4747 reete
789 4688 896 4748 dicitur
910 4689 1024 4749 fidelem
1039 4711 1057 4749 a
1071 4700 1149 4750 stetu
1163 4694 1265 4769 gratia
1280 4715 1338 4752 non
1354 4697 1499 4770 excidere,
