3146 5210
148 393 264 443 Quasr.
280 373 341 454 nn]
571 393 611 431 111
627 391 794 432 vocnrroaa
810 382 938 433 111111.
1301 381 1360 436 453

146 555 236 594 nemo
250 535 349 594 venire
363 535 454 612 possit
475 532 512 592 ad
527 533 681 607 Christum,
698 533 754 590 nisi
769 534 856 592 Pater
869 535 990 594 traxerit
1003 535 1106 612 ipsum,
1123 543 1152 595 ct
1165 557 1249 594 nemo
1264 538 1358 595 traha-

147 627 206 690 tur,
222 617 293 693 quin
307 616 412 688 veniat,
428 615 497 692 quia
521 614 651 691 quisquis
670 613 783 672 audivit
797 633 814 671 a
834 615 927 688 Patre,
944 625 973 672 ct
984 615 1093 688 didicit,
1109 617 1189 674 venit
1204 615 1240 673 ad
1255 617 1358 694 ipsum,

148 705 183 756 ut
192 697 301 754 ibidem
311 694 426 754 additur
438 717 445 754 :
456 695 575 752 Constat
586 713 644 752 non
653 713 752 752 omnes
763 694 839 751 trahi
849 715 867 752 a
878 695 971 770 Patre,
983 695 1050 772 quia
1061 715 1118 753 non
1130 716 1229 754 omnes
1239 697 1359 756 veniunt

145 777 190 836 ad
204 776 358 849 Christum,
374 785 402 834 et
417 795 468 852 per
481 793 660 850 consequens
674 793 732 832 11111
747 774 865 832 concedi
880 774 950 850 ipsis
965 775 1087 852 gratiam
1109 775 1306 835 sufficientem.

454 855 549 912 XIX.
572 852 664 911 Aliud
678 863 722 912 est
737 854 866 912 sufficere
875 854 913 912 ad
922 855 1133 914 convictionem
1143 857 1172 913 in
1184 856 1284 914 ordine
1299 877 1357 914 me·

177 923 269 992 Fontes
292 919 361 965 ³⁰¹⁰·
412 934 525 992 diorum
546 942 739 1007 externorum,
758 934 848 992 Aliud
869 934 906 992 ad
928 933 1145 994 conversionem
1159 937 1189 994 in
1204 935 1358 994 1111111111-

216 985 319 1024 imum
410 1023 567 1073 ternorum.
584 1013 681 1071 Verba
695 1013 751 1070 lsa.
763 1034 825 1090 cap.
835 1034 863 1072 v.
876 1014 1358 1089 4,(11111111111111111111111111111111

144 1115 230 1169 meae,
238 1093 501 1172 quodnonfccorim
509 1095 541 1151 ?''
549 1093 585 1151 de
593 1093 686 1170 prima
697 1093 867 1152 sufficientia
875 1105 974 1170 agunt,
985 1114 1043 1152 non
1055 1095 1090 1154 de
1102 1097 1242 1172 secunda,
1253 1095 1358 1157 scil.de

146 1177 244 1236 mediis
258 1175 389 1249 externis,
405 1174 565 1250 etquidem
580 1193 644 1250 quae
658 1173 844 1231 conferuntur
857 1195 915 1232 non
937 1175 1078 1248 omnibus
1104 1177 1155 1234 sed
1169 1185 1281 1236 tanturn
1296 1179 1356 1236 Vo-

144 1257 220 1314 catis
234 1257 264 1313 in
280 1255 420 1328 Ecclesia,
435 1273 493 1311 non
508 1273 577 1311 vero
598 1253 634 1311 de
649 1253 788 1313 internis:
810 1254 879 1330 quia
893 1273 923 1312 sc
935 1254 1045 1312 confert
1060 1256 1194 1330 Viuitori,
1210 1258 1260 1333 qui
1275 1259 1357 1334 plan-

146 1346 190 1395 tat
215 1337 329 1394 vineam
355 1335 385 1391 in
409 1334 472 1392 solo
493 1333 583 1406 uberi,
609 1333 715 1390 fossam
735 1333 932 1406 circumducit,
949 1355 1045 1410 sepem
1059 1337 1220 1412 praetendit,
1236 1339 1355 1414 praelum

146 1423 178 1474 ct
212 1415 313 1475 turrim
349 1414 442 1488 struit,
471 1413 520 1488 id.,
556 1413 655 1471 Verbo
691 1412 812 1490 plantat,
848 1414 995 1472 beneficiis
1030 1416 1145 1492 excolit,
1182 1426 1211 1476 et
1244 1427 1354 1494 protac-

145 1496 226 1555 tione
247 1495 347 1571 cingit,
370 1503 399 1552 et
429 1493 498 1552 facit
519 1513 553 1551 ea
582 1493 687 1566 omnia,
709 1513 773 1569 quae
795 1513 812 1551 a
833 1494 933 1552 sedulo
955 1495 1088 1553 Vinitore
1109 1497 1301 1572 requiruntur,
1323 1510 1357 1558 ut

146 1577 234 1634 vinea
242 1576 334 1633 bonos
343 1575 453 1632 fructus
463 1573 549 1632 ferret
561 1595 568 1631 :
585 1573 642 1631 Sed
652 1572 688 1631 de
697 1574 880 1649 vegetatione
890 1582 919 1632 et
931 1574 1012 1633 vitali
1023 1574 1134 1633 influxu
1150 1597 1206 1632 non
1217 1577 1354 1653 loquitur,

144 1657 199 1733 qui
221 1656 439 1714 conversionem
464 1653 652 1711 certissimam
677 1662 742 1729 post
761 1673 792 1711 se
814 1654 959 1712 traxisset.
1010 1659 1037 1711 2.
1051 1655 1148 1712 Verba
1165 1655 1289 1714 llebraea
1318 1679 1354 1713 an

146 1741 242 1796 11115
250 1735 533 1808 nonverteudasuat,
541 1734 610 1808 quid
617 1734 896 1809 uttrafacerepotui;
904 1733 1044 1810 siquidem
1053 1735 1355 1794 Deusomninosaccrc

146 1814 242 1887 potuit
251 1814 493 1891 aliquidulterius,
501 1814 613 1871 interae
622 1833 672 1871 cor
682 1813 823 1870 flectendo
833 1814 1047 1889 etrenovand03
1060 1814 1355 1890 sedquidsacu’eadum

139 1893 210 1966 sarit,
217 1894 440 1970 velquidsacere
451 1895 533 1951 debui
537 1895 614 1968 quod
617 1894 801 1968 confecerim,
809 1893 887 1969 quod
894 1893 930 1951 ab
937 1895 1045 1970 optimo
1053 1895 1192 1971 Agricola
1198 1895 1355 1956 desiderari

149 1973 262 2047 possit?
272 1973 310 2032 id.
323 1975 352 2032 in
363 1974 628 2033 ordinemodiorum
638 1982 831 2047 externorum,
842 1993 905 2049 quac
915 1981 1087 2051 praetextum
1099 1993 1212 2033 omnem
1224 1976 1355 2035 adimunt

147 2053 1353 2131 peccatoribus,uouquoaddispositionesinternas,quashomodebetaffcrredcsuo,

145 2151 200 2190 nec
215 2141 328 2193 tenetur
343 2135 423 2193 Dans
444 2135 564 2191 amissas
583 2133 708 2191 hominis
732 2133 817 2210 culpa
836 2134 995 2192 restituere.
1038 2133 1065 2192 V
1068 2135 1094 2192 11
1115 2136 1258 2211 significat
1281 2137 1355 2196 nihil

146 2211 310 2272 faciendum
324 2215 400 2272 ultra
413 2223 521 2272 restare
536 2221 602 2290 post
616 2213 711 2270 media
725 2213 775 2270 illa
784 2214 924 2272 inutiliter
935 2214 1072 2288 adhibita,
1089 2235 1174 2292 quarn
1189 2225 1221 2274 ut
1240 2217 1353 2274 exscin-

144 2291 198 2351 det
212 2313 284 2369 eam,
299 2303 332 2353 ut
346 2294 435 2368 addit,
451 2314 510 2352 ver.
527 2297 554 2351 5.
585 2296 612 2352 3.
628 2294 799 2368 Expectatio
813 2313 878 2370 quae
892 2294 939 2352 hic
953 2295 1090 2353 tribuitur
1104 2297 1167 2352 Dco
1179 2296 1353 2371 humanitus,

147 2371 336 2450 intelligenda
350 2385 394 2433 est
407 2382 546 2448 anteguis,
561 2392 619 2431 non
634 2373 671 2430 ad
685 2373 894 2449 designandam
908 2375 1101 2432 infirmitatem
1122 2377 1309 2452 expectanda,
1327 2389 1356 2436 et

144 2451 379 2512 'incertitudinem
392 2464 523 2528 eventus,
539 2453 589 2512 sed
603 2461 637 2511 ut
651 2461 732 2511 notat
746 2461 857 2512 tantum
881 2455 1062 2512 exactionem
1077 2454 1171 2529 officii,
1187 2465 1216 2514 et
1243 2456 1354 2533 paticu-

147 2531 217 2589 tium
232 2553 265 2592 ac
279 2533 527 2611 longanimitatem
544 2533 606 2608 Dei,
620 2533 669 2610 qui
684 2533 787 2591 tolerat
803 2543 991 2610 peccatorem,
1003 2534 1098 2592 dando
1108 2535 1151 2593 illi
1166 2544 1279 2613 tempus
1292 2557 1353 2614 pm·

145 2612 283 2688 nitentiae,
309 2634 362 2672 nec
377 2615 473 2673 statim
488 2613 618 2672 adbibita
639 2613 732 2672 securi
747 2614 873 2672 sterilem
889 2615 1018 2672 arborem
1035 2615 1187 2689 exscindit,
1204 2617 1274 2674 Luc.
1291 2618 1352 2675 xiii.

145 2696 174 2751 ’1.
218 2694 300 2753 Licet
314 2715 383 2752 vero
397 2715 455 2752 non
470 2714 583 2752 omnem
595 2694 717 2769 gratiam
731 2694 842 2751 homini
861 2693 1054 2752 convertendo
1076 2696 1265 2752 necessariam
1286 2717 1349 2753 cou-

143 2774 273 2848 oesserit,
289 2775 358 2851 quia
376 2775 414 2832 ad
427 2773 501 2832 illud
515 2794 572 2832 non
594 2773 764 2848 tenebatur;
787 2784 864 2832 recte
886 2783 981 2831 tamen
996 2773 1089 2849 potuit
1103 2783 1255 2850 expectare
1271 2795 1351 2850 uvas,

143 2861 175 2911 ct
191 2855 271 2930 juste
286 2853 431 2931 conqueri,
448 2854 483 2912 dc
506 2873 564 2912 uon
578 2854 706 2930 praestito
731 2853 843 2927 offici03
866 2854 934 2929 quia
951 2854 1071 2930 {equitas
1086 2853 1171 2910 officii
1186 2875 1222 2910 cx
1245 2855 1351 2913 beneti-

143 2933 198 2989 ciis
214 2934 269 2992 Dei
292 2944 394 3011 sponte
419 2934 534 2993 fluebat.
578 2934 639 2991 Nec
661 2933 781 2991 ecclesia
807 2933 966 2991 israelitica
980 2933 1113 3008 praestitit
1127 2953 1162 2990 ea
1176 2935 1272 2991 omnia
1287 2955 1351 3012 quae

144 3021 257 3087 poterat
280 3015 334 3073 hac
359 3015 389 3071 in
403 3024 492 3091 parte,
508 3024 537 3072 ct
551 3033 615 3090 quae
630 3021 712 3070 extra
727 3021 832 3070 statum
845 3014 944 3088 gratiae
966 3013 1002 3070 ab
1017 3013 1132 3069 1111111111
1147 3015 1274 3088 praestari
1286 3035 1352 3092 pos·

146 3101 220 3166 sunt,
236 3101 269 3151 ut
284 3095 427 3152 abstinere
442 3114 459 3150 a
473 3093 655 3169 gravioribus
670 3093 803 3169 pcccatis,
820 3092 898 3149 etde
914 3093 971 3149 illis
986 3092 1091 3164 doloro,
1107 3092 1192 3167 qualo
1206 3093 1277 3168 quid
1302 3096 1351 3153 tri-

143 3171 242 3231 buitur
265 3173 335 3250 ipsis
358 3174 505 3232 Ninivitis.
549 3173 614 3230 Non
629 3191 696 3245 ergo
711 3172 816 3230 dicitur
829 3181 1006 3248 expectasse,
1029 3173 1111 3248 quasi
1126 3172 1243 3230 delusus
1267 3173 1354 3234 fuerit

145 3271 195 3329 spe
210 3273 270 3328 sua,
294 3255 362 3331 quia
384 3263 520 3312 eventum
545 3273 602 3310 non
617 3252 711 3329 potnit
729 3252 871 3327 ignorare.
894 3251 945 3310 sed
959 3261 992 3310 ut
1004 3253 1134 3329 gravitas
1143 3253 1253 3329 peccati
1268 3253 1352 3315 istius
1413 3307 1418 3317 .

144 3332 288 3403 innuatur,
304 3345 333 3393 et
349 3334 465 3411 justitia
478 3351 571 3410 pceuae
583 3331 689 3410 populo
700 3331 873 3408 infligendae.

185 3413 261 3472 XX.
284 3415 379 3489 Quum
402 3414 509 3472 dicitur
531 3415 548 3446 ‘⁴
561 3413 692 3471 Christus
707 3420 782 3470 stare
797 3412 833 3470 ad
856 3413 969 3487 ostium,
986 3421 1015 3470 et
1033 3412 1177 3488 pulsarc,’'
1202 3413 1294 3491 Apoc.
1310 3415 1350 3474 iii

141 3495 191 3567 20,
207 3513 264 3551 non
277 3503 371 3571 potest
386 3494 485 3571 colligi
496 3494 616 3570 gratiam
633 3491 819 3550 sufficientem
835 3493 968 3550 omnibus
982 3493 1053 3550 dari.
1098 3496 1124 3550 1.
1147 3493 1220 3568 Quia
1234 3494 1275 3552 ibi
1290 3496 1350 3571 agi-

143 3583 191 3630 tur
204 3573 240 3632 de
257 3575 319 3651 jam
335 3574 463 3649 Vocatis,
479 3574 570 3651 quiin
586 3572 718 3631 Ecclesia
732 3581 892 3647 versantur,
907 3593 965 3630 non
980 3573 1015 3630 de
1031 3573 1188 3632 Vocandis.
1217 3579 1244 3633 2.
1260 3577 1351 3634 Statio

139 3653 200 3727 illa,
217 3663 246 3711 11
255 3656 388 3730 pulsatio,
404 3675 462 3712 non
477 3653 562 3711 modo
575 3653 708 3728 designat
722 3653 848 3711 internas
862 3653 1002 3728 notiones,
1019 3653 1071 3711 sed
1084 3653 1122 3711 ad
1136 3663 1270 3713 extentas
1285 3656 1350 3713 hor·

144 3735 267 3792 tationes
287 3734 360 3792 bane
382 3733 512 3808 refertur,
539 3753 604 3809 quse
627 3733 700 3790 fiunt
722 3733 826 3808 partim
847 3753 898 3810 per
918 3733 1058 3806 Verbum,
1073 3735 1176 3810 partim
1197 3755 1249 3811 per
1263 3734 1349 3792 affiic-

141 3813 245 3888 tioues,
270 3813 306 3872 de
328 3815 432 3890 quibus
457 3815 571 3872 locutus
594 3813 694 3884 iuerat,
716 3832 775 3870 ver.
799 3813 981 3888 precedenti.
1035 3813 1349 3890 Pulsatergodivcrsi·

144 3890 227 3948 mode
242 3893 328 3950 corda
345 3895 509 3952 Electorum
525 3901 554 3952 et
573 3892 781 3969 Reproborum,
800 3893 855 3951 Illa
875 3902 994 3951 externe
1009 3902 1038 3951 11
1062 3893 1182 3962 interna,
1207 3893 1305 3950 Vcrbo
1320 3905 1349 3952 ct

147 3969 263 4044 Spiritu,
279 3981 319 4046 ut,
335 3973 477 4048 pulsando
500 3973 668 4050 imperativo
689 3992 740 4048 per
754 3973 892 4047 Verbum,
917 3974 1026 4048 aperiat
1037 3972 1122 4028 etiarn
1138 3971 1187 4027 illa
1202 3973 1348 4046 operativa

144 4067 195 4123 per
219 4049 365 4125 Spiritum,
391 4063 423 4110 ut
436 4054 531 4110 visum
557 4053 586 4110 in
609 4051 694 4110 corde
720 4052 841 4128 Lydiae:
866 4053 926 4110 Ista
947 4072 1016 4109 vcro
1039 4059 1150 4107 tantum
1165 4059 1282 4108 externe
1298 4072 1348 4127 per

145 4128 282 4202 Verbum,
299 4139 331 4189 ut
355 4131 520 4208 intelligant
541 4133 665 4191 officium
690 4131 828 4206 debitum,
845 4131 1015 4189 beneficium
1039 4129 1221 4205 promissum,
1237 4133 1347 4206 peccati

141 4208 189 4264 sui
203 4211 383 4285 gravitatem,
400 4220 428 4269 et
443 4231 534 4288 poense
545 4212 697 4289 justitiam,
713 4213 736 4270 si
753 4232 852 4269 vocem
871 4211 925 4268 Dei
939 4209 1128 4285 neglexerint.
1172 4209 1232 4266 Nec
1248 4211 1347 4268 absur-

142 4287 210 4345 dum
236 4296 280 4347 est
304 4289 396 4348 Deum
420 4292 541 4367 pulsare,
565 4292 619 4350 etsi
642 4292 718 4349 norit
739 4292 883 4349 hominem
909 4310 966 4346 non
991 4297 1164 4365 aperturum,
1189 4289 1257 4365 quia
1288 4310 1346 4347 non

139 4365 248 4426 desinit
265 4368 344 4445 justo
366 4371 510 4429 bominem
531 4391 646 4430 monere
672 4371 757 4429 officii
778 4372 832 4448 sui,
854 4379 883 4428 11
913 4369 1050 4427 rebellem
1071 4370 1258 4427 contumaciae
1280 4389 1346 4428 con-

141 4467 268 4506 vincere.

181 4527 277 4587 XXI.
300 4527 439 4602 Quamvis
452 4530 583 4590 homines
608 4531 668 4590 suis
687 4531 798 4589 viribus
813 4529 911 4588 vcnirc
925 4550 982 4587 non
998 4530 1117 4606 possint,
1132 4548 1185 4587 nec
1202 4529 1281 4586 Deus
1295 4549 1345 4606 po-

139 4609 259 4667 tentiam
284 4609 420 4668 veniendi
445 4609 503 4668 illis
518 4612 651 4688 praebeat,
667 4613 735 4689 quia
748 4611 785 4668 ad
806 4611 837 4668 id
857 4630 915 4667 non
939 4619 1060 4684 tenetur,
1084 4609 1149 4666 Non
1163 4617 1258 4666 tamon
1274 4609 1347 4668 frus·

136 4699 238 4748 trauca
249 4699 293 4748 cst
301 4689 424 4765 vocatio,
436 4691 639 4766 quiavooando
653 4691 1113 4764 1111111111111111111111111111111,
1123 4689 1347 4768 lteprobosvcro
