3202 5194
252 353 291 410 ⁷0
716 363 808 406 cocus
822 359 1003 404 caesonius.
1253 336 1381 420 [ouasr.
1398 359 1468 400 xnr.

255 547 340 597 Prima
377 545 487 597 erectio
557 503 612 564 IV.
635 505 701 564 Duo
726 503 870 583 precipue
894 501 971 562 circa
989 499 1170 561 sabbathum
1194 507 1374 576 quaeruntur,
1400 519 1469 577 quse

285 605 422 710 aas
438 579 495 650 r*
514 579 1469 737 {sterilissimum{carmemtr

257 750 342 828 quale
351 748 389 808 sit
397 748 460 827 ejus
468 754 651 826 preceptum,
662 744 713 804 An
722 710 901 822 morale,⁷An
912 741 1123 818 ceremoniale
1138 740 1381 818 quodutrumque
1392 739 1470 801 inter

256 831 422 907 Theologoa
434 827 465 886 in
478 825 703 886 controversiam
716 826 849 901 vertitur,
864 831 894 884 et
912 842 1019 900 magno
1040 821 1200 880 animorum
1221 827 1294 880 aestu
1307 821 1470 880 etiamnum

256 911 343 969 hodie
356 909 493 988 agitatur.
535 907 597 965 Nos
609 906 658 966 hic
670 905 780 984 paucis,
796 905 877 965 salvo
891 903 1051 964 doctiorum
1062 901 1183 980 judicio,
1197 900 1269 979 quid
1282 900 1470 962 sentiendum

257 991 341 1050 nobis
355 989 489 1050 videatur
501 985 671 1065 aperiemus.

558 1065 598 1125 V.
620 1064 722 1141 Quoad
745 1064 833 1144 prius,
857 1064 925 1124 Non
946 1061 1085 1140 queritur
1106 1059 1143 1120 de
1157 1059 1290 1120 Authore
1306 1059 1470 1122 Sabbathi:

519 1146 640 1206 Constat
654 1145 731 1206 enim
745 1145 820 1206 inter
834 1163 933 1204 omnes
947 1142 985 1202 ad
1000 1143 1095 1202 Deum
1109 1140 1203 1200 solum
1223 1141 1287 1218 ejus
1306 1139 1469 1200 institutio·

518 1245 586 1285 nem
599 1226 778 1285 referendum
792 1244 870 1285 esse:
890 1224 942 1284 sed
955 1223 992 1282 de
1005 1223 1092 1302 hujus
1106 1220 1295 1281 nstimuonia
1308 1221 1469 1298 primordio

259 1311 288 1364 et
299 1303 409 1382 origine
421 1327 429 1382 ς
451 1303 502 1366 An
515 1306 687 1368 arcessenda
707 1305 745 1366 sit
765 1306 802 1364 ab
816 1304 887 1382 ipsis
900 1302 1002 1363 mundi
1015 1301 1216 1378 incunabulis3
1238 1300 1289 1360 An
1303 1320 1374 1360 vero
1395 1301 1470 1360 refe-

258 1383 349 1446 renda
362 1386 479 1445 demum
491 1385 531 1445 ad
544 1385 633 1463 Legis
647 1385 908 1464 promulgationem
922 1385 953 1443 in
966 1390 1064 1443 monte
1080 1383 1171 1442 Sitai.
1214 1381 1336 1440 Plurimi
1354 1401 1394 1439 ex
1409 1381 1469 1442 Rc·

258 1463 390 1526 iormstis
413 1465 537 1543 priorem
552 1466 724 1526 sententiam
742 1466 962 1543 amplectuntur,
984 1483 1105 1540 quorum
1125 1461 1288 1539 catalogum
1302 1459 1370 1522 vide
1392 1461 1473 1539 apud

260 1543 415 1622 Waloeum,
427 1554 457 1604 et
471 1546 629 1622 Rivetum3
651 1545 715 1604 Alii
734 1545 866 1604 nonnulli
886 1543 1074 1624 posteriorem
1088 1549 1255 1620 sequuntur.
1299 1541 1383 1601 Licet
1398 1561 1473 1602 vero

261 1624 321 1686 suis
335 1634 457 1704 utraque
480 1645 540 1684 non
558 1625 776 1686 contemnendis
798 1625 958 1685 rationibus
971 1624 1088 1698 nitatrrr,
1111 1642 1164 1682 nco
1178 1621 1326 1681 dissensus
1350 1621 1388 1680 sit
1402 1621 1472 1679 firn-

260 1704 450 1782 damentalis3
472 1705 614 1766 veriorem
635 1713 733 1768 tamen
746 1713 776 1767 et
791 1705 946 1784 Scripturas
959 1703 1058 1764 verbis
1072 1701 1330 1762 convenientiorem
1351 1700 1473 1778 judica·

259 1804 325 1846 mus
338 1787 468 1865 primam,
484 1786 622 1865 adquam
636 1787 722 1846 etiam
737 1785 908 1880 accedimus,
923 1784 971 1846 his
983 1782 1165 1878 potissimum
1178 1781 1241 1840 nixi
1255 1781 1442 1858 argumentis.

526 1867 961 2006 staremus
970 1863 1286 2004 statutt*
1303 1860 1474 2019 :553th

290 2021 423 2124 3⁰2⁰qu
438 2021 459 2068 1.
465 2023 505 2068 1⁴³¹
524 2027 633 2162 ¹glaries.
648 2026 679 2085 ii.
694 2029 722 2102 3,
739 2029 757 2060 “
772 2027 812 2086 Et
824 2024 975 2120 benedixit
993 2025 1073 2118 licus
1087 2022 1145 2083 diei
1161 2022 1296 2162 lpeptimo,
1319 2029 1350 2081 et
1364 2021 1472 2082 sancti-

262 2183 341 2262 quod
355 2191 503 2242 creaverat
518 2113 629 2259 quppt,
645 2125 951 2261 illd-ibrilimelialiidrb
963 2111 1392 2261 didddlirlitqirarnoiitmpddiirni
1409 2122 1476 2242 litii

262 2262 447 2324 distinctione
461 2262 492 2320 in
506 2263 678 2322 contrariam
693 2265 865 2323 sententiam
884 2263 1003 2326 inflecti.
1044 2264 1120 2323 Nam
1133 2283 1192 2322 non
1205 2271 1302 2340 potest
1315 2261 1375 2320 dici
1390 2263 1474 2322 Deua

261 2340 446 2404 benedixisse
460 2341 519 2400 diei
533 2342 664 2419 septimo,
680 2351 710 2402 et
724 2343 806 2403 illum
825 2344 1028 2421 sanctificasse,
1043 2343 1101 2404 nisi
1120 2363 1172 2422 per
1194 2342 1335 2404 Sabbathi
1355 2341 1473 2402 institu-

262 2422 387 2496 tionem;
409 2440 468 2479 non
482 2421 571 2480 alium
586 2423 662 2481 enirn
677 2422 707 2481 in
720 2423 808 2484 finem
822 2424 1049 2486 estbenedictus
1069 2425 1119 2483 ille
1133 2423 1203 2500 dies,
1219 2422 1276 2482 nisi
1289 2429 1322 2482 ut
1338 2421 1397 2482 Dei
1411 2423 1472 2482 crul-

262 2501 306 2564 tui
317 2508 533 2561 consecraretur
546 2501 577 2560 in
591 2503 758 2564 memoriam
772 2503 879 2582 quietis
892 2504 999 2563 divine
1016 2505 1053 2564 ab
1067 2503 1282 2582 operationibus
1296 2502 1473 2578 creationis;

262 2580 370 2640 dicitur
383 2599 453 2659 ergo
468 2581 549 2642 Deus
571 2581 755 2644 benedixisse
779 2594 809 2645 et
833 2584 1036 2661 sanctificasse,
1060 2585 1130 2662 quia
1153 2581 1360 2644 sanctificando
1385 2583 1473 2642 bena·

263 2661 347 2736 dixit,
363 2661 514 2739 aprosano
528 2669 558 2721 et
571 2663 717 2722 communi
730 2684 786 2724 usu
803 2664 992 2744 segregando,
1007 2672 1038 2724 et
1058 2665 1158 2724 divino
1179 2662 1270 2724 cultui
1290 2661 1473 2739 dedicaudo;

262 2748 296 2802 ut
309 2740 446 2820 deinceps
460 2741 497 2800 ab
511 2743 677 2803 hominibus
696 2745 923 2806 sanctificaretur
942 2765 995 2824 per
1015 2744 1154 2804 exercitia
1173 2743 1291 2823 publiea
1310 2741 1431 2821 pietatis
1444 2753 1474 2802 et

264 2821 413 2884 solennem
427 2821 484 2882 Dei
497 2823 616 2884 cultum.

304 2902 378 2963 VII.
395 2901 594 2981 Nequiequam
610 2902 772 2982 Excipitur,
788 2907 814 2966 1.
830 2905 903 2964 Haec
914 2903 972 2964 dici
985 2925 1038 2984 per
1050 2903 1195 2982 prolepsin
1207 2923 1225 2962 a
1235 2903 1328 2978 Mose,
1343 2909 1378 2962 ut
1391 2923 1473 2962 man·

264 2981 325 3042 dati
339 2982 503 3044 ostenderet
516 2983 682 3061 equitatem,
698 3005 757 3044 non
770 2986 877 3046 initium
883 3010 895 3059 ;
913 2993 947 3044 ut
961 2985 1042 3045 Deus
1055 2984 1169 3046 dicatur
1181 2985 1258 3044 hunc
1272 2982 1350 3042 diem
1365 2983 1473 3043 sancti·

265 3063 376 3140 ficaese,
391 3083 451 3123 non
464 3064 581 3143 quando
596 3065 722 3125 cessavit
741 3065 779 3125 ab
793 3065 929 3143 operibus
949 3065 1017 3140 suis,
1041 3063 1093 3124 sed
1112 3063 1229 3142 quando
1249 3082 1356 3122 manna
1381 3062 1472 3138 dedit,

264 3145 313 3202 vel
328 3143 443 3220 quando
458 3164 509 3221 per
524 3144 637 3204 Mosam
652 3145 747 3222 legem
762 3145 839 3205 tulit.
882 3145 970 3222 Resp.
988 3143 1046 3204 Sed
1059 3144 1128 3205 lieet
1144 3143 1292 3222 Scriptura
1305 3150 1408 3204 utatur
1421 3143 1473 3202 ali-

265 3223 381 3298 quendo
394 3223 529 3300 prolapsi,
544 3243 692 3300 nunquam
713 3245 748 3283 co
762 3224 973 3284 deveniendum
994 3233 1047 3301 est,
1069 3223 1125 3284 nisi
1146 3232 1268 3301 cogente
1288 3221 1473 3282 necessitate.

266 3299 309 3358 At
322 3300 370 3358 hic
384 3301 466 3359 nulla
479 3303 636 3360 necessitas
651 3303 860 3381 occurritque
874 3305 1030 3382 prolepsim
1044 3303 1172 3380 suadeat,
1188 3312 1218 3364 et
1230 3302 1329 3362 mults
1343 3303 1473 3362 redonas

266 3379 383 3437 obstant
396 3379 551 3454 quominus
564 3380 679 3438 admitti
693 3380 806 3442 debeat.
849 3383 955 3460 Primo,
971 3385 1040 3461 quia
1052 3392 1086 3444 ut
1103 3385 1184 3444 Deus
1197 3383 1344 3462 quievisse
1364 3381 1474 3441 dicitur

266 3458 302 3517 ab
317 3458 451 3535 operibus
465 3457 525 3516 suis
539 3457 594 3518 hoc
609 3459 655 3518 die
670 3461 792 3538 septimo
805 3463 919 3540 proprie
934 3473 963 3523 et
976 3463 1120 3540 historice,
1135 3483 1194 3522 non
1207 3461 1376 3541 proleptioe‚
1391 3461 1474 3521 itaet

265 3536 449 3596 benedixisse
463 3545 493 3596 et
507 3538 700 3612 sanctificasse
714 3540 811 3617 illum;
827 3563 885 3602 uno
899 3543 975 3602 enim
989 3552 1088 3604 tenore
1098 3543 1155 3603 ista
1168 3551 1377 3621 proponuntur,
1392 3541 1472 3600 etde

266 3615 368 3676 eodem
382 3615 429 3676 die
448 3617 571 3695 septimo
591 3619 744 3681 creationis
764 3620 872 3682 debent
892 3622 1025 3702 intelligi,
1046 3643 1106 3682 non
1129 3623 1165 3682 de
1189 3623 1247 3682 alio
1271 3621 1368 3697 simili,
1393 3621 1473 3699 quod

266 3696 353 3755 etiam
366 3704 449 3756 notat
462 3697 601 3758 articulus
618 3719 637 3758 s
651 3700 895 3762 demonstrativus
909 3711 954 3763 tcr
973 3704 1121 3780 repetitus.
1166 3700 1308 3776 Secundo,
1330 3700 1401 3780 quia
1421 3721 1472 3779 po·

267 3776 322 3836 sita
335 3777 461 3855 prolapsi
475 3797 577 3837 sensus
590 3779 744 3840 verborum
759 3781 852 3842 Mosis
866 3783 929 3859 erit,
946 3783 1027 3842 Deus
1039 3790 1106 3861 post
1126 3802 1179 3843 sex
1193 3782 1305 3842 dlerum
1319 3799 1394 3858 opus
1407 3801 1473 3859 per·

265 3864 362 3916 actum
376 3857 487 3934 quievit
510 3855 558 3917 die
572 3860 702 3937 septimo,
726 3859 798 3920 Ideo
816 3871 883 3940 post
904 3881 995 3922 annos
1016 3861 1062 3922 bis
1086 3861 1165 3922 mille
1189 3861 1420 3939 quadringentos
1443 3869 1474 3920 et

266 3937 476 4016 quinquaginta
489 3945 549 3997 tres
561 3938 712 4000 benedixit
726 3940 813 4000 simili
827 3941 893 4018 diei,
905 3950 936 4002 et
948 3961 1015 4002 aum
1025 3941 1064 4002 ad
1073 3961 1143 4002 usus
1154 3961 1252 4002 sacros
1262 3939 1471 4016 sanctificavit3

266 4015 445 4093 quodquam
464 4017 567 4078 durum
588 4019 627 4079 sit
647 4029 677 4078 et
700 4029 831 4080 coactum
851 4041 936 4082 nemo
956 4041 1015 4081 non
1028 4021 1119 4081 ridet.
1160 4021 1267 4098 Tertio,
1282 4020 1365 4079 nulla
1379 4020 1474 4080 solida

265 4095 339 4153 ratio
353 4095 448 4154 afferri
469 4105 574 4174 potest,
589 4119 641 4158 cur
655 4099 754 4160 Moses
768 4099 893 4162 voluerit
906 4102 937 4160 in
951 4101 1075 4179 simplici
1087 4101 1215 4161 historiae
1229 4120 1282 4160 seu
1294 4119 1392 4159 rerum
1407 4120 1472 4178 ges-

265 4179 368 4250 tarum,
383 4173 429 4234 bis
448 4177 527 4235 mille
549 4179 632 4238 aunis
656 4187 811 4258 antequam
833 4181 990 4256 extiterint,
1014 4181 1186 4254 narratione,
1210 4180 1322 4257 aliquid
1343 4179 1472 4240 inserere

266 4253 345 4331 quod
359 4273 411 4313 suo
425 4261 553 4332 tempore
567 4256 684 4318 demum
697 4260 805 4320 factum
819 4269 899 4336 erat;
922 4261 995 4320 Cum
1009 4269 1107 4337 aperte
1120 4259 1252 4320 tenderet
1265 4258 1303 4318 ad
1319 4259 1472 4320 historiam

266 4353 353 4410 quom
374 4334 492 4394 texebat
506 4335 714 4398 obscurandam
728 4339 825 4418 potius
839 4359 926 4417 quam
939 4339 1151 4418 explicandam,
1170 4339 1251 4400 nullo
1265 4339 1366 4398 addito
1387 4339 1472 4400 istius

265 4413 408 4491 prolepsis
421 4414 470 4474 vel
483 4414 602 4476 minimo
615 4417 732 4479 indicio.

306 4493 398 4552 vm.
420 4498 448 4553 2.
464 4495 568 4573 Excip.
585 4495 848 4559 Sanctificationem
864 4507 893 4559 et
906 4497 1136 4558 benedictionem
1150 4496 1236 4558 istam
1250 4497 1470 4576 intelligendtm

265 4591 329 4632 ease
343 4574 454 4634 ratione
468 4574 636 4636 intentionis
649 4586 679 4638 et
698 4577 907 4652 destinationis,
929 4597 989 4637 non
1007 4578 1119 4638 ratione
1141 4577 1330 4638 executionis.
1374 4579 1411 4638 R.
1427 4579 1473 4636 Eo

265 4652 352 4712 modo
366 4652 471 4714 dicitur
484 4655 668 4718 benedixisse
683 4657 749 4734 diei,
765 4678 823 4735 quo
837 4657 868 4716 in
881 4657 932 4718 illo
946 4656 1074 4735 quievit:
1096 4666 1128 4718 at
1146 4677 1206 4718 non
1225 4657 1338 4735 quierit
1358 4665 1472 4718 tantum

287 1130 372 1176 Status
383 1126 467 1178 Quos·

332 1186 415 1232 tionis.
