3146 5210
135 373 248 424 oense.
264 353 342 436 xiv]
487 374 527 413 na
542 373 659 416 osrrcro
672 373 791 415 eumsrr
805 373 1000 416 uenrsroaro.
1284 361 1343 420 423

134 514 301 574 conditione
315 513 383 574 fidei
397 522 426 574 et
440 513 624 591 poenitentiae,
647 535 706 574 non
718 523 752 574 ut
765 535 862 574 aerum
883 523 1043 591 nonaum,
1066 515 1145 593 quod
1166 516 1227 576 sive
1242 519 1342 578 ereda-

133 603 191 671 tur,
207 595 270 653 sive
287 614 354 668 non,
376 614 477 653 verum
498 615 610 672 semper
629 595 675 670 sit,
698 595 750 654 sed
769 602 803 654 ut
822 615 919 654 veum
938 597 1118 671 promissum,
1145 597 1223 673 quod
1246 600 1342 674 posita

134 675 252 732 demum
267 673 439 749 conditione,
455 693 557 733 verum
570 693 634 732 esse
649 674 880 751 deprehenditur,
897 683 929 734 ut
942 675 1115 752 loquebatur
1129 675 1257 735 Camero.
1294 679 1342 736 Ex

134 773 194 830 quo
208 753 326 830 quidem
341 754 470 830 sequitur
483 753 546 811 dari
559 773 666 812 nexum
686 753 916 814 indissolubilem
931 754 1006 813 inter
1019 755 1106 812 fidem
1121 764 1151 813 et
1165 756 1296 832 salutem,
1312 767 1342 816 et

134 832 173 890 ad
186 833 274 891 fidem
288 833 412 909 obligsri
427 853 535 908 omnes,
550 834 601 910 qui
616 833 731 892 Christo
745 842 774 892 et
788 833 936 893 benefieiis
951 836 1014 911 ejus
1032 834 1118 912 potiri
1132 834 1231 910 velint,
1247 838 1341 914 etqui

132 913 170 970 ad
187 913 333 972 Christum
348 922 501 988 vocantur;
516 914 568 972 sed
584 914 678 972 Deum
692 921 800 972 eterno
814 921 844 972 et
856 913 1030 974 immutabili
1045 914 1160 973 decreto
1175 933 1227 974 suo
1243 915 1340 976 Chris-

131 1001 194 1050 tum
219 993 354 1050 omnibus
379 992 499 1052 Vocatis
520 991 680 1051 destinasse
705 993 735 1050 in
762 993 951 1069 Salvatorem,
978 993 1040 1052 sive
1064 994 1232 1070 intendisse,
1258 1003 1291 1054 ut
1315 995 1341 1055 is

131 1081 224 1131 morte
234 1091 287 1130 sua
298 1072 432 1131 omnibus
439 1081 469 1131 et
480 1071 603 1149 singulis
613 1071 779 1131 hominibus
793 1073 915 1132 salutem
930 1081 1064 1132 eetemam
1079 1075 1248 1151 acquireret,
1261 1075 1342 1134 nulla

131 1151 243 1210 rstioue
256 1159 353 1228 potest
367 1172 405 1210 ex
419 1153 474 1211 bac
486 1152 638 1211 vocatione
659 1151 768 1229 colligi.
811 1151 944 1211 Verbum
968 1153 1045 1211 enirn
1071 1154 1235 1232 Evangelii,
1261 1155 1341 1231 quod

132 1231 171 1288 ad
186 1232 313 1290 Vocatos
328 1231 471 1308 dirigitur,
493 1251 552 1290 non
568 1232 705 1310 exprimit
725 1232 816 1308 ipsius
837 1232 984 1291 decretum
1005 1241 1144 1292 eternum
1158 1233 1194 1292 de
1209 1254 1339 1311 unoquo·

133 1330 189 1387 que
204 1311 391 1385 Venetorum,
414 1311 525 1370 scilieet
538 1312 617 1388 qnod
631 1312 661 1370 iu
675 1312 726 1369 illo
740 1311 965 1388 redemptionem
987 1331 1039 1388 per
1057 1312 1204 1371 Christum
1218 1323 1248 1372 et
1263 1316 1339 1373 salu·

132 1399 192 1449 tem
206 1391 341 1449 omnibus
355 1401 384 1449 et
398 1391 521 1468 singulis
542 1391 712 1467 destinarit,
735 1391 787 1450 sed
801 1391 910 1450 iudicat
930 1391 1027 1468 potius
1048 1393 1216 1452 mandatum
1232 1394 1288 1452 Dei
1302 1395 1340 1452 ad

133 1470 212 1547 ipsos
237 1489 303 1528 cum
325 1489 441 1529 annexa
467 1471 666 1547 promissione,
693 1489 745 1530 seu
768 1470 914 1548 quoduam
940 1471 978 1529 sit
1002 1470 1127 1530 officium
1151 1473 1287 1549 ipsorum,
1314 1474 1340 1532 si

132 1549 339 1626 redemptionis
353 1558 383 1608 et
398 1551 499 1609 salutis
514 1571 565 1628 per
579 1550 673 1627 ipsum
687 1558 777 1626 partae
792 1550 884 1608 velint
898 1569 961 1609 esse
975 1551 1139 1628 participes,
1179 1552 1240 1610 Nec
1253 1573 1338 1630 prop-

134 1637 212 1688 terea
225 1629 385 1706 putandum
399 1631 474 1689 benc
488 1630 664 1689 oblationem
682 1629 830 1688 adversari
843 1633 907 1706 ejus
921 1629 1046 1688 decreto.
1097 1630 1171 1704 Quis
1190 1631 1260 1689 licet
1281 1652 1339 1690 non

133 1708 307 1786 respondeat
320 1712 430 1768 decreto
444 1713 479 1768 de
490 1710 626 1786 pesonae
648 1729 707 1786 quo
721 1709 791 1768 solis
806 1709 917 1768 Electis
938 1709 1084 1768 Christum
1099 1709 1128 1766 in
1145 1711 1337 1784 Servetorem,

134 1797 165 1847 et
178 1790 241 1865 ejus
260 1798 382 1848 mortem
403 1790 432 1847 in
453 1790 577 1866 pretium
600 1789 818 1866 Redemptiouis
839 1789 1004 1864 destinavit,
1027 1808 1134 1865 eosque
1153 1789 1211 1848 fide
1233 1789 1340 1849 donare

134 1867 272 1943 decrevit,
287 1869 355 1945 quia
368 1870 455 1946 hujus
469 1869 577 1928 decreti
591 1869 740 1946 expressio
754 1876 783 1926 et
797 1869 939 1943 exacutio,
961 1876 1078 1927 nonest
1092 1870 1206 1928 voeetio
1221 1878 1341 1928 externa

134 1967 187 2024 por
201 1948 337 2024 Verbum,
354 1948 407 2008 sed
419 1950 533 2008 interna
544 1968 597 2026 per
613 1948 751 2026 Spiritum
774 1947 921 2022 Sanctum,
943 1967 1008 2025 qum
1023 1947 1089 2006 ideo
1106 1947 1212 2008 dieitur
1225 1949 1340 2009 vocatio

134 2029 205 2086 me
218 2027 342 2108 egituram
369 2029 538 2107 Respondet
558 2038 656 2088 tamen
678 2028 784 2105 optime
802 2031 912 2086 decreto
926 2031 961 2086 de
974 2029 1063 2102 rodas,
1086 2047 1137 2086 seu
1152 2028 1188 2087 de
1203 2031 1302 2088 ordine
1315 2039 1343 2088 et

134 2109 232 2167 mediis
252 2109 358 2184 solutes,
380 2128 438 2184 quo
454 2109 517 2166 Deo
531 2108 640 2186 placuit
655 2107 801 2166 Christum
816 2116 845 2165 et
859 2107 945 2165 fidem
966 2115 1145 2184 connectere,
1161 2117 1191 2167 et
1205 2110 1341 2168 omnibus

134 2187 256 2247 Voeatis
278 2188 424 2247 Christum
444 2187 555 2263 offerre,
571 2188 679 2264 dequo
694 2187 826 2246 Christus
842 2187 978 2263 loquitur,
1001 2187 1071 2247 Joh.
1086 2187 1126 2245 vi.
1141 2191 1189 2263 40,
1233 2191 1251 2221 ‘⁴
1267 2189 1340 2247 Heec

133 2275 179 2326 est
193 2269 328 2326 volentes
343 2268 439 2327 Patris
453 2267 503 2345 qui
517 2267 596 2327 misit
609 2287 665 2342 me,
681 2276 713 2326 ut
727 2267 859 2344 quisquis
872 2267 1083 2344 contemplatur
1104 2267 1220 2342 Filium,
1237 2276 1266 2327 et
1280 2288 1340 2328 cre·

133 2346 178 2405 dit
191 2347 222 2404 in
235 2347 339 2423 ipsum,
355 2348 461 2406 hebeat
473 2347 564 2406 vitam
578 2347 744 2421 setemam,''
760 2344 815 2405 &e
841 2347 888 2404 Ita
901 2347 1106 2424 promissiones
1121 2347 1340 2424 conditionales,

134 2445 200 2502 qum
214 2426 288 2485 fiunt
300 2428 484 2486 credentibus
497 2436 527 2486 et
541 2425 785 2504 resipiscentibus,
799 2426 956 2486 ostendunt
969 2427 1086 2503 quidem
1100 2427 1235 2486 omnibus
1245 2427 1341 2486 Voca-

134 2506 172 2564 tis
186 2525 295 2564 nexum
307 2506 375 2565 fidei
389 2527 456 2566 curn
470 2507 563 2566 seinte
578 2527 616 2564 ex
629 2505 730 2564 ordine
745 2505 810 2581 Dei,
829 2514 859 2564 et
873 2506 990 2583 quinam
1005 2527 1043 2565 ex
1057 2507 1115 2565 illis
1130 2507 1189 2567 sint
1203 2527 1340 2566 eonsecu·

132 2586 191 2644 turi
200 2586 399 2645 remissionem
410 2595 593 2664 peccatomm
608 2593 638 2645 et
652 2585 790 2662 salutem;
812 2585 948 2644 nimirum
961 2587 1112 2646 eredentes
1127 2595 1156 2646 et
1169 2587 1339 2665 resipiscen-

132 2673 186 2740 tes,
209 2665 333 2724 sednon
354 2667 448 2742 magis
472 2667 602 2724 indicent
626 2665 772 2725 Christum
793 2683 846 2742 pro
866 2666 928 2738 illis
940 2667 1073 2725 omnibus
1097 2675 1242 2726 mortuum
1267 2685 1340 2742 esse,

132 2764 225 2821 quam
240 2745 307 2804 illos
321 2765 422 2804 omnes
432 2745 493 2804 sore
504 2745 662 2820 credentes,
675 2754 704 2804 et
714 2745 911 2803 remissionem
926 2754 1108 2822 peccatorum
1125 2755 1340 2821 consecuturos;

135 2825 182 2882 Ex
203 2824 371 2883 remissione
393 2845 471 2901 vero,
494 2845 581 2904 quam
602 2823 734 2883 obtinent
757 2824 807 2901 qui
829 2825 950 2883 credunt
964 2833 994 2882 et
1007 2825 1188 2900 resipiscunt,
1212 2826 1343 2900 sequitur

134 2903 250 2980 quidem
265 2913 344 2962 certo
360 2905 505 2964 Christum
519 2925 572 2982 pro
586 2904 645 2963 illis
659 2913 805 2963 mortuum
820 2923 892 2977 esse,
907 2912 937 2962 et
951 2913 1119 2980 sequeretur
1135 2903 1222 2961 etiem
1245 2905 1340 2962 Chris-

134 2989 196 3042 tum
210 2991 354 3042 mortuum
369 2984 457 3044 fuisse
471 3005 523 3061 pro
538 2985 658 3059 eseteris,
671 2983 696 3042 si
704 2983 854 3042 crederent
864 2991 894 3042 et
904 2983 1113 3060 resipiscerent,
1126 2982 1178 3042 sed
1191 3001 1341 3059 perperam

135 3061 201 3138 quis
214 3063 281 3122 inde
296 3065 446 3141 colligeret
467 3064 615 3124 Christum
634 3071 780 3122 mortuum
794 3081 857 3120 esse
871 3081 923 3138 pro
938 3062 1071 3120 omnibus
1085 3062 1111 3120 si
1124 3062 1251 3137 credent,
1274 3062 1343 3138 quis

135 3152 336 3220 argumentum
351 3144 469 3202 duceret
482 3143 587 3202 vitiose
601 3163 620 3201 a
633 3142 829 3202 conditionato
844 3141 881 3199 ad
895 3141 1068 3200 absolutum.

176 3223 258 3282 LIV.
281 3223 433 3282 Coronidis
460 3225 525 3283 loeo
552 3223 625 3282 libet
656 3231 786 3282 attexere
818 3221 866 3279 bie
898 3220 920 3280 J
921 3221 1049 3280 odicium
1082 3221 1340 3280 Celeberrimorum

135 3301 348 3380 Theologorum
363 3303 400 3362 ad
416 3302 567 3380 Synodum
581 3302 795 3361 Dordracenem
811 3301 1029 3377 Deputatorum,
1043 3299 1088 3380 2R.
1104 3301 1140 3359 R.
1157 3300 1194 3360 D.
1210 3301 1247 3360 D.
1263 3301 1340 3360 Deo-

135 3381 195 3442 dati
207 3391 236 3442 et
250 3383 416 3458 Tronohini,
431 3383 546 3442 nomine
561 3382 650 3442 totius
664 3382 804 3440 Eoclesiee
819 3380 1007 3454 Genevensis,
1024 3380 1198 3438 Venerando
1213 3381 1342 3441 Concilio

136 3463 307 3538 exhibitum,
328 3470 364 3535 ⁸ut
387 3463 475 3522 fidem
493 3461 639 3540 publicam
663 3460 802 3520 Ecclesiae
825 3479 938 3538 semper
961 3459 1149 3535 retinendam,
1176 3461 1245 3538 Cep.
1261 3465 1289 3519 2.
1305 3460 1342 3522 de

137 3541 364 3602 Universelitete
376 3543 493 3618 Gratie,
504 3542 559 3600 Th.
576 3545 602 3600 1.
626 3540 786 3600 “Christus
800 3559 837 3599 ex
851 3559 930 3598 mera
940 3537 1036 3619 adimas
1050 3541 1154 3616 Patris,
1169 3540 1340 3618 destinatus,

134 3631 164 3681 et
177 3622 264 3682 datus
277 3622 333 3681 fuit
347 3623 492 3682 Mediator
502 3631 531 3680 et
546 3622 640 3698 Caput
653 3627 732 3680 carto
742 3619 891 3678 hominum
901 3640 1028 3694 numero,
1042 3621 1152 3698 Corpus
1163 3621 1254 3698 ipsius
1264 3640 1343 3698 mys·

134 3702 224 3760 ticum
235 3723 273 3760 ex
285 3703 341 3762 Dei
350 3703 500 3762 Electione
510 3699 774 3760 constituentium.’'
803 3699 857 3758 Tb.
869 3703 897 3758 2.
913 3705 932 3733 “
943 3701 1000 3758 Pro
1009 3701 1067 3759 illis
1076 3701 1137 3778 ipse
1149 3701 1282 3760 Christus
1290 3719 1341 3759 vo·

135 3781 258 3840 cahonis
271 3801 331 3841 sure
345 3782 451 3860 optime
466 3783 607 3856 conscius,
623 3780 717 3839 voluit
729 3787 759 3838 et
768 3779 898 3838 decrevit
911 3780 992 3855 mori,
1008 3789 1038 3840 et
1051 3781 1143 3857 pretio
1163 3780 1265 3838 mortis
1278 3779 1341 3837 infi-

135 3859 206 3932 nito,
221 3861 327 3920 addere
340 3861 575 3936 efficacissimam,
591 3869 620 3919 et
634 3859 810 3936 singularem
823 3859 982 3919 voluutetis
993 3860 1210 3918 intentionem.”
1234 3859 1273 3916 Et
1287 3857 1341 3915 Th.

138 3939 166 3996 6.
177 3941 196 3970 “
203 3939 620 4018 UniversalesPropositiones,
628 3959 692 4016 qum
703 3937 734 3996 in
741 3938 897 4016 seripturis
902 3941 1090 4016 reperiuntur,
1101 3957 1159 3996 non
1168 3937 1341 4013 significant,

137 4035 191 4094 pro
205 4019 339 4078 omnibus
353 4029 382 4078 et
395 4020 519 4098 singulis
533 4021 679 4078 Christum
693 4027 837 4078 mortuum
852 4037 924 4094 esse,
940 4029 969 4078 et
983 4018 1156 4076 satisfecisse
1171 4036 1209 4074 ex
1219 4015 1340 4074 consilio

139 4095 235 4155 Petris
249 4104 278 4155 et
292 4117 344 4156 sue
358 4101 516 4160 voluntate.
559 4099 617 4159 Sed
629 4099 678 4158 vel
692 4097 900 4174 restringendae
922 4106 989 4156 sunt
1012 4097 1050 4154 ad
1075 4095 1209 4172 Corporis
1234 4095 1342 4154 Christi

137 4175 404 4254 universalitatem
426 4180 484 4238 Vel
497 4178 595 4238 referri
608 4178 714 4238 debent
731 4177 770 4237 ad
789 4177 869 4236 illam
884 4176 1072 4235 oeconomiam
1097 4175 1229 4233 Foederis
1254 4174 1340 4250 Novi,

136 4275 196 4332 qua
210 4255 325 4314 sublata
337 4258 416 4315 omni
428 4259 598 4336 populorum
613 4265 733 4318 externa
746 4257 939 4331 distinetione,
956 4256 1049 4314 Filius
1062 4253 1187 4313 adscivit
1195 4252 1252 4312 sibi
1262 4254 1341 4313 Gen·

137 4345 182 4394 tes
193 4355 293 4394 omnes
304 4336 334 4394 iu
347 4337 553 4414 hereditatem,
568 4339 662 4412 idest,
677 4357 748 4416 erge
760 4337 906 4414 quaslibet
919 4343 1021 4413 gentes
1034 4343 1064 4394 et
1077 4333 1200 4411 populos
1213 4352 1341 4392 commu·

135 4415 219 4488 niter,
234 4434 286 4491 pro
300 4415 427 4492 arbitrio,
442 4418 564 4494 gratiam
577 4418 790 4496 praedicationis
803 4415 895 4494 aperit
908 4425 938 4475 et
951 4414 1051 4490 desert,
1064 4434 1101 4473 ex
1110 4413 1168 4472 illis
1179 4413 1340 4472 Ecclesiam

134 4494 257 4570 colligit,
271 4494 351 4572 quod
364 4503 409 4554 est
421 4495 638 4558 hmdamentum
652 4497 865 4576 predicationis
878 4495 1021 4573 generalis
1035 4493 1199 4570 Evangelii.

177 4575 267 4632 Plura
275 4575 332 4634 hue
340 4575 521 4652 pertinentia,
532 4577 610 4638 Vide
619 4577 688 4636 Loc.
700 4578 755 4636 IV.
767 4576 875 4651 Quest.
885 4575 956 4634 xvii.
967 4583 996 4634 et
1011 4576 1080 4634 Loe.
1091 4573 1169 4633 XII.
1180 4573 1287 4648 Quest.
1299 4572 1340 4630 vi.
