<?xml version="1.0" encoding="UTF-8"?>
<!DOCTYPE html PUBLIC "-//W3C//DTD XHTML 1.0 Transitional//EN"
    "http://www.w3.org/TR/xhtml1/DTD/xhtml1-transitional.dtd">
<html xmlns="http://www.w3.org/1999/xhtml" xml:lang="en" lang="en">
 <head>
  <title>
</title>
<meta http-equiv="Content-Type" content="text/html;charset=utf-8" />
  <meta name='ocr-system' content='tesseract 3.04.00' />
  <meta name='ocr-capabilities' content='ocr_page ocr_carea ocr_par ocr_line ocrx_word'/>
</head>
<body>
  <div class='ocr_page' id='page_1' title='image "./francisciturret00pictgoog_0094.png"; bbox 0 0 3108 5198; ppageno 0'>
   <div class='ocr_carea' id='block_1_1' title="bbox 91 335 1296 418">
    <p class='ocr_par' dir='ltr' id='par_1_1' title="bbox 91 335 1296 418">
     <span class='ocr_line' id='line_1_1' title="bbox 91 335 1296 418; baseline 0.007 -22"><span class='ocrx_word' id='word_1_1' title='bbox 91 353 191 404; x_wconf 73' lang='lat' dir='ltr'>osser.</span> <span class='ocrx_word' id='word_1_2' title='bbox 207 335 281 418; x_wconf 65' lang='grc' dir='ltr'>ω]</span> <span class='ocrx_word' id='word_1_3' title='bbox 596 357 636 398; x_wconf 81' lang='lat' dir='ltr'>nu</span> <span class='ocrx_word' id='word_1_4' title='bbox 650 359 727 398; x_wconf 79' lang='lat' dir='ltr'>nucu</span> <span class='ocrx_word' id='word_1_5' title='bbox 742 358 802 398; x_wconf 83' lang='lat' dir='ltr'>ner.</span> <span class='ocrx_word' id='word_1_6' title='bbox 1258 346 1296 404; x_wconf 78' lang='lat'>63</span> 
     </span>
    </p>
   </div>
   <div class='ocr_carea' id='block_1_2' title="bbox 23 495 1297 1272">
    <p class='ocr_par' dir='ltr' id='par_1_2' title="bbox 87 495 1295 654">
     <span class='ocr_line' id='line_1_2' title="bbox 88 495 1295 576; baseline 0.008 -24"><span class='ocrx_word' id='word_1_7' title='bbox 88 495 167 572; x_wconf 81' lang='lat' dir='ltr'>xrii.;</span> <span class='ocrx_word' id='word_1_8' title='bbox 190 495 229 554; x_wconf 88' lang='lat' dir='ltr'>In</span> <span class='ocrx_word' id='word_1_9' title='bbox 246 495 410 557; x_wconf 78' lang='lat' dir='ltr'>Ulcdislao</span> <span class='ocrx_word' id='word_1_10' title='bbox 425 495 552 556; x_wconf 87' lang='lat' dir='ltr'>Polonise</span> <span class='ocrx_word' id='word_1_11' title='bbox 567 497 648 576; x_wconf 83' lang='lat' dir='ltr'>Rege</span> <span class='ocrx_word' id='word_1_12' title='bbox 669 497 809 558; x_wconf 77' lang='lat' dir='ltr'>adversus</span> <span class='ocrx_word' id='word_1_13' title='bbox 824 497 1015 556; x_wconf 85' lang='lat' dir='ltr'>Amursthem</span> <span class='ocrx_word' id='word_1_14' title='bbox 1030 498 1163 576; x_wconf 83' lang='lat' dir='ltr'>Turcem,</span> <span class='ocrx_word' id='word_1_15' title='bbox 1184 499 1216 560; x_wconf 89' lang='lat' dir='ltr'>in</span> <span class='ocrx_word' id='word_1_16' title='bbox 1235 501 1295 562; x_wconf 88' lang='lat' dir='ltr'>Ro·</span> 
     </span>
     <span class='ocr_line' id='line_1_3' title="bbox 87 575 900 654; baseline 0.001 -19"><span class='ocrx_word' id='word_1_17' title='bbox 87 576 182 654; x_wconf 87' lang='lat' dir='ltr'>dolpho</span> <span class='ocrx_word' id='word_1_18' title='bbox 198 575 308 636; x_wconf 88' lang='lat' dir='ltr'>Suevo</span> <span class='ocrx_word' id='word_1_19' title='bbox 325 587 426 636; x_wconf 88' lang='lat' dir='ltr'>contra</span> <span class='ocrx_word' id='word_1_20' title='bbox 440 577 598 637; x_wconf 87' lang='lat' dir='ltr'>chricum</span> <span class='ocrx_word' id='word_1_21' title='bbox 613 579 669 637; x_wconf 90' lang='lat' dir='ltr'>IV.</span> <span class='ocrx_word' id='word_1_22' title='bbox 684 579 900 654; x_wconf 74' lang='lat' dir='ltr'>Imperatorem.</span> 
     </span>
    </p>

    <p class='ocr_par' dir='ltr' id='par_1_3' title="bbox 23 655 1297 950">
     <span class='ocr_line' id='line_1_4' title="bbox 120 655 1297 738; baseline 0.007 -26"><span class='ocrx_word' id='word_1_23' title='bbox 120 655 194 714; x_wconf 82' lang='lat' dir='ltr'>XII.</span> <span class='ocrx_word' id='word_1_24' title='bbox 219 656 351 733; x_wconf 87' lang='lat' dir='ltr'>Quarto,</span> <span class='ocrx_word' id='word_1_25' title='bbox 368 657 442 732; x_wconf 80' lang='lat' dir='ltr'>Quia</span> <span class='ocrx_word' id='word_1_26' title='bbox 456 658 600 717; x_wconf 89' lang='lat' dir='ltr'>connubia</span> <span class='ocrx_word' id='word_1_27' title='bbox 613 677 679 716; x_wconf 90' lang='lat' dir='ltr'>cum</span> <span class='ocrx_word' id='word_1_28' title='bbox 692 657 858 716; x_wconf 86' lang='lat' dir='ltr'>infidelibus</span> <span class='ocrx_word' id='word_1_29' title='bbox 873 657 1013 716; x_wconf 80' lang='lat' dir='ltr'>solvenda</span> <span class='ocrx_word' id='word_1_30' title='bbox 1026 678 1085 717; x_wconf 91' lang='lat' dir='ltr'>non</span> <span class='ocrx_word' id='word_1_31' title='bbox 1099 667 1166 718; x_wconf 91' lang='lat' dir='ltr'>sunt</span> <span class='ocrx_word' id='word_1_32' title='bbox 1179 668 1297 738; x_wconf 88' lang='lat' dir='ltr'>propter</span> 
     </span>
     <span class='ocr_line' id='line_1_5' title="bbox 85 733 1294 815; baseline 0.007 -23"><span class='ocrx_word' id='word_1_33' title='bbox 85 733 282 795; x_wconf 85' lang='lat' dir='ltr'>infidelitatem</span> <span class='ocrx_word' id='word_1_34' title='bbox 298 745 332 795; x_wconf 90' lang='lat' dir='ltr'>et</span> <span class='ocrx_word' id='word_1_35' title='bbox 344 737 486 812; x_wconf 76' lang='lat' dir='ltr'>haeresim,</span> <span class='ocrx_word' id='word_1_36' title='bbox 502 757 555 796; x_wconf 92' lang='lat' dir='ltr'>nec</span> <span class='ocrx_word' id='word_1_37' title='bbox 568 737 641 798; x_wconf 88' lang='lat' dir='ltr'>fides</span> <span class='ocrx_word' id='word_1_38' title='bbox 657 737 755 814; x_wconf 87' lang='lat' dir='ltr'>jurata</span> <span class='ocrx_word' id='word_1_39' title='bbox 767 746 885 815; x_wconf 89' lang='lat' dir='ltr'>propter</span> <span class='ocrx_word' id='word_1_40' title='bbox 898 757 962 796; x_wconf 89' lang='lat' dir='ltr'>eam</span> <span class='ocrx_word' id='word_1_41' title='bbox 975 737 1112 796; x_wconf 86' lang='lat' dir='ltr'>violanda</span> <span class='ocrx_word' id='word_1_42' title='bbox 1126 747 1178 814; x_wconf 90' lang='lat' dir='ltr'>est,</span> <span class='ocrx_word' id='word_1_43' title='bbox 1195 743 1211 798; x_wconf 90' lang='lat'>1</span> <span class='ocrx_word' id='word_1_44' title='bbox 1228 742 1294 800; x_wconf 81' lang='lat' dir='ltr'>Cor.</span> 
     </span>
     <span class='ocr_line' id='line_1_6' title="bbox 23 815 1295 950; baseline 0.007 -79"><span class='ocrx_word' id='word_1_45' title='bbox 23 827 24 834; x_wconf 56' lang='lat'>¹</span> <span class='ocrx_word' id='word_1_46' title='bbox 85 815 128 950; x_wconf 63' lang='lat' dir='ltr'>lqli</span> <span class='ocrx_word' id='word_1_47' title='bbox 143 817 188 890; x_wconf 85' lang='lat'>13,</span> <span class='ocrx_word' id='word_1_48' title='bbox 205 817 258 875; x_wconf 85' lang='lat'>14.</span> <span class='ocrx_word' id='word_1_49' title='bbox 292 817 392 908; x_wconf 34' lang='lat' dir='ltr'>‘Ergo</span> <span class='ocrx_word' id='word_1_50' title='bbox 401 835 456 876; x_wconf 89' lang='lat' dir='ltr'>nec</span> <span class='ocrx_word' id='word_1_51' title='bbox 469 817 621 896; x_wconf 83' lang='lat' dir='ltr'>aliapacta</span> <span class='ocrx_word' id='word_1_52' title='bbox 634 836 821 895; x_wconf 87' lang='lat' dir='ltr'>qusecunque,</span> <span class='ocrx_word' id='word_1_53' title='bbox 836 819 905 897; x_wconf 87' lang='lat' dir='ltr'>quia</span> <span class='ocrx_word' id='word_1_54' title='bbox 918 817 1071 895; x_wconf 85' lang='lat' dir='ltr'>utrobique</span> <span class='ocrx_word' id='word_1_55' title='bbox 1086 819 1241 879; x_wconf 88' lang='lat' dir='ltr'>intervenit</span> <span class='ocrx_word' id='word_1_56' title='bbox 1250 839 1295 880; x_wconf 86' lang='lat' dir='ltr'>rc-</span> 
     </span>
    </p>

    <p class='ocr_par' dir='ltr' id='par_1_4' title="bbox 103 913 334 972">
     <span class='ocr_line' id='line_1_7' title="bbox 103 913 334 972; baseline 0.013 -20"><span class='ocrx_word' id='word_1_57' title='bbox 103 913 178 972; x_wconf 81' lang='lat' dir='ltr'>grcss</span> <span class='ocrx_word' id='word_1_58' title='bbox 191 913 334 972; x_wconf 73' lang='lat' dir='ltr'>sponsio,</span> 
     </span>
    </p>

    <p class='ocr_par' dir='ltr' id='par_1_5' title="bbox 85 974 1294 1272">
     <span class='ocr_line' id='line_1_8' title="bbox 118 974 1293 1054; baseline 0.005 -22"><span class='ocrx_word' id='word_1_59' title='bbox 118 975 212 1034; x_wconf 75' lang='lat' dir='ltr'>xm.</span> <span class='ocrx_word' id='word_1_60' title='bbox 236 974 365 1052; x_wconf 85' lang='lat' dir='ltr'>Quinto,</span> <span class='ocrx_word' id='word_1_61' title='bbox 388 975 463 1050; x_wconf 77' lang='lat' dir='ltr'>eria</span> <span class='ocrx_word' id='word_1_62' title='bbox 483 974 556 1034; x_wconf 89' lang='lat' dir='ltr'>fides</span> <span class='ocrx_word' id='word_1_63' title='bbox 580 976 678 1054; x_wconf 83' lang='lat' dir='ltr'>jurata</span> <span class='ocrx_word' id='word_1_64' title='bbox 697 976 768 1054; x_wconf 88' lang='lat' dir='ltr'>ipsis</span> <span class='ocrx_word' id='word_1_65' title='bbox 788 977 920 1036; x_wconf 76' lang='lat' dir='ltr'>hostibus</span> <span class='ocrx_word' id='word_1_66' title='bbox 941 977 1084 1037; x_wconf 79' lang='lat' dir='ltr'>servanda</span> <span class='ocrx_word' id='word_1_67' title='bbox 1105 985 1157 1052; x_wconf 83' lang='lat' dir='ltr'>est,</span> <span class='ocrx_word' id='word_1_68' title='bbox 1183 986 1293 1038; x_wconf 84' lang='lat' dir='ltr'>naturae</span> 
     </span>
     <span class='ocr_line' id='line_1_9' title="bbox 86 1053 1294 1134; baseline 0.005 -23"><span class='ocrx_word' id='word_1_69' title='bbox 86 1053 268 1132; x_wconf 82' lang='lat' dir='ltr'>gentiumque</span> <span class='ocrx_word' id='word_1_70' title='bbox 281 1055 363 1132; x_wconf 88' lang='lat' dir='ltr'>jure,</span> <span class='ocrx_word' id='word_1_71' title='bbox 376 1065 406 1115; x_wconf 91' lang='lat' dir='ltr'>et</span> <span class='ocrx_word' id='word_1_72' title='bbox 419 1063 533 1114; x_wconf 88' lang='lat' dir='ltr'>constat</span> <span class='ocrx_word' id='word_1_73' title='bbox 547 1057 662 1116; x_wconf 84' lang='lat' dir='ltr'>eximiis</span> <span class='ocrx_word' id='word_1_74' title='bbox 676 1057 818 1133; x_wconf 83' lang='lat' dir='ltr'>exemplis</span> <span class='ocrx_word' id='word_1_75' title='bbox 831 1057 948 1134; x_wconf 85' lang='lat' dir='ltr'>Reguli,</span> <span class='ocrx_word' id='word_1_76' title='bbox 960 1056 1101 1133; x_wconf 81' lang='lat' dir='ltr'>Agesilai,</span> <span class='ocrx_word' id='word_1_77' title='bbox 1118 1065 1147 1117; x_wconf 87' lang='lat' dir='ltr'>et</span> <span class='ocrx_word' id='word_1_78' title='bbox 1161 1057 1294 1117; x_wconf 80' lang='lat' dir='ltr'>eliorum.</span> 
     </span>
     <span class='ocr_line' id='line_1_10' title="bbox 86 1133 1293 1214; baseline 0.005 -23"><span class='ocrx_word' id='word_1_79' title='bbox 86 1133 120 1191; x_wconf 77' lang='lat' dir='ltr'>tt</span> <span class='ocrx_word' id='word_1_80' title='bbox 138 1133 192 1192; x_wconf 91' lang='lat' dir='ltr'>sub</span> <span class='ocrx_word' id='word_1_81' title='bbox 211 1133 286 1212; x_wconf 86' lang='lat' dir='ltr'>jure</span> <span class='ocrx_word' id='word_1_82' title='bbox 302 1136 357 1194; x_wconf 87' lang='lat' dir='ltr'>illo</span> <span class='ocrx_word' id='word_1_83' title='bbox 371 1155 430 1194; x_wconf 88' lang='lat' dir='ltr'>non</span> <span class='ocrx_word' id='word_1_84' title='bbox 450 1134 546 1194; x_wconf 88' lang='lat' dir='ltr'>minus</span> <span class='ocrx_word' id='word_1_85' title='bbox 567 1135 698 1194; x_wconf 88' lang='lat' dir='ltr'>infideles</span> <span class='ocrx_word' id='word_1_86' title='bbox 712 1145 741 1196; x_wconf 92' lang='lat' dir='ltr'>et</span> <span class='ocrx_word' id='word_1_87' title='bbox 754 1137 890 1212; x_wconf 83' lang='lat' dir='ltr'>haeretici,</span> <span class='ocrx_word' id='word_1_88' title='bbox 906 1156 993 1213; x_wconf 89' lang='lat' dir='ltr'>quam</span> <span class='ocrx_word' id='word_1_89' title='bbox 1013 1137 1070 1214; x_wconf 87' lang='lat' dir='ltr'>ipsi</span> <span class='ocrx_word' id='word_1_90' title='bbox 1083 1138 1181 1196; x_wconf 83' lang='lat' dir='ltr'>hostes</span> <span class='ocrx_word' id='word_1_91' title='bbox 1202 1139 1293 1198; x_wconf 91' lang='lat' dir='ltr'>conti·</span> 
     </span>
     <span class='ocr_line' id='line_1_11' title="bbox 85 1221 186 1272; baseline 0.02 -2"><span class='ocrx_word' id='word_1_92' title='bbox 85 1221 186 1272; x_wconf 84' lang='lat' dir='ltr'>nentur.</span> 
     </span>
    </p>
   </div>
   <div class='ocr_carea' id='block_1_3' title="bbox 546 1451 840 1528">
    <p class='ocr_par' dir='ltr' id='par_1_6' title="bbox 546 1451 840 1528">
     <span class='ocr_line' id='line_1_12' title="bbox 546 1451 840 1528; baseline -0.003 -15"><span class='ocrx_word' id='word_1_93' title='bbox 546 1451 740 1528; x_wconf 74' lang='lat' dir='ltr'>cumerio</span> <span class='ocrx_word' id='word_1_94' title='bbox 761 1451 840 1512; x_wconf 82' lang='lat' dir='ltr'>xn.</span> 
     </span>
    </p>
   </div>
   <div class='ocr_carea' id='block_1_4' title="bbox 81 1593 1294 1769">
    <p class='ocr_par' dir='ltr' id='par_1_7' title="bbox 81 1593 1294 1769">
     <span class='ocr_line' id='line_1_13' title="bbox 81 1593 1294 1690; baseline 0.008 -26"><span class='ocrx_word' id='word_1_95' title='bbox 81 1593 124 1667; x_wconf 48' lang='lat' dir='ltr'>&#39;Aa</span> <span class='ocrx_word' id='word_1_96' title='bbox 138 1611 365 1670; x_wconf 70' lang='lat' dir='ltr'>Mur-amentis</span> <span class='ocrx_word' id='word_1_97' title='bbox 378 1611 422 1670; x_wconf 79' lang='lat' dir='ltr'>cti</span> <span class='ocrx_word' id='word_1_98' title='bbox 433 1611 516 1670; x_wconf 81' lang='lat' dir='ltr'>liccat</span> <span class='ocrx_word' id='word_1_99' title='bbox 523 1611 801 1689; x_wconf 77' lang='lat' dir='ltr'>AEquioocatrbm&#39;hus</span> <span class='ocrx_word' id='word_1_100' title='bbox 814 1613 1047 1690; x_wconf 57' lang='lat' dir='ltr'>amphibologice,</span> <span class='ocrx_word' id='word_1_101' title='bbox 1063 1623 1090 1672; x_wconf 86' lang='lat' dir='ltr'>et</span> <span class='ocrx_word' id='word_1_102' title='bbox 1098 1614 1294 1674; x_wconf 79' lang='lat' dir='ltr'>reservationi-</span> 
     </span>
     <span class='ocr_line' id='line_1_14' title="bbox 175 1691 1192 1769; baseline 0.003 -19"><span class='ocrx_word' id='word_1_103' title='bbox 175 1692 226 1750; x_wconf 66' lang='lat' dir='ltr'>tta</span> <span class='ocrx_word' id='word_1_104' title='bbox 240 1691 438 1751; x_wconf 71' lang='lat' dir='ltr'>mentalibus!</span> <span class='ocrx_word' id='word_1_105' title='bbox 479 1691 563 1768; x_wconf 82' lang='lat' dir='ltr'>Neg,</span> <span class='ocrx_word' id='word_1_106' title='bbox 579 1699 656 1751; x_wconf 87' lang='lat' dir='ltr'>cont.</span> <span class='ocrx_word' id='word_1_107' title='bbox 671 1691 848 1768; x_wconf 80' lang='lat' dir='ltr'>Pontificios,</span> <span class='ocrx_word' id='word_1_108' title='bbox 864 1701 893 1750; x_wconf 90' lang='lat' dir='ltr'>et</span> <span class='ocrx_word' id='word_1_109' title='bbox 906 1692 1037 1769; x_wconf 76' lang='lat' dir='ltr'>inprimis</span> <span class='ocrx_word' id='word_1_110' title='bbox 1050 1693 1072 1752; x_wconf 89' lang='lat' dir='ltr'>J</span> <span class='ocrx_word' id='word_1_111' title='bbox 1074 1702 1192 1753; x_wconf 83' lang='lat' dir='ltr'>csuttas.</span> 
     </span>
    </p>
   </div>
   <div class='ocr_carea' id='block_1_5' title="bbox 114 1848 1294 1960">
    <p class='ocr_par' dir='ltr' id='par_1_8' title="bbox 114 1848 1294 1960">
     <span class='ocr_line' id='line_1_15' title="bbox 114 1848 1294 1960; baseline 0.003 -54"><span class='ocrx_word' id='word_1_112' title='bbox 114 1911 192 1960; x_wconf 74' lang='lat' dir='ltr'>statu</span> <span class='ocrx_word' id='word_1_113' title='bbox 392 1849 418 1907; x_wconf 93' lang='lat'>1.</span> <span class='ocrx_word' id='word_1_114' title='bbox 433 1848 483 1908; x_wconf 85' lang='lat' dir='ltr'>Ad</span> <span class='ocrx_word' id='word_1_115' title='bbox 498 1849 672 1925; x_wconf 76' lang='lat' dir='ltr'>Quaestionis</span> <span class='ocrx_word' id='word_1_116' title='bbox 686 1857 793 1909; x_wconf 87' lang='lat' dir='ltr'>statum</span> <span class='ocrx_word' id='word_1_117' title='bbox 806 1848 1036 1926; x_wconf 85' lang='lat' dir='ltr'>intelligendum,</span> <span class='ocrx_word' id='word_1_118' title='bbox 1052 1850 1175 1910; x_wconf 85' lang='lat' dir='ltr'>observa</span> <span class='ocrx_word' id='word_1_119' title='bbox 1190 1855 1215 1910; x_wconf 94' lang='lat'>1.</span> <span class='ocrx_word' id='word_1_120' title='bbox 1227 1852 1294 1911; x_wconf 90' lang='lat' dir='ltr'>Non</span> 
     </span>
    </p>
   </div>
   <div class='ocr_carea' id='block_1_6' title="bbox 89 1974 1295 2169">
    <p class='ocr_par' dir='ltr' id='par_1_9' title="bbox 89 1974 1295 2169">
     <span class='ocr_line' id='line_1_16' title="bbox 155 1974 1295 2091; baseline 0.001 -24"><span class='ocrx_word' id='word_1_121' title='bbox 155 1974 190 2018; x_wconf 49' lang='grc' dir='ltr'>ΕΟ</span> <span class='ocrx_word' id='word_1_122' title='bbox 232 2003 240 2016; x_wconf 84' lang='grc'><em>“</em></span> <span class='ocrx_word' id='word_1_123' title='bbox 350 2009 514 2086; x_wconf 82' lang='lat' dir='ltr'>frequenter</span> <span class='ocrx_word' id='word_1_124' title='bbox 527 2010 570 2069; x_wconf 91' lang='lat' dir='ltr'>uti</span> <span class='ocrx_word' id='word_1_125' title='bbox 583 2010 643 2068; x_wconf 91' lang='lat' dir='ltr'>illie</span> <span class='ocrx_word' id='word_1_126' title='bbox 657 2009 800 2068; x_wconf 86' lang='lat' dir='ltr'>Rhetores</span> <span class='ocrx_word' id='word_1_127' title='bbox 816 2009 955 2086; x_wconf 85' lang='lat' dir='ltr'>infigura</span> <span class='ocrx_word' id='word_1_128' title='bbox 975 2011 1153 2070; x_wconf 85' lang='lat' dir='ltr'>antanaclssi</span> <span class='ocrx_word' id='word_1_129' title='bbox 1166 2020 1196 2071; x_wconf 91' lang='lat' dir='ltr'>et</span> <span class='ocrx_word' id='word_1_130' title='bbox 1209 2015 1295 2091; x_wconf 64' lang='lat' dir='ltr'>staff</span> 
     </span>
     <span class='ocr_line' id='line_1_17' title="bbox 89 2087 966 2169; baseline 0.001 -20"><span class='ocrx_word' id='word_1_131' title='bbox 89 2087 164 2169; x_wconf 84' lang='lat' dir='ltr'>dicta,</span> <span class='ocrx_word' id='word_1_132' title='bbox 177 2099 208 2152; x_wconf 89' lang='lat' dir='ltr'>et</span> <span class='ocrx_word' id='word_1_133' title='bbox 221 2092 254 2150; x_wconf 91' lang='lat' dir='ltr'>in</span> <span class='ocrx_word' id='word_1_134' title='bbox 268 2099 360 2168; x_wconf 80' lang='lat' dir='ltr'>tropo</span> <span class='ocrx_word' id='word_1_135' title='bbox 375 2089 489 2165; x_wconf 87' lang='lat' dir='ltr'>Ironiss,</span> <span class='ocrx_word' id='word_1_136' title='bbox 503 2098 536 2149; x_wconf 91' lang='lat' dir='ltr'>ut</span> <span class='ocrx_word' id='word_1_137' title='bbox 549 2089 581 2147; x_wconf 91' lang='lat' dir='ltr'>in</span> <span class='ocrx_word' id='word_1_138' title='bbox 593 2088 715 2166; x_wconf 82' lang='lat' dir='ltr'>vulgato</span> <span class='ocrx_word' id='word_1_139' title='bbox 729 2089 966 2167; x_wconf 75' lang='lat' dir='ltr'>Epigrammate:</span> 
     </span>
    </p>
   </div>
   <div class='ocr_carea' id='block_1_7' title="bbox 332 2246 1049 2404">
    <p class='ocr_par' dir='ltr' id='par_1_10' title="bbox 332 2246 1049 2404">
     <span class='ocr_line' id='line_1_18' title="bbox 332 2246 1049 2325; baseline 0 -16"><span class='ocrx_word' id='word_1_140' title='bbox 332 2246 403 2316; x_wconf 67' lang='lat' dir='ltr'>Qrcrls</span> <span class='ocrx_word' id='word_1_141' title='bbox 416 2257 496 2325; x_wconf 73' lang='lat' dir='ltr'>neqet</span> <span class='ocrx_word' id='word_1_142' title='bbox 507 2251 610 2307; x_wconf 66' lang='lat' dir='ltr'>AEeeoe</span> <span class='ocrx_word' id='word_1_143' title='bbox 623 2256 720 2307; x_wconf 81' lang='lat' dir='ltr'>natum</span> <span class='ocrx_word' id='word_1_144' title='bbox 734 2250 769 2306; x_wconf 81' lang='lat' dir='ltr'>de</span> <span class='ocrx_word' id='word_1_145' title='bbox 780 2247 869 2324; x_wconf 73' lang='lat' dir='ltr'>stripe</span> <span class='ocrx_word' id='word_1_146' title='bbox 881 2251 1049 2309; x_wconf 72' lang='lat' dir='ltr'>Neronem!</span> 
     </span>
     <span class='ocr_line' id='line_1_19' title="bbox 367 2329 1019 2404; baseline 0.003 -18"><span class='ocrx_word' id='word_1_147' title='bbox 367 2329 485 2386; x_wconf 78' lang='lat' dir='ltr'>Sustulit</span> <span class='ocrx_word' id='word_1_148' title='bbox 497 2329 542 2387; x_wconf 80' lang='lat' dir='ltr'>tic</span> <span class='ocrx_word' id='word_1_149' title='bbox 554 2329 689 2404; x_wconf 83' lang='lat' dir='ltr'>Matrem,</span> <span class='ocrx_word' id='word_1_150' title='bbox 703 2329 813 2388; x_wconf 76' lang='lat' dir='ltr'>mctulit</span> <span class='ocrx_word' id='word_1_151' title='bbox 825 2329 871 2388; x_wconf 76' lang='lat' dir='ltr'>illc</span> <span class='ocrx_word' id='word_1_152' title='bbox 883 2330 1001 2388; x_wconf 80' lang='lat' dir='ltr'>Patrem</span> <span class='ocrx_word' id='word_1_153' title='bbox 1007 2353 1019 2403; x_wconf 90' lang='lat'>,·</span> 
     </span>
    </p>
   </div>
   <div class='ocr_carea' id='block_1_8' title="bbox 94 2485 1362 4556">
    <p class='ocr_par' dir='ltr' id='par_1_11' title="bbox 94 2485 1362 3282">
     <span class='ocr_line' id='line_1_20' title="bbox 94 2485 1291 2567; baseline 0.006 -26"><span class='ocrx_word' id='word_1_154' title='bbox 94 2488 226 2560; x_wconf 88' lang='lat' dir='ltr'>quomodo</span> <span class='ocrx_word' id='word_1_155' title='bbox 240 2489 277 2547; x_wconf 87' lang='lat' dir='ltr'>in</span> <span class='ocrx_word' id='word_1_156' title='bbox 294 2485 444 2564; x_wconf 76' lang='lat' dir='ltr'>Scriptum</span> <span class='ocrx_word' id='word_1_157' title='bbox 457 2485 558 2546; x_wconf 84' lang='lat' dir='ltr'>eadem</span> <span class='ocrx_word' id='word_1_158' title='bbox 572 2506 632 2546; x_wconf 83' lang='lat' dir='ltr'>vox</span> <span class='ocrx_word' id='word_1_159' title='bbox 646 2486 762 2546; x_wconf 85' lang='lat' dir='ltr'>diverso</span> <span class='ocrx_word' id='word_1_160' title='bbox 780 2505 867 2546; x_wconf 88' lang='lat' dir='ltr'>sensu</span> <span class='ocrx_word' id='word_1_161' title='bbox 881 2506 956 2565; x_wconf 87' lang='lat' dir='ltr'>ssepe</span> <span class='ocrx_word' id='word_1_162' title='bbox 970 2487 1002 2546; x_wconf 91' lang='lat' dir='ltr'>in</span> <span class='ocrx_word' id='word_1_163' title='bbox 1015 2487 1117 2547; x_wconf 83' lang='lat' dir='ltr'>codem</span> <span class='ocrx_word' id='word_1_164' title='bbox 1130 2488 1195 2548; x_wconf 91' lang='lat' dir='ltr'>loco</span> <span class='ocrx_word' id='word_1_165' title='bbox 1209 2489 1291 2567; x_wconf 91' lang='lat' dir='ltr'>poni·</span> 
     </span>
     <span class='ocr_line' id='line_1_21' title="bbox 94 2567 1292 2646; baseline 0.008 -26"><span class='ocrx_word' id='word_1_166' title='bbox 94 2569 140 2638; x_wconf 89' lang='lat' dir='ltr'>tur,</span> <span class='ocrx_word' id='word_1_167' title='bbox 154 2567 264 2628; x_wconf 88' lang='lat' dir='ltr'>Johan.</span> <span class='ocrx_word' id='word_1_168' title='bbox 284 2569 306 2626; x_wconf 88' lang='lat' dir='ltr'>i.</span> <span class='ocrx_word' id='word_1_169' title='bbox 324 2569 371 2642; x_wconf 88' lang='lat'>10,</span> <span class='ocrx_word' id='word_1_170' title='bbox 387 2567 478 2626; x_wconf 89' lang='lat' dir='ltr'>Marc.</span> <span class='ocrx_word' id='word_1_171' title='bbox 492 2567 554 2625; x_wconf 67' lang='lat' dir='ltr'>viii„</span> <span class='ocrx_word' id='word_1_172' title='bbox 570 2569 626 2644; x_wconf 84' lang='lat'>35;</span> <span class='ocrx_word' id='word_1_173' title='bbox 649 2567 710 2626; x_wconf 86' lang='lat' dir='ltr'>Nec</span> <span class='ocrx_word' id='word_1_174' title='bbox 724 2567 760 2626; x_wconf 89' lang='lat' dir='ltr'>de</span> <span class='ocrx_word' id='word_1_175' title='bbox 774 2587 826 2624; x_wconf 75' lang='lat' dir='ltr'>usu</span> <span class='ocrx_word' id='word_1_176' title='bbox 839 2568 952 2644; x_wconf 72' lang='lat' dir='ltr'>Lopico,</span> <span class='ocrx_word' id='word_1_177' title='bbox 969 2569 1019 2646; x_wconf 92' lang='lat' dir='ltr'>qui</span> <span class='ocrx_word' id='word_1_178' title='bbox 1033 2587 1109 2646; x_wconf 77' lang='lat' dir='ltr'>saepe</span> <span class='ocrx_word' id='word_1_179' title='bbox 1130 2568 1240 2628; x_wconf 89' lang='lat' dir='ltr'>obtinet</span> <span class='ocrx_word' id='word_1_180' title='bbox 1261 2570 1292 2628; x_wconf 88' lang='lat' dir='ltr'>in</span> 
     </span>
     <span class='ocr_line' id='line_1_22' title="bbox 94 2641 1291 2728; baseline 0.002 -24"><span class='ocrx_word' id='word_1_181' title='bbox 94 2641 341 2722; x_wconf 68' lang='lat' dir='ltr'>disputationibus,</span> <span class='ocrx_word' id='word_1_182' title='bbox 357 2655 387 2706; x_wconf 92' lang='lat' dir='ltr'>et</span> <span class='ocrx_word' id='word_1_183' title='bbox 400 2646 465 2706; x_wconf 88' lang='lat' dir='ltr'>aliis</span> <span class='ocrx_word' id='word_1_184' title='bbox 478 2647 658 2706; x_wconf 81' lang='lat' dir='ltr'>sermonibus</span> <span class='ocrx_word' id='word_1_185' title='bbox 672 2652 844 2728; x_wconf 63' lang='grc' dir='ltr'>πιμσικοῖς,</span> <span class='ocrx_word' id='word_1_186' title='bbox 867 2647 917 2724; x_wconf 93' lang='lat' dir='ltr'>qui</span> <span class='ocrx_word' id='word_1_187' title='bbox 941 2647 1166 2707; x_wconf 83' lang='lat' dir='ltr'>exercendorum</span> <span class='ocrx_word' id='word_1_188' title='bbox 1181 2657 1210 2708; x_wconf 90' lang='lat' dir='ltr'>et</span> <span class='ocrx_word' id='word_1_189' title='bbox 1223 2669 1291 2708; x_wconf 90' lang='lat' dir='ltr'>con·</span> 
     </span>
     <span class='ocr_line' id='line_1_23' title="bbox 96 2726 1294 2805; baseline 0.004 -24"><span class='ocrx_word' id='word_1_190' title='bbox 96 2731 133 2781; x_wconf 81' lang='lat' dir='ltr'>trs</span> <span class='ocrx_word' id='word_1_191' title='bbox 145 2729 325 2805; x_wconf 78' lang='lat' dir='ltr'>sophismata</span> <span class='ocrx_word' id='word_1_192' title='bbox 338 2726 558 2786; x_wconf 89' lang='lat' dir='ltr'>muniendorum</span> <span class='ocrx_word' id='word_1_193' title='bbox 572 2726 753 2803; x_wconf 83' lang='lat' dir='ltr'>ingeniorum</span> <span class='ocrx_word' id='word_1_194' title='bbox 774 2745 861 2785; x_wconf 83' lang='lat' dir='ltr'>causo</span> <span class='ocrx_word' id='word_1_195' title='bbox 882 2727 1088 2803; x_wconf 87' lang='lat' dir='ltr'>instituuntur;</span> <span class='ocrx_word' id='word_1_196' title='bbox 1113 2727 1171 2786; x_wconf 83' lang='lat' dir='ltr'>Sed</span> <span class='ocrx_word' id='word_1_197' title='bbox 1185 2726 1221 2786; x_wconf 89' lang='lat' dir='ltr'>dc</span> <span class='ocrx_word' id='word_1_198' title='bbox 1240 2747 1294 2787; x_wconf 81' lang='lat' dir='ltr'>usa</span> 
     </span>
     <span class='ocr_line' id='line_1_24' title="bbox 97 2803 1293 2882; baseline 0.003 -19"><span class='ocrx_word' id='word_1_199' title='bbox 97 2803 252 2881; x_wconf 66' lang='grc' dir='ltr'>Μαρίου</span> <span class='ocrx_word' id='word_1_200' title='bbox 268 2815 299 2866; x_wconf 87' lang='lat' dir='ltr'>et</span> <span class='ocrx_word' id='word_1_201' title='bbox 312 2807 415 2866; x_wconf 79' lang='lat' dir='ltr'>Ettico</span> <span class='ocrx_word' id='word_1_202' title='bbox 429 2806 459 2864; x_wconf 90' lang='lat' dir='ltr'>in</span> <span class='ocrx_word' id='word_1_203' title='bbox 472 2806 637 2864; x_wconf 90' lang='lat' dir='ltr'>testimonio</span> <span class='ocrx_word' id='word_1_204' title='bbox 648 2805 779 2881; x_wconf 85' lang='lat' dir='ltr'>dicendo,</span> <span class='ocrx_word' id='word_1_205' title='bbox 790 2814 842 2864; x_wconf 88' lang='lat' dir='ltr'>aut</span> <span class='ocrx_word' id='word_1_206' title='bbox 855 2805 886 2864; x_wconf 90' lang='lat' dir='ltr'>in</span> <span class='ocrx_word' id='word_1_207' title='bbox 896 2807 917 2865; x_wconf 90' lang='lat' dir='ltr'>J</span> <span class='ocrx_word' id='word_1_208' title='bbox 919 2805 1024 2882; x_wconf 91' lang='lat' dir='ltr'>udicio,</span> <span class='ocrx_word' id='word_1_209' title='bbox 1037 2807 1084 2865; x_wconf 84' lang='lat' dir='ltr'>vel</span> <span class='ocrx_word' id='word_1_210' title='bbox 1097 2806 1293 2867; x_wconf 70' lang='lat' dir='ltr'>confessionis</span> 
     </span>
     <span class='ocr_line' id='line_1_25' title="bbox 97 2885 1291 2964; baseline 0.003 -22"><span class='ocrx_word' id='word_1_211' title='bbox 97 2901 177 2945; x_wconf 85' lang='lat' dir='ltr'>casu:</span> <span class='ocrx_word' id='word_1_212' title='bbox 198 2889 249 2946; x_wconf 81' lang='lat' dir='ltr'>An</span> <span class='ocrx_word' id='word_1_213' title='bbox 271 2895 378 2964; x_wconf 77' lang='lat' dir='ltr'>prseter</span> <span class='ocrx_word' id='word_1_214' title='bbox 397 2885 616 2963; x_wconf 75' lang='lat' dir='ltr'>ambiguitatem</span> <span class='ocrx_word' id='word_1_215' title='bbox 636 2885 863 2962; x_wconf 82' lang='lat' dir='ltr'>grammaticam,</span> <span class='ocrx_word' id='word_1_216' title='bbox 878 2887 926 2944; x_wconf 84' lang='lat' dir='ltr'>vel</span> <span class='ocrx_word' id='word_1_217' title='bbox 946 2885 1080 2962; x_wconf 85' lang='lat' dir='ltr'>logicam,</span> <span class='ocrx_word' id='word_1_218' title='bbox 1097 2905 1162 2962; x_wconf 80' lang='lat' dir='ltr'>quae</span> <span class='ocrx_word' id='word_1_219' title='bbox 1184 2887 1233 2944; x_wconf 87' lang='lat' dir='ltr'>vel</span> <span class='ocrx_word' id='word_1_220' title='bbox 1253 2906 1291 2946; x_wconf 86' lang='lat' dir='ltr'>ex</span> 
     </span>
     <span class='ocr_line' id='line_1_26' title="bbox 97 2965 1293 3042; baseline 0.002 -22"><span class='ocrx_word' id='word_1_221' title='bbox 97 2965 205 3042; x_wconf 80' lang='lat' dir='ltr'>ancipiti</span> <span class='ocrx_word' id='word_1_222' title='bbox 213 2967 371 3026; x_wconf 84' lang='lat' dir='ltr'>verborum</span> <span class='ocrx_word' id='word_1_223' title='bbox 380 2985 475 3041; x_wconf 89' lang='lat' dir='ltr'>sensu,</span> <span class='ocrx_word' id='word_1_224' title='bbox 487 2965 537 3024; x_wconf 83' lang='lat' dir='ltr'>vel</span> <span class='ocrx_word' id='word_1_225' title='bbox 546 2985 584 3024; x_wconf 85' lang='lat' dir='ltr'>ex</span> <span class='ocrx_word' id='word_1_226' title='bbox 595 2965 732 3025; x_wconf 85' lang='lat' dir='ltr'>orationis</span> <span class='ocrx_word' id='word_1_227' title='bbox 743 2973 895 3038; x_wconf 80' lang='lat' dir='ltr'>structura,</span> <span class='ocrx_word' id='word_1_228' title='bbox 906 2966 955 3023; x_wconf 88' lang='lat' dir='ltr'>vel</span> <span class='ocrx_word' id='word_1_229' title='bbox 966 2984 1004 3022; x_wconf 83' lang='lat' dir='ltr'>ex</span> <span class='ocrx_word' id='word_1_230' title='bbox 1014 2965 1293 3022; x_wconf 71' lang='lat' dir='ltr'>circumstantiarum</span> 
     </span>
     <span class='ocr_line' id='line_1_27' title="bbox 98 3042 1294 3124; baseline 0.002 -24"><span class='ocrx_word' id='word_1_231' title='bbox 98 3043 173 3100; x_wconf 76' lang='lat' dir='ltr'>saria</span> <span class='ocrx_word' id='word_1_232' title='bbox 185 3046 373 3124; x_wconf 85' lang='lat' dir='ltr'>dispositione</span> <span class='ocrx_word' id='word_1_233' title='bbox 394 3064 471 3122; x_wconf 78' lang='lat' dir='ltr'>saepe</span> <span class='ocrx_word' id='word_1_234' title='bbox 484 3045 579 3104; x_wconf 87' lang='lat' dir='ltr'>locum</span> <span class='ocrx_word' id='word_1_235' title='bbox 593 3045 689 3120; x_wconf 86' lang='lat' dir='ltr'>habet,</span> <span class='ocrx_word' id='word_1_236' title='bbox 712 3045 769 3102; x_wconf 84' lang='lat' dir='ltr'>elia</span> <span class='ocrx_word' id='word_1_237' title='bbox 787 3042 965 3102; x_wconf 89' lang='lat' dir='ltr'>admittenda</span> <span class='ocrx_word' id='word_1_238' title='bbox 980 3043 1017 3101; x_wconf 91' lang='lat' dir='ltr'>sit</span> <span class='ocrx_word' id='word_1_239' title='bbox 1031 3043 1216 3118; x_wconf 82' lang='lat' dir='ltr'>Theologica,</span> <span class='ocrx_word' id='word_1_240' title='bbox 1231 3044 1294 3102; x_wconf 72' lang='lat' dir='ltr'>‘sub</span> 
     </span>
     <span class='ocr_line' id='line_1_28' title="bbox 101 3119 1293 3203; baseline 0 -22"><span class='ocrx_word' id='word_1_241' title='bbox 101 3119 192 3196; x_wconf 73' lang='lat' dir='ltr'>aliquo</span> <span class='ocrx_word' id='word_1_242' title='bbox 202 3125 381 3184; x_wconf 84' lang='lat' dir='ltr'>limitationis</span> <span class='ocrx_word' id='word_1_243' title='bbox 394 3133 546 3203; x_wconf 66' lang='lat' dir='ltr'>pretextu,</span> <span class='ocrx_word' id='word_1_244' title='bbox 566 3143 618 3202; x_wconf 87' lang='lat' dir='ltr'>per</span> <span class='ocrx_word' id='word_1_245' title='bbox 631 3144 717 3202; x_wconf 87' lang='lat' dir='ltr'>quam</span> <span class='ocrx_word' id='word_1_246' title='bbox 732 3123 812 3181; x_wconf 88' lang='lat' dir='ltr'>aliud</span> <span class='ocrx_word' id='word_1_247' title='bbox 826 3141 874 3180; x_wconf 91' lang='lat' dir='ltr'>ore</span> <span class='ocrx_word' id='word_1_248' title='bbox 887 3121 1063 3199; x_wconf 85' lang='lat' dir='ltr'>profitemur,</span> <span class='ocrx_word' id='word_1_249' title='bbox 1085 3121 1164 3180; x_wconf 86' lang='lat' dir='ltr'>aliud</span> <span class='ocrx_word' id='word_1_250' title='bbox 1178 3131 1293 3198; x_wconf 80' lang='lat' dir='ltr'>pectore</span> 
     </span>
     <span class='ocr_line' id='line_1_29' title="bbox 101 3199 1362 3282; baseline 0.002 -24"><span class='ocrx_word' id='word_1_251' title='bbox 101 3199 222 3262; x_wconf 74' lang='lat' dir='ltr'>clausum</span> <span class='ocrx_word' id='word_1_252' title='bbox 237 3212 374 3279; x_wconf 87' lang='lat' dir='ltr'>tenemus,</span> <span class='ocrx_word' id='word_1_253' title='bbox 389 3215 423 3264; x_wconf 91' lang='lat' dir='ltr'>ut</span> <span class='ocrx_word' id='word_1_254' title='bbox 436 3204 589 3264; x_wconf 86' lang='lat' dir='ltr'>eludentur</span> <span class='ocrx_word' id='word_1_255' title='bbox 603 3205 725 3282; x_wconf 77' lang='lat' dir='ltr'>quaesita</span> <span class='ocrx_word' id='word_1_256' title='bbox 738 3204 760 3263; x_wconf 90' lang='lat' dir='ltr'>J</span> <span class='ocrx_word' id='word_1_257' title='bbox 761 3202 889 3276; x_wconf 91' lang='lat' dir='ltr'>udicum,</span> <span class='ocrx_word' id='word_1_258' title='bbox 904 3209 933 3260; x_wconf 94' lang='lat' dir='ltr'>et</span> <span class='ocrx_word' id='word_1_259' title='bbox 946 3201 1055 3260; x_wconf 84' lang='lat' dir='ltr'>veritas</span> <span class='ocrx_word' id='word_1_260' title='bbox 1069 3201 1253 3262; x_wconf 85' lang='lat' dir='ltr'>occultetur?</span> <span class='ocrx_word' id='word_1_261' title='bbox 1360 3237 1362 3246; x_wconf 51' lang='grc' dir='ltr'><strong><em>ι</em></strong></span> 
     </span>
    </p>

    <p class='ocr_par' dir='ltr' id='par_1_12' title="bbox 99 3279 1297 4556">
     <span class='ocr_line' id='line_1_30' title="bbox 139 3279 1293 3361; baseline 0.003 -22"><span class='ocrx_word' id='word_1_262' title='bbox 139 3279 178 3339; x_wconf 92' lang='lat' dir='ltr'>II.</span> <span class='ocrx_word' id='word_1_263' title='bbox 199 3283 266 3342; x_wconf 87' lang='lat' dir='ltr'>Non</span> <span class='ocrx_word' id='word_1_264' title='bbox 278 3285 416 3361; x_wconf 80' lang='lat' dir='ltr'>quaeritur</span> <span class='ocrx_word' id='word_1_265' title='bbox 429 3284 466 3343; x_wconf 89' lang='lat' dir='ltr'>de</span> <span class='ocrx_word' id='word_1_266' title='bbox 479 3285 658 3344; x_wconf 83' lang='lat' dir='ltr'>Limitatione</span> <span class='ocrx_word' id='word_1_267' title='bbox 673 3283 832 3361; x_wconf 80' lang='lat' dir='ltr'>proposita,</span> <span class='ocrx_word' id='word_1_268' title='bbox 847 3281 896 3339; x_wconf 84' lang='lat' dir='ltr'>vel</span> <span class='ocrx_word' id='word_1_269' title='bbox 910 3281 1054 3357; x_wconf 83' lang='lat' dir='ltr'>explicite,</span> <span class='ocrx_word' id='word_1_270' title='bbox 1074 3283 1123 3340; x_wconf 83' lang='lat' dir='ltr'>vel</span> <span class='ocrx_word' id='word_1_271' title='bbox 1142 3282 1293 3360; x_wconf 87' lang='lat' dir='ltr'>implicite,</span> 
     </span>
     <span class='ocr_line' id='line_1_31' title="bbox 101 3360 1295 3441; baseline 0.007 -27"><span class='ocrx_word' id='word_1_272' title='bbox 101 3376 149 3416; x_wconf 86' lang='lat' dir='ltr'>nec</span> <span class='ocrx_word' id='word_1_273' title='bbox 162 3360 195 3421; x_wconf 91' lang='lat' dir='ltr'>ds</span> <span class='ocrx_word' id='word_1_274' title='bbox 206 3365 353 3440; x_wconf 67' lang='lat' dir='ltr'>supposta</span> <span class='ocrx_word' id='word_1_275' title='bbox 366 3384 432 3441; x_wconf 80' lang='lat' dir='ltr'>quae</span> <span class='ocrx_word' id='word_1_276' title='bbox 446 3365 494 3422; x_wconf 88' lang='lat' dir='ltr'>vel</span> <span class='ocrx_word' id='word_1_277' title='bbox 508 3383 545 3422; x_wconf 87' lang='lat' dir='ltr'>ex</span> <span class='ocrx_word' id='word_1_278' title='bbox 559 3364 703 3423; x_wconf 90' lang='lat' dir='ltr'>communi</span> <span class='ocrx_word' id='word_1_279' title='bbox 717 3361 942 3440; x_wconf 81' lang='lat' dir='ltr'>colloquentium</span> <span class='ocrx_word' id='word_1_280' title='bbox 957 3381 1107 3438; x_wconf 90' lang='lat' dir='ltr'>consensu,</span> <span class='ocrx_word' id='word_1_281' title='bbox 1118 3364 1166 3421; x_wconf 84' lang='lat' dir='ltr'>vel</span> <span class='ocrx_word' id='word_1_282' title='bbox 1177 3383 1215 3422; x_wconf 87' lang='lat' dir='ltr'>ex</span> <span class='ocrx_word' id='word_1_283' title='bbox 1229 3364 1295 3422; x_wconf 87' lang='lat' dir='ltr'>eliis</span> 
     </span>
     <span class='ocr_line' id='line_1_32' title="bbox 101 3437 1294 3521; baseline 0 -19"><span class='ocrx_word' id='word_1_284' title='bbox 101 3437 314 3502; x_wconf 62' lang='lat' dir='ltr'>circumstantiis</span> <span class='ocrx_word' id='word_1_285' title='bbox 324 3443 356 3501; x_wconf 88' lang='lat' dir='ltr'>in</span> <span class='ocrx_word' id='word_1_286' title='bbox 365 3443 460 3502; x_wconf 89' lang='lat' dir='ltr'>medio</span> <span class='ocrx_word' id='word_1_287' title='bbox 469 3443 571 3520; x_wconf 90' lang='lat' dir='ltr'>positis</span> <span class='ocrx_word' id='word_1_288' title='bbox 585 3443 669 3502; x_wconf 86' lang='lat' dir='ltr'>facile</span> <span class='ocrx_word' id='word_1_289' title='bbox 683 3451 778 3521; x_wconf 88' lang='lat' dir='ltr'>potest</span> <span class='ocrx_word' id='word_1_290' title='bbox 792 3441 891 3517; x_wconf 79' lang='lat' dir='ltr'>colligi</span> <span class='ocrx_word' id='word_1_291' title='bbox 902 3464 909 3517; x_wconf 87' lang='lat'>;</span> <span class='ocrx_word' id='word_1_292' title='bbox 931 3441 1005 3500; x_wconf 81' lang='lat' dir='ltr'>tales</span> <span class='ocrx_word' id='word_1_293' title='bbox 1015 3442 1092 3500; x_wconf 89' lang='lat' dir='ltr'>enim</span> <span class='ocrx_word' id='word_1_294' title='bbox 1105 3443 1294 3503; x_wconf 81' lang='lat' dir='ltr'>limitationes</span> 
     </span>
     <span class='ocr_line' id='line_1_33' title="bbox 102 3517 1293 3600; baseline 0.003 -22"><span class='ocrx_word' id='word_1_295' title='bbox 102 3517 155 3578; x_wconf 79' lang='lat' dir='ltr'>sive</span> <span class='ocrx_word' id='word_1_296' title='bbox 167 3523 363 3584; x_wconf 79' lang='lat' dir='ltr'>restrictiores</span> <span class='ocrx_word' id='word_1_297' title='bbox 376 3523 496 3600; x_wconf 81' lang='lat' dir='ltr'>logicas,</span> <span class='ocrx_word' id='word_1_298' title='bbox 517 3542 582 3600; x_wconf 87' lang='lat' dir='ltr'>quse</span> <span class='ocrx_word' id='word_1_299' title='bbox 597 3543 634 3582; x_wconf 83' lang='lat' dir='ltr'>ex</span> <span class='ocrx_word' id='word_1_300' title='bbox 654 3523 809 3600; x_wconf 89' lang='lat' dir='ltr'>propositis</span> <span class='ocrx_word' id='word_1_301' title='bbox 829 3521 989 3596; x_wconf 72' lang='lat' dir='ltr'>eliciantur,</span> <span class='ocrx_word' id='word_1_302' title='bbox 1004 3522 1053 3580; x_wconf 85' lang='lat' dir='ltr'>vel</span> <span class='ocrx_word' id='word_1_303' title='bbox 1068 3522 1204 3600; x_wconf 87' lang='lat' dir='ltr'>utrinque</span> <span class='ocrx_word' id='word_1_304' title='bbox 1225 3543 1293 3600; x_wconf 89' lang='lat' dir='ltr'>sup·</span> 
     </span>
     <span class='ocr_line' id='line_1_34' title="bbox 101 3602 1294 3680; baseline 0 -20"><span class='ocrx_word' id='word_1_305' title='bbox 101 3611 232 3671; x_wconf 81' lang='lat' dir='ltr'>ponantur</span> <span class='ocrx_word' id='word_1_306' title='bbox 246 3611 277 3662; x_wconf 88' lang='lat' dir='ltr'>et</span> <span class='ocrx_word' id='word_1_307' title='bbox 291 3603 553 3680; x_wconf 80' lang='lat' dir='ltr'>subintelligantur,</span> <span class='ocrx_word' id='word_1_308' title='bbox 569 3603 663 3662; x_wconf 79' lang='lat' dir='ltr'>licitas</span> <span class='ocrx_word' id='word_1_309' title='bbox 677 3622 749 3676; x_wconf 88' lang='lat' dir='ltr'>esse,</span> <span class='ocrx_word' id='word_1_310' title='bbox 764 3610 794 3661; x_wconf 86' lang='lat' dir='ltr'>ct</span> <span class='ocrx_word' id='word_1_311' title='bbox 808 3619 968 3660; x_wconf 89' lang='lat' dir='ltr'>sermonem</span> <span class='ocrx_word' id='word_1_312' title='bbox 981 3620 999 3659; x_wconf 90' lang='lat' dir='ltr'>a</span> <span class='ocrx_word' id='word_1_313' title='bbox 1012 3602 1162 3660; x_wconf 90' lang='lat' dir='ltr'>mendacio</span> <span class='ocrx_word' id='word_1_314' title='bbox 1186 3612 1216 3662; x_wconf 89' lang='lat' dir='ltr'>et</span> <span class='ocrx_word' id='word_1_315' title='bbox 1228 3623 1294 3680; x_wconf 88' lang='lat' dir='ltr'>per·</span> 
     </span>
     <span class='ocr_line' id='line_1_35' title="bbox 99 3675 1293 3760; baseline -0.003 -17"><span class='ocrx_word' id='word_1_316' title='bbox 99 3675 167 3751; x_wconf 72' lang='lat' dir='ltr'>jurio</span> <span class='ocrx_word' id='word_1_317' title='bbox 178 3683 303 3743; x_wconf 84' lang='lat' dir='ltr'>liberare</span> <span class='ocrx_word' id='word_1_318' title='bbox 326 3701 412 3742; x_wconf 85' lang='lat' dir='ltr'>nemo</span> <span class='ocrx_word' id='word_1_319' title='bbox 426 3691 522 3760; x_wconf 82' lang='lat' dir='ltr'>neget.</span> <span class='ocrx_word' id='word_1_320' title='bbox 567 3682 625 3742; x_wconf 84' lang='lat' dir='ltr'>Sed</span> <span class='ocrx_word' id='word_1_321' title='bbox 645 3682 741 3759; x_wconf 86' lang='lat' dir='ltr'>agitur</span> <span class='ocrx_word' id='word_1_322' title='bbox 760 3681 797 3740; x_wconf 89' lang='lat' dir='ltr'>de</span> <span class='ocrx_word' id='word_1_323' title='bbox 818 3681 997 3740; x_wconf 80' lang='lat' dir='ltr'>Limitationc</span> <span class='ocrx_word' id='word_1_324' title='bbox 1016 3683 1160 3758; x_wconf 81' lang='lat' dir='ltr'>supposita</span> <span class='ocrx_word' id='word_1_325' title='bbox 1181 3690 1293 3742; x_wconf 86' lang='lat' dir='ltr'>tantum</span> 
     </span>
     <span class='ocr_line' id='line_1_36' title="bbox 101 3761 1293 3840; baseline 0.003 -24"><span class='ocrx_word' id='word_1_326' title='bbox 101 3765 126 3816; x_wconf 77' lang='lat' dir='ltr'>st</span> <span class='ocrx_word' id='word_1_327' title='bbox 138 3763 337 3823; x_wconf 85' lang='lat' dir='ltr'>subintellecta</span> <span class='ocrx_word' id='word_1_328' title='bbox 350 3763 388 3822; x_wconf 92' lang='lat' dir='ltr'>ab</span> <span class='ocrx_word' id='word_1_329' title='bbox 401 3783 435 3821; x_wconf 89' lang='lat' dir='ltr'>co</span> <span class='ocrx_word' id='word_1_330' title='bbox 449 3764 500 3840; x_wconf 86' lang='lat' dir='ltr'>qui</span> <span class='ocrx_word' id='word_1_331' title='bbox 519 3762 656 3840; x_wconf 89' lang='lat' dir='ltr'>loquitur,</span> <span class='ocrx_word' id='word_1_332' title='bbox 678 3782 743 3839; x_wconf 85' lang='lat' dir='ltr'>quse</span> <span class='ocrx_word' id='word_1_333' title='bbox 763 3761 839 3839; x_wconf 90' lang='lat' dir='ltr'>parit</span> <span class='ocrx_word' id='word_1_334' title='bbox 858 3761 1115 3839; x_wconf 70' lang='lat' dir='ltr'>aequivocationem</span> <span class='ocrx_word' id='word_1_335' title='bbox 1136 3762 1293 3836; x_wconf 82' lang='lat' dir='ltr'>verbalem,</span> 
     </span>
     <span class='ocr_line' id='line_1_37' title="bbox 101 3839 1294 3919; baseline 0.003 -26"><span class='ocrx_word' id='word_1_336' title='bbox 101 3839 143 3896; x_wconf 78' lang='lat' dir='ltr'>rel</span> <span class='ocrx_word' id='word_1_337' title='bbox 153 3844 268 3902; x_wconf 84' lang='lat' dir='ltr'>realem.</span> <span class='ocrx_word' id='word_1_338' title='bbox 316 3843 443 3901; x_wconf 80' lang='lat' dir='ltr'>Verbalis</span> <span class='ocrx_word' id='word_1_339' title='bbox 456 3851 508 3918; x_wconf 86' lang='lat' dir='ltr'>cst,</span> <span class='ocrx_word' id='word_1_340' title='bbox 524 3862 614 3919; x_wconf 92' lang='lat' dir='ltr'>quum</span> <span class='ocrx_word' id='word_1_341' title='bbox 628 3841 717 3901; x_wconf 84' lang='lat' dir='ltr'>verba</span> <span class='ocrx_word' id='word_1_342' title='bbox 729 3842 793 3919; x_wconf 84' lang='lat' dir='ltr'>ipsa</span> <span class='ocrx_word' id='word_1_343' title='bbox 806 3861 871 3919; x_wconf 87' lang='lat' dir='ltr'>quse</span> <span class='ocrx_word' id='word_1_344' title='bbox 884 3849 1067 3918; x_wconf 87' lang='lat' dir='ltr'>usurpantur,</span> <span class='ocrx_word' id='word_1_345' title='bbox 1083 3850 1151 3900; x_wconf 90' lang='lat' dir='ltr'>sunt</span> <span class='ocrx_word' id='word_1_346' title='bbox 1165 3840 1294 3916; x_wconf 85' lang='lat' dir='ltr'>ambigui</span> 
     </span>
     <span class='ocr_line' id='line_1_38' title="bbox 103 3919 1295 4000; baseline -0.002 -20"><span class='ocrx_word' id='word_1_347' title='bbox 103 3934 199 3998; x_wconf 71' lang='lat' dir='ltr'>tensus,</span> <span class='ocrx_word' id='word_1_348' title='bbox 215 3931 247 3982; x_wconf 91' lang='lat' dir='ltr'>et</span> <span class='ocrx_word' id='word_1_349' title='bbox 259 3922 313 3980; x_wconf 92' lang='lat' dir='ltr'>illo</span> <span class='ocrx_word' id='word_1_350' title='bbox 328 3941 415 3982; x_wconf 87' lang='lat' dir='ltr'>sensu</span> <span class='ocrx_word' id='word_1_351' title='bbox 428 3923 605 4000; x_wconf 87' lang='lat' dir='ltr'>recipiuntur</span> <span class='ocrx_word' id='word_1_352' title='bbox 618 3942 636 3980; x_wconf 92' lang='lat' dir='ltr'>a</span> <span class='ocrx_word' id='word_1_353' title='bbox 646 3922 771 3999; x_wconf 83' lang='lat' dir='ltr'>jurante,</span> <span class='ocrx_word' id='word_1_354' title='bbox 786 3940 872 3999; x_wconf 90' lang='lat' dir='ltr'>quem</span> <span class='ocrx_word' id='word_1_355' title='bbox 886 3921 1036 3980; x_wconf 80' lang='lat' dir='ltr'>audientes</span> <span class='ocrx_word' id='word_1_356' title='bbox 1051 3921 1130 3996; x_wconf 92' lang='lat' dir='ltr'>cupit</span> <span class='ocrx_word' id='word_1_357' title='bbox 1143 3919 1245 3994; x_wconf 86' lang='lat' dir='ltr'>celare,</span> <span class='ocrx_word' id='word_1_358' title='bbox 1260 3928 1295 3978; x_wconf 85' lang='lat' dir='ltr'>ut</span> 
     </span>
     <span class='ocr_line' id='line_1_39' title="bbox 102 3995 1294 4080; baseline -0.004 -18"><span class='ocrx_word' id='word_1_359' title='bbox 102 3995 151 4056; x_wconf 63' lang='lat' dir='ltr'>&amp;llo</span> <span class='ocrx_word' id='word_1_360' title='bbox 162 4021 249 4062; x_wconf 84' lang='lat' dir='ltr'>sensu</span> <span class='ocrx_word' id='word_1_361' title='bbox 262 4002 302 4060; x_wconf 84' lang='lat' dir='ltr'>ab</span> <span class='ocrx_word' id='word_1_362' title='bbox 316 4001 388 4078; x_wconf 89' lang='lat' dir='ltr'>ipsis</span> <span class='ocrx_word' id='word_1_363' title='bbox 401 4002 598 4080; x_wconf 85' lang='lat' dir='ltr'>accipiantur:</span> <span class='ocrx_word' id='word_1_364' title='bbox 619 4011 652 4060; x_wconf 92' lang='lat' dir='ltr'>ut</span> <span class='ocrx_word' id='word_1_365' title='bbox 666 4001 690 4059; x_wconf 89' lang='lat' dir='ltr'>si</span> <span class='ocrx_word' id='word_1_366' title='bbox 704 4002 770 4078; x_wconf 91' lang='lat' dir='ltr'>quis</span> <span class='ocrx_word' id='word_1_367' title='bbox 783 4009 910 4078; x_wconf 82' lang='lat' dir='ltr'>rogatus,</span> <span class='ocrx_word' id='word_1_368' title='bbox 927 4000 977 4058; x_wconf 89' lang='lat' dir='ltr'>An</span> <span class='ocrx_word' id='word_1_369' title='bbox 992 4001 1096 4058; x_wconf 87' lang='lat' dir='ltr'>Petrus</span> <span class='ocrx_word' id='word_1_370' title='bbox 1115 4007 1191 4056; x_wconf 82' lang='lat' dir='ltr'>essct</span> <span class='ocrx_word' id='word_1_371' title='bbox 1204 3997 1294 4075; x_wconf 81' lang='lat' dir='ltr'>domi,</span> 
     </span>
     <span class='ocr_line' id='line_1_40' title="bbox 102 4078 1294 4158; baseline -0.001 -18"><span class='ocrx_word' id='word_1_372' title='bbox 102 4082 286 4156; x_wconf 70' lang='lat' dir='ltr'>responderat,</span> <span class='ocrx_word' id='word_1_373' title='bbox 297 4081 365 4140; x_wconf 85' lang='lat' dir='ltr'>Non</span> <span class='ocrx_word' id='word_1_374' title='bbox 379 4089 433 4156; x_wconf 85' lang='lat' dir='ltr'>est,</span> <span class='ocrx_word' id='word_1_375' title='bbox 442 4082 473 4140; x_wconf 92' lang='lat' dir='ltr'>id</span> <span class='ocrx_word' id='word_1_376' title='bbox 487 4090 539 4158; x_wconf 90' lang='lat' dir='ltr'>est,</span> <span class='ocrx_word' id='word_1_377' title='bbox 550 4081 617 4140; x_wconf 88' lang='lat' dir='ltr'>Non</span> <span class='ocrx_word' id='word_1_378' title='bbox 630 4080 770 4140; x_wconf 81' lang='lat' dir='ltr'>comedit:</span> <span class='ocrx_word' id='word_1_379' title='bbox 791 4082 933 4156; x_wconf 83' lang='lat' dir='ltr'>Mentatia,</span> <span class='ocrx_word' id='word_1_380' title='bbox 949 4099 1038 4156; x_wconf 89' lang='lat' dir='ltr'>quum</span> <span class='ocrx_word' id='word_1_381' title='bbox 1048 4079 1139 4138; x_wconf 83' lang='lat' dir='ltr'>verba</span> <span class='ocrx_word' id='word_1_382' title='bbox 1151 4078 1215 4156; x_wconf 89' lang='lat' dir='ltr'>ipsa</span> <span class='ocrx_word' id='word_1_383' title='bbox 1228 4099 1294 4156; x_wconf 83' lang='lat' dir='ltr'>quse</span> 
     </span>
     <span class='ocr_line' id='line_1_41' title="bbox 103 4156 1294 4239; baseline 0.002 -22"><span class='ocrx_word' id='word_1_384' title='bbox 103 4156 265 4221; x_wconf 72' lang='lat' dir='ltr'>mittentur</span> <span class='ocrx_word' id='word_1_385' title='bbox 279 4181 371 4237; x_wconf 85' lang='lat' dir='ltr'>uuum</span> <span class='ocrx_word' id='word_1_386' title='bbox 386 4161 544 4239; x_wconf 90' lang='lat' dir='ltr'>simplicem</span> <span class='ocrx_word' id='word_1_387' title='bbox 558 4161 667 4220; x_wconf 86' lang='lat' dir='ltr'>habent</span> <span class='ocrx_word' id='word_1_388' title='bbox 681 4179 805 4234; x_wconf 88' lang='lat' dir='ltr'>sensum,</span> <span class='ocrx_word' id='word_1_389' title='bbox 821 4160 873 4218; x_wconf 89' lang='lat' dir='ltr'>sed</span> <span class='ocrx_word' id='word_1_390' title='bbox 886 4179 938 4238; x_wconf 89' lang='lat' dir='ltr'>per</span> <span class='ocrx_word' id='word_1_391' title='bbox 950 4159 1068 4218; x_wconf 86' lang='lat' dir='ltr'>tacitam</span> <span class='ocrx_word' id='word_1_392' title='bbox 1084 4159 1294 4219; x_wconf 88' lang='lat' dir='ltr'>restrictionem</span> 
     </span>
     <span class='ocr_line' id='line_1_42' title="bbox 103 4239 1295 4318; baseline 0.003 -23"><span class='ocrx_word' id='word_1_393' title='bbox 103 4246 144 4295; x_wconf 84' lang='lat' dir='ltr'>aut</span> <span class='ocrx_word' id='word_1_394' title='bbox 155 4239 430 4318; x_wconf 83' lang='lat' dir='ltr'>interpretationem,</span> <span class='ocrx_word' id='word_1_395' title='bbox 445 4261 531 4318; x_wconf 91' lang='lat' dir='ltr'>quam</span> <span class='ocrx_word' id='word_1_396' title='bbox 546 4241 602 4300; x_wconf 91' lang='lat' dir='ltr'>sibi</span> <span class='ocrx_word' id='word_1_397' title='bbox 614 4240 646 4298; x_wconf 92' lang='lat' dir='ltr'>in</span> <span class='ocrx_word' id='word_1_398' title='bbox 659 4247 755 4299; x_wconf 88' lang='lat' dir='ltr'>mente</span> <span class='ocrx_word' id='word_1_399' title='bbox 768 4248 904 4314; x_wconf 84' lang='lat' dir='ltr'>reservat,</span> <span class='ocrx_word' id='word_1_400' title='bbox 920 4239 951 4297; x_wconf 92' lang='lat' dir='ltr'>in</span> <span class='ocrx_word' id='word_1_401' title='bbox 965 4239 1053 4298; x_wconf 86' lang='lat' dir='ltr'>alium</span> <span class='ocrx_word' id='word_1_402' title='bbox 1064 4247 1295 4298; x_wconf 86' lang='lat' dir='ltr'>commutantur:</span> 
     </span>
     <span class='ocr_line' id='line_1_43' title="bbox 102 4317 1297 4398; baseline -0.004 -17"><span class='ocrx_word' id='word_1_403' title='bbox 102 4332 150 4389; x_wconf 74' lang='lat'>(111⁰</span> <span class='ocrx_word' id='word_1_404' title='bbox 168 4321 296 4396; x_wconf 83' lang='lat' dir='ltr'>pertinet</span> <span class='ocrx_word' id='word_1_405' title='bbox 319 4319 469 4378; x_wconf 83' lang='lat' dir='ltr'>Francisci</span> <span class='ocrx_word' id='word_1_406' title='bbox 490 4319 598 4380; x_wconf 84' lang='lat' dir='ltr'>Assisii</span> <span class='ocrx_word' id='word_1_407' title='bbox 619 4339 798 4398; x_wconf 87' lang='lat' dir='ltr'>responsum,</span> <span class='ocrx_word' id='word_1_408' title='bbox 817 4319 868 4396; x_wconf 92' lang='lat' dir='ltr'>qui</span> <span class='ocrx_word' id='word_1_409' title='bbox 889 4327 1017 4396; x_wconf 83' lang='lat' dir='ltr'>rogatus,</span> <span class='ocrx_word' id='word_1_410' title='bbox 1040 4339 1098 4398; x_wconf 87' lang='lat' dir='ltr'>qus</span> <span class='ocrx_word' id='word_1_411' title='bbox 1119 4317 1297 4396; x_wconf 81' lang='lat' dir='ltr'>perrexisset</span> 
     </span>
     <span class='ocr_line' id='line_1_44' title="bbox 101 4395 1294 4478; baseline -0.003 -24"><span class='ocrx_word' id='word_1_412' title='bbox 101 4397 207 4468; x_wconf 83' lang='lat' dir='ltr'>quidam</span> <span class='ocrx_word' id='word_1_413' title='bbox 220 4397 379 4474; x_wconf 84' lang='lat' dir='ltr'>homicida,</span> <span class='ocrx_word' id='word_1_414' title='bbox 395 4399 444 4475; x_wconf 90' lang='lat' dir='ltr'>qui</span> <span class='ocrx_word' id='word_1_415' title='bbox 454 4400 542 4478; x_wconf 85' lang='lat' dir='ltr'>juxta</span> <span class='ocrx_word' id='word_1_416' title='bbox 555 4419 622 4459; x_wconf 90' lang='lat' dir='ltr'>eum</span> <span class='ocrx_word' id='word_1_417' title='bbox 635 4399 796 4473; x_wconf 81' lang='lat' dir='ltr'>transierat,</span> <span class='ocrx_word' id='word_1_418' title='bbox 818 4417 920 4458; x_wconf 88' lang='lat' dir='ltr'>manus</span> <span class='ocrx_word' id='word_1_419' title='bbox 934 4399 965 4456; x_wconf 91' lang='lat' dir='ltr'>in</span> <span class='ocrx_word' id='word_1_420' title='bbox 978 4399 1106 4458; x_wconf 89' lang='lat' dir='ltr'>manicas</span> <span class='ocrx_word' id='word_1_421' title='bbox 1126 4395 1294 4469; x_wconf 77' lang='lat' dir='ltr'>immittens,</span> 
     </span>
     <span class='ocr_line' id='line_1_45' title="bbox 103 4472 1294 4556; baseline -0.003 -19"><span class='ocrx_word' id='word_1_422' title='bbox 103 4478 248 4554; x_wconf 70' lang='lat' dir='ltr'>mpondis,</span> <span class='ocrx_word' id='word_1_423' title='bbox 262 4498 324 4537; x_wconf 87' lang='lat' dir='ltr'>non</span> <span class='ocrx_word' id='word_1_424' title='bbox 337 4479 475 4538; x_wconf 69' lang='lat' dir='ltr'>manneae</span> <span class='ocrx_word' id='word_1_425' title='bbox 489 4479 565 4556; x_wconf 85' lang='lat' dir='ltr'>illac,</span> <span class='ocrx_word' id='word_1_426' title='bbox 579 4479 755 4556; x_wconf 84' lang='lat' dir='ltr'>intelligens,</span> <span class='ocrx_word' id='word_1_427' title='bbox 771 4498 830 4536; x_wconf 92' lang='lat' dir='ltr'>non</span> <span class='ocrx_word' id='word_1_428' title='bbox 843 4478 981 4538; x_wconf 70' lang='lat' dir='ltr'>mensim</span> <span class='ocrx_word' id='word_1_429' title='bbox 995 4498 1047 4556; x_wconf 87' lang='lat' dir='ltr'>per</span> <span class='ocrx_word' id='word_1_430' title='bbox 1060 4477 1126 4534; x_wconf 90' lang='lat' dir='ltr'>illas</span> <span class='ocrx_word' id='word_1_431' title='bbox 1146 4472 1294 4530; x_wconf 70' lang='lat' dir='ltr'>manicas:</span> 
     </span>
    </p>
   </div>
   <div class='ocr_carea' id='block_1_9' title="bbox 102 4549 1294 4718">
    <p class='ocr_par' dir='ltr' id='par_1_13' title="bbox 102 4549 1294 4718">
     <span class='ocr_line' id='line_1_46' title="bbox 102 4549 1293 4641; baseline -0.013 -21"><span class='ocrx_word' id='word_1_432' title='bbox 102 4549 157 4616; x_wconf 78' lang='lat' dir='ltr'>Hoc</span> <span class='ocrx_word' id='word_1_433' title='bbox 169 4559 257 4618; x_wconf 85' lang='lat' dir='ltr'>modo</span> <span class='ocrx_word' id='word_1_434' title='bbox 272 4559 401 4632; x_wconf 78' lang='lat' dir='ltr'>Jcsuttas</span> <span class='ocrx_word' id='word_1_435' title='bbox 414 4557 541 4636; x_wconf 89' lang='lat' dir='ltr'>plerique</span> <span class='ocrx_word' id='word_1_436' title='bbox 562 4566 702 4633; x_wconf 86' lang='lat' dir='ltr'>statuunt,</span> <span class='ocrx_word' id='word_1_437' title='bbox 719 4558 905 4618; x_wconf 82' lang='lat' dir='ltr'>Sacerdotem</span> <span class='ocrx_word' id='word_1_438' title='bbox 917 4566 1060 4636; x_wconf 78' lang='lat' dir='ltr'>rogatum,</span> <span class='ocrx_word' id='word_1_439' title='bbox 1075 4552 1126 4611; x_wconf 82' lang='lat' dir='ltr'>An</span> <span class='ocrx_word' id='word_1_440' title='bbox 1140 4551 1178 4609; x_wconf 88' lang='lat' dir='ltr'>sit</span> <span class='ocrx_word' id='word_1_441' title='bbox 1194 4549 1293 4641; x_wconf 75' lang='lat' dir='ltr'>Sacer·</span> 
     </span>
     <span class='ocr_line' id='line_1_47' title="bbox 103 4629 1294 4718; baseline -0.012 -18"><span class='ocrx_word' id='word_1_442' title='bbox 103 4629 153 4714; x_wconf 66' lang='lat' dir='ltr'>dos</span> <span class='ocrx_word' id='word_1_443' title='bbox 167 4638 193 4698; x_wconf 88' lang='lat' dir='ltr'>si</span> <span class='ocrx_word' id='word_1_444' title='bbox 206 4639 256 4698; x_wconf 84' lang='lat' dir='ltr'>vel</span> <span class='ocrx_word' id='word_1_445' title='bbox 270 4657 290 4697; x_wconf 78' lang='lat' dir='ltr'>c</span> <span class='ocrx_word' id='word_1_446' title='bbox 304 4655 367 4696; x_wconf 88' lang='lat' dir='ltr'>non</span> <span class='ocrx_word' id='word_1_447' title='bbox 382 4636 513 4698; x_wconf 84' lang='lat' dir='ltr'>Juridico</span> <span class='ocrx_word' id='word_1_448' title='bbox 532 4647 660 4718; x_wconf 82' lang='lat' dir='ltr'>rogetur,</span> <span class='ocrx_word' id='word_1_449' title='bbox 674 4638 724 4699; x_wconf 79' lang='lat' dir='ltr'>vel</span> <span class='ocrx_word' id='word_1_450' title='bbox 744 4637 944 4698; x_wconf 74' lang='lat' dir='ltr'>rationabilem</span> <span class='ocrx_word' id='word_1_451' title='bbox 963 4636 1068 4695; x_wconf 86' lang='lat' dir='ltr'>habeat</span> <span class='ocrx_word' id='word_1_452' title='bbox 1089 4648 1204 4690; x_wconf 78' lang='lat' dir='ltr'>causam</span> <span class='ocrx_word' id='word_1_453' title='bbox 1219 4647 1294 4686; x_wconf 89' lang='lat' dir='ltr'>ven-</span> 
     </span>
    </p>
   </div>
   <div class='ocr_carea' id='block_1_10' title="bbox 0 0 1567 5198">
    <p class='ocr_par' dir='ltr' id='par_1_14' title="bbox 0 0 1567 5198">
     <span class='ocr_line' id='line_1_48' title="bbox 0 0 1567 5198; baseline 0 0"><span class='ocrx_word' id='word_1_454' title='bbox 0 0 1567 5198; x_wconf 95' lang='lat' dir='ltr'> </span> 
     </span>
    </p>
   </div>
   <div class='ocr_carea' id='block_1_11' title="bbox 203 1913 1412 2018">
    <p class='ocr_par' dir='ltr' id='par_1_15' title="bbox 203 1913 1412 2018">
     <span class='ocr_line' id='line_1_49' title="bbox 203 1913 1412 2018; baseline 0.007 -31"><span class='ocrx_word' id='word_1_455' title='bbox 203 1913 292 2018; x_wconf 51' lang='lat' dir='ltr'>9J⁸⁸⁸</span> <span class='ocrx_word' id='word_1_456' title='bbox 350 1930 441 2007; x_wconf 75' lang='lat' dir='ltr'>queri</span> <span class='ocrx_word' id='word_1_457' title='bbox 462 1928 498 1988; x_wconf 88' lang='lat' dir='ltr'>de</span> <span class='ocrx_word' id='word_1_458' title='bbox 512 1929 791 2008; x_wconf 82' lang='lat' dir='ltr'>AEqnivocstionum</span> <span class='ocrx_word' id='word_1_459' title='bbox 811 1949 864 1988; x_wconf 80' lang='lat' dir='ltr'>uso</span> <span class='ocrx_word' id='word_1_460' title='bbox 884 1931 1055 2004; x_wconf 55' lang='lat' dir='ltr'>Elector-iem</span> <span class='ocrx_word' id='word_1_461' title='bbox 1076 1930 1196 1991; x_wconf 74' lang='lat' dir='ltr'>Constat</span> <span class='ocrx_word' id='word_1_462' title='bbox 1216 1932 1293 1990; x_wconf 91' lang='lat' dir='ltr'>enim</span> <span class='ocrx_word' id='word_1_463' title='bbox 1410 1991 1412 1996; x_wconf 87' lang='lat'><em>.</em></span> 
     </span>
    </p>
   </div>
  </div>
 </body>
</html>
